<!DOCTYPE html>
<html lang="en"
data-analytics-brand = "rcss"
data-analytics-userstatus = "N"
data-analytics-server = ""
data-analytics-language = "en"
data-analytics-country = ""
data-analytics-custid = "71f385a0-d4f8-492e-85b3-0cc1dee024c5"
data-analytics-logintype = ""
data-analytics-pcinsiders="not pc insiders member"

    data-analytics-loyalty-legacy-memtype = "false"
    data-analytics-loyalty-memtype = "false"

data-loginSuccess = ""
data-noOfOrders = ""
data-editProfile = ""
data-uploadReceipt = ""
data-editPreference = ""
data-addCard = ""
data-editCard = ""
data-removeCard = ""
data-changePassword = ""
data-forgotPassword = ""
data-linkPcPlus = ""
data-createAccount = ""
data-latestcartstatus = ""
data-addCardCheckout =""
data-subnotesuccess = ""
data-applyPromoCode = ""
data-products-sku = ""
data-hasLiveCart = "false"
data-noOfCategories = ""
data-sitename = "Superstore"
data-siteId = "superstore"
data-issueCollectorsUrl = "https://jira.lblw.ca/s/478623bf643f7e9813fdb1c5086c5b55-T/qlcoyl/73011/bc7137f186d9ec9479024c04ce26dbda/2.0.23/_/download/batch/com.atlassian.jira.collector.plugin.jira-issue-collector-plugin:issuecollector/com.atlassian.jira.collector.plugin.jira-issue-collector-plugin:issuecollector.js?locale=en-US&collectorId=8d1ab74a"
data-checkoutregistrationsuccess = ""
data-currentbookedslot-start = ""
data-currentbookedslot-end = ""
data-recognisedCustomerAnalytics = ""
data-imageUrl = "https://assets.shop.loblaws.ca/ContentMedia/rcss"
data-cutoffminutes = ""
data-pickup-start-time = ""
data-orders-in-progress = "[]"
data-shopscan-in-progress = "false"
data-credit-card-about-to-expire = "false"
data-smartbannerauthor = "Loblaws Companies Limited"
data-smartbannerprice = "GET"
data-smartbannerinappstore = "On the App Store"
data-smartbannerbutton = "View"
data-add-to-cart-fail = "Could not add <a href='{{url}}'>{{product}}</a> to your Shopping Cart. <a href='#' class='refresh_page'>Click here to refresh the page</a>"
data-delete-fail="Could not add additional quantities of <a href='{{url}}'>{{product}}</a>. <a href='#' class='refresh_page'>Click here to refresh the page</a>"
data-plus-minus-fail="Could not delete <a href={{url}}'>{{product}}</a>. <a href='#' class='refresh_page'>Click here to refresh the page</a>"
data-recaptcha-sitekey = "6LdMaBEUAAAAAMN5V5tx8BZ39W0fZYH4ExTBg68h"
data-invisible-recaptcha-sitekey = "6LfLHyYUAAAAABklX6YlQnE63vaBH6nLIBXwntMS"
data-store-locator-v2="true"
data-is-redirect-from-pc-express="false"
data-orderNumber=""

>
<head >

		<meta charset="utf-8">
		<meta name="apple-itunes-app" content="app-id=1194066746, affiliate-data=ct=smart-app-banner&pt=1384326">
		<meta http-equiv="X-UA-Compatible" content="IE=edge,chrome=1">
		<meta name="google-site-verification" content="R9aTfqOuedssWWHwaj_MobIhlOtHBe5QqPoD2Q-MQMc">
		<link rel="shortcut icon" type="image/x-icon" media="all" href="https://assets.shop.loblaws.ca/ContentMedia/rcss/logos/64x64icon.ico" />

		<title>Potato Chips | Superstore</title>
		<!-- code to fetch meta description for content pages -->
		<meta name="keywords" content="">
		<meta name="description" content="Shop for Potato Chips at Superstore . Buy products such as Rip-L Chips online at Superstore">
		<meta name="format-detection" content="telephone=no">
		<meta name="viewport" content="width=device-width, user-scalable=no, initial-scale=1.0, minimum-scale=1.0">



		<!-- Superstore or Maxi fonts: Gotham, Gotham Narrow -->
			<link rel="stylesheet" type="text/css" href="//cloud.typography.com/6655154/632868/css/fonts.css" />
		<link rel="stylesheet" href="/media/stylesheets/superstore/main.css?c72ce6016bfa31441c7d598321cf5f1c" />
		<!--<![endif]-->


		<!-- block ie7/8/9 -->
		<!--[if lte IE 10]>
			<script type="text/javascript">
				var browserBlockPageUrl = "/unsupported-browser";
				// Skip this check if we are already on the destination page
	    		if (window.location.pathname != browserBlockPageUrl) {
	    			window.location.replace(browserBlockPageUrl);
	    		}
			</script>
		<![endif]-->

		<script type="text/javascript" async src="/media/javascripts/modernizr.js "></script>

		</head>

	<!--[if gt IE 8]><!-->
		<body itemscope itemtype="http://schema.org/Product"
			class="abtest-40560-hide abtest-40513-hide no-js page-productGrid pageType-CategoryPage template-pages-category-productGridPage  language-en "
			data-page-name="subcategory" data-anonymous-status="N"
			data-cart-delete-url="/cart/deleteItem"
			data-cart-change-url="/cart/update?CSRFToken=9af9e160-7d7f-4cdf-9627-4f0808aa8853"
			data-pricing-url="/cart/dynamic-price"
			data-header-flow-start-url="/booking/selectStore"
			data-cart-id="531001059037773"data-current-store-id="1523"
                data-current-timeslot='_'
            >
			<!--<![endif]-->
			<div id="loading-spinner-main" class="loading-spinner"></div>
			<!-- Begin Template: SiteHeader -->
			<input type="hidden" id="CSRFTokenField" value="9af9e160-7d7f-4cdf-9627-4f0808aa8853" />
			<div id="analyticsInformationHolder" class="hidden"></div>
			<script>
				var v = JSON.stringify({"livecartorderplaced":"live-cart|live-cart|live-cart|order-placed","quickshopfavorites":"quickshop|quickshop|quickshop|favorites","viewcart":"order|cart|cart|view-cart","loyaltlandingyclaimaccount":"pcoptimum|pcoptimum|pcoptimum|pcoptimum-claim-account","loyaltyonlineaccepted":"account|manage|manage|pcoptimum-online-accepted","forgotpassword":"account|manage|manage|forgot-password","readyforpickup":"live-cart|live-cart|live-cart|ready-pickup","checkoutcreateaccountconfirmation":"order|checkout|checkout|register-success","collections":"[business]|[business]|[business]|[category]","quickshopnofavourites":"quickshop|quickshop|quickshop|no-favourites","faq":"corp|corp|faq|faq","contenthub":"recipes|recipes|recipes|recipes-landing","loyaltyaccount":"account|manage|manage|pcoptimum-account","payment":"account|manage|manage|payment","addpaymentfailure":"account|manage|manage|add-payment-failure","subsubcategorylandingpage":"[business]|sub-sub-category|[category]|[sub-category]","quickshoppastorders":"quickshop|quickshop|quickshop|past-orders","deptlandingpagehome&lifestyle":"home&lifestyle|department|home&lifestyle|dept-landing","aboutus":"corp|corp|about|about","recipes":"recipes|recipes|recipes|[page]","errorpage":"error|error|error|errorpage","profile":"account|manage|manage|profile","orderlinkpcplusfailure":"account|manage|manage|order-link-pcplus-failure","cartreviewpage":"order|checkout|checkout|review","quickshopmostpurchased":"quickshop|quickshop|quickshop|most-purchased","addcreditcard":"order|checkout|checkout|add-credit-card","bogodealpage":"flyer-deals|deals|deals|[bogo-deal-name]","contentsearch":"recipes|recipes|recipes|search-results","storedetails":"corp|store-locator|store-detail|<store-name-or-id>","homepagepcplusfailure":"home|home|home|home-link-pcplus-failure","profilelinkpcplusfailure":"account|manage|manage|profile-link-pcplus-failure","homepageuploadreceiptfailure":"home|home|home|upload-receipt-failure","shoppableflyer":"flyer-deals|flyer|flyer|shoppable-flyer","createaccount":"account|register|register|create-account","profileeditpcplusfailure":"account|manage|manage|profile-edit-pcplus-failure","greetinglinkpcplusfailure":"account|manage|manage|greeting-link-pcplus-failure","pdppage":"[section]|pdp|meat|[item-name]","guidingstarspage":"wellness|wellness|wellness|guidingstarspage","ordercancel":"live-cart|live-cart|live-cart|order-cancelled","subcategorylandingpage":"[business]|sub-category|[category]|[categorytitle]","errorPage500":"error|error|error|errorpage-500","noweeklyflyer":"flyer-deals|deals|deals|no-weekly-flyer","termsuse":"corp|corp|terms-of-use|terms-of-use","quickshopbyaisle":"quickshop|quickshop|quickshop|by-aisle","loyaltynewhouseholdaccount":"account|manage|manage|pcoptimum-new-household-account","shoppinglistdetails":"lists|lists|user-custom-shopping-list-name|shopping-list-details","loyaltylandingnoclaimaccount":"pcoptimum|pcoptimum|pcoptimum|pcoptimum-no-claim-account","categorylandingpage":"[business]|category|[category]|[categorytitle]","login":"account|login|login|login","preferences-failure":"account|manage|manage|preferences-failure","profileeditfailure":"account|manage|manage|profile-edit-failure","checkoutregistrationsuccess":"order|checkout|checkout|register-failure","pcplusoffers":"pcplus|pcplus-offers|pcplus-offers|pcplus-offers","changepasswordfailure":"account|manage|manage|change-password-failure","storelocator":"corp|store-locator|store-locator|store-locator-landing","prepareorder":"live-cart|live-cart|live-cart|prep-order","addcreditcardFailure":"order|checkout|checkout|add-credit-card-failure","createaccountfailure":"account|register|register|create-account-failure","preferences":"account|manage|manage|preferences","loyaltyanonymous":"pcoptimum|pcoptimum|pcoptimum|pcoptimum-anonymous","loyaltylandingconversionenroll":"pcoptimum|pcoptimum|pcoptimum|pcoptimum-enroll-accepted","orderhistorycancelledorder":"account|manage|manage|order-history-cancelled-order","deptlandingpagefood":"food|department|food|dept-landing","deptinstorelandingpage":"[business]|in-store-only-category|[category]|dept-landing","onestepcheckout":"order|checkout|checkout|onestepcheckout","pcpluspage":"flyer-deals|deals|deals|[pcplus-deal-name]","loyaltymyoffers":"pcoptimum|pcoptimum|offers|my-offers","deptlandingpage":"[business]|department|[business]|dept-landing","changepasswordcomplete":"account|manage|manage|change-password-complete","loyaltylandingonlineaccepted":"pcoptimum|pcoptimum|pcoptimum|pcoptimum-online-accepted","dealssearchresult":"flyer-deals|deals|deals|deals-search-result","pcpluslogin":"pcplus|pcplus-offers|pcplus-offers|pcplus-login","loyaltymyofferslist":"pcoptimum|pcoptimum|offers|my-offers-list","almostdone":"order|checkout|checkout|almost-done","quickview":" [section]|quickview|[subsubsection]|[item-name]","pcoerrorpage":"pcoptimum|pcoptimum|pcoptimum|errorpage","confirmcartcancellation":"order|cart|cart|confirm-cart-cancellation","orderhistorydetailsnoorder":"account|manage|manage|order-history-details-no-order","emptycart":"order|cart|cart|view-empty-cart","orderhistory":"account|manage|manage|order-history","checkoutregistration":"order|checkout|checkout|register","searchfailure":"search|search|search|search-failure","loyaltyofferdetailpage":"pcoptimum|pcoptimum|offers|offer-detail-page","recipecollection":"recipes|recipes|recipes|search-results","editpayment":"account|manage|manage|edit-payment","editpaymentfailure":"account|manage|manage|edit-payment-failure","loyaltylandingnewaccount":"pcoptimum|pcoptimum|pcoptimum|pcoptimum-new-account","placeorder":"order|checkout|checkout|place-order","dealsandremainder":"order|checkout|checkout|deals-reminders","loyaltylandingconversioninstore":"pcoptimum|pcoptimum|pcoptimum|pcoptimum-instore-accepted","thankyou":"order|checkout|checkout|thank-you","dealsnosearchresult":"flyer-deals|deals|deals|deals-no-search-result","loyaltynoclaimaccount":"account|manage|manage|pcoptimum-no-claim-account","createaccountconfirmation":"account|register|register|create-account-confirmation","weeklyflyer":"flyer-deals|flyer|flyer|flyer-landing","orderhistorydetails":"account|manage|manage|order-history-details","searchsuccess":"search|search|search|search-success","loyaltyinstoreaccepted":"account|manage|manage|pcoptimum-instore-accepted","refer-a-friend":"referrals|referrals|referrals|refer-a-friend","loginfailure":"account|login|login|login-failure","samepromo":"flyer-deals|deals|deals|[same-promo-name]","substitutionsandnotes":"order|checkout|checkout|subs-notes","contactus":"corp|corp|about|contactus","userlist":"my-shop|my-shop|my-shop|my-lists","schedulerpage":"locator-scheduler|locator-scheduler|locator-scheduler|scheduler","loyaltyclaimaccount":"account|manage|manage|pcoptimum-claim-account","cartstarterresult":"order|cart|cart|cart-starter-result","homepagenewuser":"home|home|home|home-new-user","paymentnocard":"account|manage|manage|payment-no-card","errorPage404":"error|error|error|errorpage-404","alternatesearchfailure":"search|search|search|alternate-search-failure","choosestore":"locator-scheduler|locator-scheduler|locator-scheduler|choose-store","easterpage":"easter|easter|easter|easterpage","errorpages":"error-page|error-page|404-error|[url]","mixnmatchdealpage":"flyer-deals|deals|deals|[mix-n-match-deal-name]","checkout":"order|checkout|checkout|checkout","cartstarter":"cart-starter|cart-starter|cart-starter|cart-starter-landing","changepassword":"account|manage|manage|change-password","privacypolicy":"corp|corp|privacy-policy|privacy-policy","addpayment":"account|manage|manage|add-payment","homepagereturninguser":"home|home|home|home-returning-user","accountsync":"account|login|login|account-sync","loyaltyenrollaccepted":"account|manage|manage|pcoptimum-enroll-accepted","loyaltylandingloyaltyaccount":"pcoptimum|pcoptimum|pcoptimum|pcoptimum-account","stickycheckoutfailure":"order|checkout|checkout|sticky-checkout-link-pcplus-failure","alldeals":"flyer-deals|deals|deals|all-deals-landing","loyaltycreateaccount":"account|manage|manage|pcoptimum-create-account","updatepassword":"account|manage|manage|update-password","quickshoponeorder":"quickshop|quickshop|quickshop|one-order","superstoriespage":"superstories|superstories|superstories|superstoriespage","quickshopnewuser":"quickshop|quickshop|quickshop|new-user","loyaltylandingnewhouseholdaccount":"pcoptimum|pcoptimum|pcoptimum|pcoptimum-new-household-account","uploadreceiptfailure":"account|manage|manage|upload-receipt-failure","savedrecipespage":"my-shop|my-shop|my-shop|saved-recipes","alternatesearchsuccess":"search|search|search|alternate-search-success","cartstartercreatelist":"cart-starter|cart-starter|cart-starter|cart-starter-create-list","forgotpasswordfailure":"account|manage|manage|forgot-password-failure","forms":"[business]|home|home|form","homepage":"home|home|home|homepage"});
				document.getElementById('analyticsInformationHolder').setAttribute('data-analytics-information', v);
			</script>












	<div class="visible-sm visible-md">

	</div>
	<div class="module-small-navigation mobile-menu container visible-sm visible-md">
		<div class="row row-fix">
			<div class="small-navigation">
				<!--Information Bar-->
				<div class="quick-nav container">
					<div class="row row-fix">



							<a class="account-menu" href="/account/landing">
								<span class="icon-account"></span>
								<div class="menu-copy">
									<p>My Account</p>
								</div>
							</a>



								<div class="store-menu trigger-store-selector-modal" data-header-flow-url="/booking/selectStore?CSRFToken=9af9e160-7d7f-4cdf-9627-4f0808aa8853">
									<span class="icon-map-marker"></span>
									<div class="menu-copy">
										Chilliwack - ONE HOUR SLOTS NOW AVAILABLE
									</div>
								</div>




							<div class="pickup-menu trigger-store-selector-modal" data-header-flow-url="/booking/showTimeSlots?CSRFToken=9af9e160-7d7f-4cdf-9627-4f0808aa8853">
								<span class="icon-clock-filled"></span>
								<div class="menu-copy">




													Select a Timeslot






								</div>
							</div>

					</div>
				</div>

				<!--Primary Navigation-->
				<div class="small-primary-navigation">

						<h3>My Shop</h3>

<ul class="primary-nav MyFavouritesMobileComponent" role="menubar">
	<li class="nav-item listener-clickoutside "  data-auid = "mobile-quickshop-mobile">
	                            <a class="nav-item-link " href="/quickshop">
	                                        Quick Shop</a>
	                                </li>
						<li class="nav-item listener-clickoutside "  data-auid = "mobile-loyalty-mobile">
	                            <a class="nav-item-link " href="/loyalty">
	                                        PC Optimum</a>
	                                </li>
						<li class="nav-item listener-clickoutside "  data-auid = "mobile-shopping-list-mobile">
	                            <a class="nav-item-link " href="/lists">
	                                        Shopping List</a>
	                                </li>
						</ul>

						<h3>Browse</h3>

<ul class="primary-nav BrowseMobileComponent" role="menubar">
	<li class="nav-item listener-clickoutside has-sub-nav"  data-auid = "mobile-food">
	                            <button class="nav-item-link more">
	                                            Food<span class="more-indicator"></span>
	                                                </button>
	                                    <span class="icon-arrow-down"></span>
	                                    <ul class="sub-nav-links" aria-hidden="true">
    <li data-level="1" class="more"
	role="menuitem" >

	<a class="sub-nav-link" href="/Food/Holiday/c/RCSS002014000000" tabIndex="-1"  data-auid = "mobile-holiday">
			Holiday<span class="more-indicator"></span>
			</a>
	<ul class="sub-nav-links" aria-hidden="true">
    <li class="last see-all" role="menuitem" data-level="2" data-auid = "mobile-holiday">
			<a class="see-all-link" href="/Food/Holiday/c/RCSS002014000000" tabIndex="-1">
				See all products</a>
		</li>
	<li data-level="2" class="more"
	role="menuitem" >

	<a class="sub-nav-link" href="/Food/Holiday/Christmas-D%C3%A9cor/c/RCSS015001000000" tabIndex="-1"  data-auid = "mobile-christmas-décor">
			Christmas Décor<span class="more-indicator"></span>
			</a>
	<ul class="sub-nav-links" aria-hidden="true">
    <li class="last see-all" role="menuitem" data-level="3" data-auid = "mobile-christmas-décor">
			<a class="see-all-link" href="/Food/Holiday/Christmas-D%C3%A9cor/c/RCSS015001000000" tabIndex="-1">
				See all products</a>
		</li>
	<li data-level="3" class=""
	role="menuitem" >

	<a class="sub-nav-link" href="/Food/Holiday/Christmas-D%C3%A9cor/Ornaments/c/RCSS015001001000" tabIndex="-1"  data-auid = "mobile-ornaments">
			Ornaments</a>
	</li><li data-level="3" class=""
	role="menuitem" >

	<a class="sub-nav-link" href="/Food/Holiday/Christmas-D%C3%A9cor/Trees/c/RCSS015001002000" tabIndex="-1"  data-auid = "mobile-trees">
			Trees</a>
	</li><li data-level="3" class=""
	role="menuitem" >

	<a class="sub-nav-link" href="/Food/Holiday/Christmas-D%C3%A9cor/Home-D%C3%A9cor/c/RCSS015001003000" tabIndex="-1"  data-auid = "mobile-home-décor">
			Home Décor</a>
	</li><li data-level="3" class=""
	role="menuitem" >

	<a class="sub-nav-link" href="/Food/Holiday/Christmas-D%C3%A9cor/Stockings-%26-Wreaths/c/RCSS015001004000" tabIndex="-1"  data-auid = "mobile-stockings-and-wreaths">
			Stockings & Wreaths</a>
	</li><li data-level="3" class=""
	role="menuitem" >

	<a class="sub-nav-link" href="/Food/Holiday/Christmas-D%C3%A9cor/Indoor-Christmas-Lights/c/RCSS015001005002" tabIndex="-1"  data-auid = "mobile-indoor-christmas-lights">
			Indoor Christmas Lights</a>
	</li><li data-level="3" class=""
	role="menuitem" >

	<a class="sub-nav-link" href="/Food/Holiday/Christmas-D%C3%A9cor/Wrap/c/RCSS015001006000" tabIndex="-1"  data-auid = "mobile-wrap">
			Wrap</a>
	</li><li data-level="3" class=""
	role="menuitem" >

	<a class="sub-nav-link" href="/Food/Holiday/Christmas-D%C3%A9cor/Crackers/c/RCSS015001009000" tabIndex="-1"  data-auid = "mobile-crackers">
			Crackers</a>
	</li><li data-level="3" class=""
	role="menuitem" >

	<a class="sub-nav-link" href="/Food/Holiday/Christmas-D%C3%A9cor/Garland/c/RCSS015001010000" tabIndex="-1"  data-auid = "mobile-garland">
			Garland</a>
	</li></ul>
</li><li data-level="2" class="more"
	role="menuitem" >

	<a class="sub-nav-link" href="/Food/Holiday/Entertaining-Ware/c/RCSS002014001000" tabIndex="-1"  data-auid = "mobile-entertaining-ware">
			Entertaining Ware<span class="more-indicator"></span>
			</a>
	<ul class="sub-nav-links" aria-hidden="true">
    <li class="last see-all" role="menuitem" data-level="3" data-auid = "mobile-entertaining-ware">
			<a class="see-all-link" href="/Food/Holiday/Entertaining-Ware/c/RCSS002014001000" tabIndex="-1">
				See all products</a>
		</li>
	<li data-level="3" class=""
	role="menuitem" >

	<a class="sub-nav-link" href="/Food/Holiday/Entertaining-Ware/Serveware/c/RCSS002014001005" tabIndex="-1"  data-auid = "mobile-serveware">
			Serveware</a>
	</li><li data-level="3" class=""
	role="menuitem" >

	<a class="sub-nav-link" href="/Food/Holiday/Entertaining-Ware/Glassware/c/RCSS002014001003" tabIndex="-1"  data-auid = "mobile-glassware">
			Glassware</a>
	</li><li data-level="3" class=""
	role="menuitem" >

	<a class="sub-nav-link" href="/Food/Holiday/Entertaining-Ware/Tableware/c/RCSS002014001004" tabIndex="-1"  data-auid = "mobile-tableware">
			Tableware</a>
	</li><li data-level="3" class=""
	role="menuitem" >

	<a class="sub-nav-link" href="/Food/Holiday/Entertaining-Ware/Cookware-%26-Bakeware/c/RCSS002014001001" tabIndex="-1"  data-auid = "mobile-cookware-and-bakeware">
			Cookware & Bakeware</a>
	</li><li data-level="3" class=""
	role="menuitem" >

	<a class="sub-nav-link" href="/Food/Holiday/Entertaining-Ware/Kitchen-Linens/c/RCSS002014001002" tabIndex="-1"  data-auid = "mobile-kitchen-linens">
			Kitchen Linens</a>
	</li></ul>
</li><li data-level="2" class="more"
	role="menuitem" >

	<a class="sub-nav-link" href="/Food/Holiday/Appetizers/c/RCSS002014002000" tabIndex="-1"  data-auid = "mobile-appetizers">
			Appetizers<span class="more-indicator"></span>
			</a>
	<ul class="sub-nav-links" aria-hidden="true">
    <li class="last see-all" role="menuitem" data-level="3" data-auid = "mobile-appetizers">
			<a class="see-all-link" href="/Food/Holiday/Appetizers/c/RCSS002014002000" tabIndex="-1">
				See all products</a>
		</li>
	<li data-level="3" class=""
	role="menuitem" >

	<a class="sub-nav-link" href="/Food/Holiday/Appetizers/Chips-%26-Dips/c/RCSS002014002001" tabIndex="-1"  data-auid = "mobile-chips-and-dips">
			Chips & Dips</a>
	</li><li data-level="3" class=""
	role="menuitem" >

	<a class="sub-nav-link" href="/Food/Holiday/Appetizers/Party-Trays/c/RCSS002014002002" tabIndex="-1"  data-auid = "mobile-party-trays">
			Party Trays</a>
	</li><li data-level="3" class=""
	role="menuitem" >

	<a class="sub-nav-link" href="/Food/Holiday/Appetizers/Hot-Apps/c/RCSS002014002003" tabIndex="-1"  data-auid = "mobile-hot-apps">
			Hot Apps</a>
	</li></ul>
</li><li data-level="2" class="more"
	role="menuitem" >

	<a class="sub-nav-link" href="/Food/Holiday/Charcuterie-Board/c/RCSS002014003000" tabIndex="-1"  data-auid = "mobile-charcuterie-board">
			Charcuterie Board<span class="more-indicator"></span>
			</a>
	<ul class="sub-nav-links" aria-hidden="true">
    <li class="last see-all" role="menuitem" data-level="3" data-auid = "mobile-charcuterie-board">
			<a class="see-all-link" href="/Food/Holiday/Charcuterie-Board/c/RCSS002014003000" tabIndex="-1">
				See all products</a>
		</li>
	<li data-level="3" class=""
	role="menuitem" >

	<a class="sub-nav-link" href="/Food/Holiday/Charcuterie-Board/Cured-Meats-%26-Salami/c/RCSS002014003001" tabIndex="-1"  data-auid = "mobile-cured-meats-and-salami">
			Cured Meats & Salami</a>
	</li><li data-level="3" class=""
	role="menuitem" >

	<a class="sub-nav-link" href="/Food/Holiday/Charcuterie-Board/Cheese/c/RCSS002014003002" tabIndex="-1"  data-auid = "mobile-cheese">
			Cheese</a>
	</li><li data-level="3" class=""
	role="menuitem" >

	<a class="sub-nav-link" href="/Food/Holiday/Charcuterie-Board/Something-Pickled/c/RCSS002014003003" tabIndex="-1"  data-auid = "mobile-something-pickled">
			Something Pickled</a>
	</li><li data-level="3" class=""
	role="menuitem" >

	<a class="sub-nav-link" href="/Food/Holiday/Charcuterie-Board/Dips-%26-Spreads/c/RCSS002014003004" tabIndex="-1"  data-auid = "mobile-dips-and-spreads">
			Dips & Spreads</a>
	</li><li data-level="3" class=""
	role="menuitem" >

	<a class="sub-nav-link" href="/Food/Holiday/Charcuterie-Board/Fruits-%26-Nuts/c/RCSS002014003005" tabIndex="-1"  data-auid = "mobile-fruits-and-nuts">
			Fruits & Nuts</a>
	</li><li data-level="3" class=""
	role="menuitem" >

	<a class="sub-nav-link" href="/Food/Holiday/Charcuterie-Board/Serveware/c/RCSS002014003006" tabIndex="-1"  data-auid = "mobile-serveware">
			Serveware</a>
	</li></ul>
</li><li data-level="2" class="more"
	role="menuitem" >

	<a class="sub-nav-link" href="/Food/Holiday/Turkey-%26-Main/c/RCSS002014004000" tabIndex="-1"  data-auid = "mobile-turkey-and-main">
			Turkey & Main<span class="more-indicator"></span>
			</a>
	<ul class="sub-nav-links" aria-hidden="true">
    <li class="last see-all" role="menuitem" data-level="3" data-auid = "mobile-turkey-and-main">
			<a class="see-all-link" href="/Food/Holiday/Turkey-%26-Main/c/RCSS002014004000" tabIndex="-1">
				See all products</a>
		</li>
	<li data-level="3" class=""
	role="menuitem" >

	<a class="sub-nav-link" href="/Food/Holiday/Turkey-%26-Main/Turkey-%26-Chicken/c/RCSS002014004001" tabIndex="-1"  data-auid = "mobile-turkey-and-chicken">
			Turkey & Chicken</a>
	</li><li data-level="3" class=""
	role="menuitem" >

	<a class="sub-nav-link" href="/Food/Holiday/Turkey-%26-Main/Beef-%26-Veal/c/RCSS002014004002" tabIndex="-1"  data-auid = "mobile-beef-and-veal">
			Beef & Veal</a>
	</li><li data-level="3" class=""
	role="menuitem" >

	<a class="sub-nav-link" href="/Food/Holiday/Turkey-%26-Main/Fish-%26-Seafood/c/RCSS002014004005" tabIndex="-1"  data-auid = "mobile-fish-and-seafood">
			Fish & Seafood</a>
	</li><li data-level="3" class=""
	role="menuitem" >

	<a class="sub-nav-link" href="/Food/Holiday/Turkey-%26-Main/Lamb-%26-Exotic/c/RCSS002014004004" tabIndex="-1"  data-auid = "mobile-lamb-and-exotic">
			Lamb & Exotic</a>
	</li><li data-level="3" class=""
	role="menuitem" >

	<a class="sub-nav-link" href="/Food/Holiday/Turkey-%26-Main/Pork-%26-Ham/c/RCSS002014004003" tabIndex="-1"  data-auid = "mobile-pork-and-ham">
			Pork & Ham</a>
	</li><li data-level="3" class=""
	role="menuitem" >

	<a class="sub-nav-link" href="/Food/Holiday/Turkey-%26-Main/Sides/c/RCSS002014004007" tabIndex="-1"  data-auid = "mobile-sides">
			Sides</a>
	</li><li data-level="3" class=""
	role="menuitem" >

	<a class="sub-nav-link" href="/Food/Holiday/Turkey-%26-Main/Sauce-%26-Spices/c/RCSS002014004006" tabIndex="-1"  data-auid = "mobile-sauce-and-spices">
			Sauce & Spices</a>
	</li></ul>
</li><li data-level="2" class="more"
	role="menuitem" >

	<a class="sub-nav-link" href="/Food/Holiday/Chocolates-%26-Desserts/c/RCSS002014005000" tabIndex="-1"  data-auid = "mobile-chocolates-and-desserts">
			Chocolates & Desserts<span class="more-indicator"></span>
			</a>
	<ul class="sub-nav-links" aria-hidden="true">
    <li class="last see-all" role="menuitem" data-level="3" data-auid = "mobile-chocolates-and-desserts">
			<a class="see-all-link" href="/Food/Holiday/Chocolates-%26-Desserts/c/RCSS002014005000" tabIndex="-1">
				See all products</a>
		</li>
	<li data-level="3" class=""
	role="menuitem" >

	<a class="sub-nav-link" href="/Food/Holiday/Chocolates-%26-Desserts/Cakes-%26-Puddings/c/RCSS002014005002" tabIndex="-1"  data-auid = "mobile-cakes-and-puddings">
			Cakes & Puddings</a>
	</li><li data-level="3" class=""
	role="menuitem" >

	<a class="sub-nav-link" href="/Food/Holiday/Chocolates-%26-Desserts/Chocolates-%26-Candies/c/RCSS002014005004" tabIndex="-1"  data-auid = "mobile-chocolates-and-candies">
			Chocolates & Candies</a>
	</li><li data-level="3" class=""
	role="menuitem" >

	<a class="sub-nav-link" href="/Food/Holiday/Chocolates-%26-Desserts/Gingerbread-%26-Pies/c/RCSS002014005001" tabIndex="-1"  data-auid = "mobile-gingerbread-and-pies">
			Gingerbread & Pies</a>
	</li><li data-level="3" class=""
	role="menuitem" >

	<a class="sub-nav-link" href="/Food/Holiday/Chocolates-%26-Desserts/Cookies-%26-Biscuits/c/RCSS002014005003" tabIndex="-1"  data-auid = "mobile-cookies-and-biscuits">
			Cookies & Biscuits</a>
	</li></ul>
</li><li data-level="2" class="more"
	role="menuitem" >

	<a class="sub-nav-link" href="/Food/Holiday/Drinks/c/RCSS002014006000" tabIndex="-1"  data-auid = "mobile-drinks">
			Drinks<span class="more-indicator"></span>
			</a>
	<ul class="sub-nav-links" aria-hidden="true">
    <li class="last see-all" role="menuitem" data-level="3" data-auid = "mobile-drinks">
			<a class="see-all-link" href="/Food/Holiday/Drinks/c/RCSS002014006000" tabIndex="-1">
				See all products</a>
		</li>
	<li data-level="3" class=""
	role="menuitem" >

	<a class="sub-nav-link" href="/Food/Holiday/Drinks/Soft-Drinks/c/RCSS002014006003" tabIndex="-1"  data-auid = "mobile-soft-drinks">
			Soft Drinks</a>
	</li><li data-level="3" class=""
	role="menuitem" >

	<a class="sub-nav-link" href="/Food/Holiday/Drinks/Eggnogs/c/RCSS002014006001" tabIndex="-1"  data-auid = "mobile-eggnogs">
			Eggnogs</a>
	</li><li data-level="3" class=""
	role="menuitem" >

	<a class="sub-nav-link" href="/Food/Holiday/Drinks/Water/c/RCSS002014006005" tabIndex="-1"  data-auid = "mobile-water">
			Water</a>
	</li><li data-level="3" class=""
	role="menuitem" >

	<a class="sub-nav-link" href="/Food/Holiday/Drinks/Coffee-%26-Tea/c/RCSS002014006004" tabIndex="-1"  data-auid = "mobile-coffee-and-tea">
			Coffee & Tea</a>
	</li><li data-level="3" class=""
	role="menuitem" >

	<a class="sub-nav-link" href="/Food/Holiday/Drinks/Juices/c/RCSS002014006002" tabIndex="-1"  data-auid = "mobile-juices">
			Juices</a>
	</li></ul>
</li><li data-level="2" class="more"
	role="menuitem" >

	<a class="sub-nav-link" href="/Food/Holiday/Gifts/c/RCSS002014007000" tabIndex="-1"  data-auid = "mobile-gifts">
			Gifts<span class="more-indicator"></span>
			</a>
	<ul class="sub-nav-links" aria-hidden="true">
    <li class="last see-all" role="menuitem" data-level="3" data-auid = "mobile-gifts">
			<a class="see-all-link" href="/Food/Holiday/Gifts/c/RCSS002014007000" tabIndex="-1">
				See all products</a>
		</li>
	<li data-level="3" class=""
	role="menuitem" >

	<a class="sub-nav-link" href="/Food/Holiday/Gifts/Gift-For-Her/c/RCSS002014007002" tabIndex="-1"  data-auid = "mobile-gift-for-her">
			Gift For Her</a>
	</li><li data-level="3" class=""
	role="menuitem" >

	<a class="sub-nav-link" href="/Food/Holiday/Gifts/Gift-For-Him/c/RCSS002014007003" tabIndex="-1"  data-auid = "mobile-gift-for-him">
			Gift For Him</a>
	</li><li data-level="3" class=""
	role="menuitem" >

	<a class="sub-nav-link" href="/Food/Holiday/Gifts/Gift-For-Kid-%26-Toys/c/RCSS002014007001" tabIndex="-1"  data-auid = "mobile-gift-for-kid-and-toys">
			Gift For Kid & Toys</a>
	</li><li data-level="3" class=""
	role="menuitem" >

	<a class="sub-nav-link" href="/Food/Holiday/Gifts/Flowers/c/RCSS002014007004" tabIndex="-1"  data-auid = "mobile-flowers">
			Flowers</a>
	</li><li data-level="3" class=""
	role="menuitem" >

	<a class="sub-nav-link" href="/Food/Holiday/Gifts/Holiday-Personal-Care/c/RCSS002014007005NAV" tabIndex="-1"  data-auid = "mobile-holiday-personal-care">
			Holiday Personal Care</a>
	</li></ul>
</li></ul>
</li><li data-level="1" class="more"
	role="menuitem" >

	<a class="sub-nav-link" href="/Food/Fruits-%26-Vegetables/c/RCSS001001000000" tabIndex="-1"  data-auid = "mobile-fruits-and-vegetables">
			Fruits & Vegetables<span class="more-indicator"></span>
			</a>
	<ul class="sub-nav-links" aria-hidden="true">
    <li class="last see-all" role="menuitem" data-level="2" data-auid = "mobile-fruits-and-vegetables">
			<a class="see-all-link" href="/Food/Fruits-%26-Vegetables/c/RCSS001001000000" tabIndex="-1">
				See all products</a>
		</li>
	<li data-level="2" class=""
	role="menuitem" >

	<a class="sub-nav-link" href="/Food/Fruits-%26-Vegetables/Specially-Chosen/c/RCSS001001014000" tabIndex="-1"  data-auid = "mobile-specially-chosen">
			Specially Chosen</a>
	</li><li data-level="2" class="more"
	role="menuitem" >

	<a class="sub-nav-link" href="/Food/Fruits-%26-Vegetables/Fruit/c/RCSS001001001000" tabIndex="-1"  data-auid = "mobile-fruit">
			Fruit<span class="more-indicator"></span>
			</a>
	<ul class="sub-nav-links" aria-hidden="true">
    <li class="last see-all" role="menuitem" data-level="3" data-auid = "mobile-fruit">
			<a class="see-all-link" href="/Food/Fruits-%26-Vegetables/Fruit/c/RCSS001001001000" tabIndex="-1">
				See all products</a>
		</li>
	<li data-level="3" class=""
	role="menuitem" >

	<a class="sub-nav-link" href="/Food/Fruits-%26-Vegetables/Fruit/Apples-%26-Pears/c/RCSS001001001001" tabIndex="-1"  data-auid = "mobile-apples-and-pears">
			Apples & Pears</a>
	</li><li data-level="3" class=""
	role="menuitem" >

	<a class="sub-nav-link" href="/Food/Fruits-%26-Vegetables/Fruit/Avocado-%26-Tropical/c/RCSS001001001002" tabIndex="-1"  data-auid = "mobile-avocado-and-tropical">
			Avocado & Tropical</a>
	</li><li data-level="3" class=""
	role="menuitem" >

	<a class="sub-nav-link" href="/Food/Fruits-%26-Vegetables/Fruit/Bananas-%26-Plantains/c/RCSS001001001003" tabIndex="-1"  data-auid = "mobile-bananas-and-plantains">
			Bananas & Plantains</a>
	</li><li data-level="3" class=""
	role="menuitem" >

	<a class="sub-nav-link" href="/Food/Fruits-%26-Vegetables/Fruit/Berries-%26-Cherries/c/RCSS001001001004" tabIndex="-1"  data-auid = "mobile-berries-and-cherries">
			Berries & Cherries</a>
	</li><li data-level="3" class=""
	role="menuitem" >

	<a class="sub-nav-link" href="/Food/Fruits-%26-Vegetables/Fruit/Grapes/c/RCSS001001001007" tabIndex="-1"  data-auid = "mobile-grapes">
			Grapes</a>
	</li><li data-level="3" class=""
	role="menuitem" >

	<a class="sub-nav-link" href="/Food/Fruits-%26-Vegetables/Fruit/Lemons-%26-Limes/c/RCSS001001001005" tabIndex="-1"  data-auid = "mobile-lemons-and-limes">
			Lemons & Limes</a>
	</li><li data-level="3" class=""
	role="menuitem" >

	<a class="sub-nav-link" href="/Food/Fruits-%26-Vegetables/Fruit/Oranges-%26-Citrus/c/RCSS001001001006" tabIndex="-1"  data-auid = "mobile-oranges-and-citrus">
			Oranges & Citrus</a>
	</li><li data-level="3" class=""
	role="menuitem" >

	<a class="sub-nav-link" href="/Food/Fruits-%26-Vegetables/Fruit/Peaches%2C-Nectarines-%26-Stone-Fruit/c/RCSS001001001009" tabIndex="-1"  data-auid = "mobile-peaches,-nectarines-and-stone-fruit">
			Peaches, Nectarines & Stone Fruit</a>
	</li><li data-level="3" class=""
	role="menuitem" >

	<a class="sub-nav-link" href="/Food/Fruits-%26-Vegetables/Fruit/Watermelons-%26-Melons/c/RCSS001001001008" tabIndex="-1"  data-auid = "mobile-watermelons-and-melons">
			Watermelons & Melons</a>
	</li></ul>
</li><li data-level="2" class="more"
	role="menuitem" >

	<a class="sub-nav-link" href="/Food/Fruits-%26-Vegetables/Vegetables/c/RCSS001001002000" tabIndex="-1"  data-auid = "mobile-vegetables">
			Vegetables<span class="more-indicator"></span>
			</a>
	<ul class="sub-nav-links" aria-hidden="true">
    <li class="last see-all" role="menuitem" data-level="3" data-auid = "mobile-vegetables">
			<a class="see-all-link" href="/Food/Fruits-%26-Vegetables/Vegetables/c/RCSS001001002000" tabIndex="-1">
				See all products</a>
		</li>
	<li data-level="3" class=""
	role="menuitem" >

	<a class="sub-nav-link" href="/Food/Fruits-%26-Vegetables/Vegetables/Asparagus%2C-Eggplant-%26-Zucchini/c/RCSS001001002004" tabIndex="-1"  data-auid = "mobile-asparagus,-eggplant-and-zucchini">
			Asparagus, Eggplant & Zucchini</a>
	</li><li data-level="3" class=""
	role="menuitem" >

	<a class="sub-nav-link" href="/Food/Fruits-%26-Vegetables/Vegetables/Broccoli%2C-Cabbages-%26-Cauliflower/c/RCSS001001002003" tabIndex="-1"  data-auid = "mobile-broccoli,-cabbages-and-cauliflower">
			Broccoli, Cabbages & Cauliflower</a>
	</li><li data-level="3" class=""
	role="menuitem" >

	<a class="sub-nav-link" href="/Food/Fruits-%26-Vegetables/Vegetables/Ginger%2C-Garlic-%26-Sprout/c/RCSS001001002010" tabIndex="-1"  data-auid = "mobile-ginger,-garlic-and-sprout">
			Ginger, Garlic & Sprout</a>
	</li><li data-level="3" class=""
	role="menuitem" >

	<a class="sub-nav-link" href="/Food/Fruits-%26-Vegetables/Vegetables/Mushrooms-%26-Truffles/c/RCSS001001002006" tabIndex="-1"  data-auid = "mobile-mushrooms-and-truffles">
			Mushrooms & Truffles</a>
	</li><li data-level="3" class=""
	role="menuitem" >

	<a class="sub-nav-link" href="/Food/Fruits-%26-Vegetables/Vegetables/Leeks%2C-Cucumbers-%26-Celery/c/RCSS001001002007" tabIndex="-1"  data-auid = "mobile-leeks,-cucumbers-and-celery">
			Leeks, Cucumbers & Celery</a>
	</li><li data-level="3" class=""
	role="menuitem" >

	<a class="sub-nav-link" href="/Food/Fruits-%26-Vegetables/Vegetables/Lettuce-%26-Leafy-Vegetables/c/RCSS001001002008" tabIndex="-1"  data-auid = "mobile-lettuce-and-leafy-vegetables">
			Lettuce & Leafy Vegetables</a>
	</li><li data-level="3" class=""
	role="menuitem" >

	<a class="sub-nav-link" href="/Food/Fruits-%26-Vegetables/Vegetables/Peas%2C-Beans-%26-Corn/c/RCSS001001002005" tabIndex="-1"  data-auid = "mobile-peas,-beans-and-corn">
			Peas, Beans & Corn</a>
	</li><li data-level="3" class=""
	role="menuitem" >

	<a class="sub-nav-link" href="/Food/Fruits-%26-Vegetables/Vegetables/Peppers-%26-Tomatoes/c/RCSS001001002009" tabIndex="-1"  data-auid = "mobile-peppers-and-tomatoes">
			Peppers & Tomatoes</a>
	</li><li data-level="3" class=""
	role="menuitem" >

	<a class="sub-nav-link" href="/Food/Fruits-%26-Vegetables/Vegetables/Potato%2C-Onions-%26-Carrots/c/RCSS001001002001" tabIndex="-1"  data-auid = "mobile-potato,-onions-and-carrots">
			Potato, Onions & Carrots</a>
	</li><li data-level="3" class=""
	role="menuitem" >

	<a class="sub-nav-link" href="/Food/Fruits-%26-Vegetables/Vegetables/Squash-%26-Pumpkins/c/RCSS001001002002" tabIndex="-1"  data-auid = "mobile-squash-and-pumpkins">
			Squash & Pumpkins</a>
	</li></ul>
</li><li data-level="2" class=""
	role="menuitem" >

	<a class="sub-nav-link" href="/Food/Fruits-%26-Vegetables/Club-Packs/c/RCSS001001013000" tabIndex="-1"  data-auid = "mobile-club-packs">
			Club Packs</a>
	</li><li data-level="2" class=""
	role="menuitem" >

	<a class="sub-nav-link" href="/Food/Fruits-%26-Vegetables/Fresh-Cut-Fruit-%26-Veg/c/RCSS001001007000" tabIndex="-1"  data-auid = "mobile-fresh-cut-fruit-and-veg">
			Fresh Cut Fruit & Veg</a>
	</li><li data-level="2" class=""
	role="menuitem" >

	<a class="sub-nav-link" href="/Food/Fruits-%26-Vegetables/Salads/c/RCSS001001003000" tabIndex="-1"  data-auid = "mobile-salads">
			Salads</a>
	</li><li data-level="2" class=""
	role="menuitem" >

	<a class="sub-nav-link" href="/Food/Fruits-%26-Vegetables/Fresh-Herbs/c/RCSS001001004000" tabIndex="-1"  data-auid = "mobile-fresh-herbs">
			Fresh Herbs</a>
	</li><li data-level="2" class=""
	role="menuitem" >

	<a class="sub-nav-link" href="/Food/Fruits-%26-Vegetables/Fresh-Juices/c/RCSS001001012000" tabIndex="-1"  data-auid = "mobile-fresh-juices">
			Fresh Juices</a>
	</li><li data-level="2" class=""
	role="menuitem" >

	<a class="sub-nav-link" href="/Food/Fruits-%26-Vegetables/Organic-Fruit/c/RCSS001001005000" tabIndex="-1"  data-auid = "mobile-organic-fruit">
			Organic Fruit</a>
	</li><li data-level="2" class=""
	role="menuitem" >

	<a class="sub-nav-link" href="/Food/Fruits-%26-Vegetables/Organic-Vegetables/c/RCSS001001006000" tabIndex="-1"  data-auid = "mobile-organic-vegetables">
			Organic Vegetables</a>
	</li><li data-level="2" class=""
	role="menuitem" >

	<a class="sub-nav-link" href="/Food/Fruits-%26-Vegetables/ETHNIC-VEGETABLES/c/RCSS001001008000" tabIndex="-1"  data-auid = "mobile-ethnic-vegetables">
			ETHNIC VEGETABLES</a>
	</li><li data-level="2" class=""
	role="menuitem" >

	<a class="sub-nav-link" href="/Food/Fruits-%26-Vegetables/SNACKING-FRUIT-%26-NUTS/c/RCSS001001010000" tabIndex="-1"  data-auid = "mobile-snacking-fruit-and-nuts">
			SNACKING FRUIT & NUTS</a>
	</li><li data-level="2" class="more"
	role="menuitem" >

	<a class="sub-nav-link" href="/Food/Fruits-%26-Vegetables/Best-in-Season/c/RCSS001001011000" tabIndex="-1"  data-auid = "mobile-best-in-season">
			Best in Season<span class="more-indicator"></span>
			</a>
	<ul class="sub-nav-links" aria-hidden="true">
    <li class="last see-all" role="menuitem" data-level="3" data-auid = "mobile-best-in-season">
			<a class="see-all-link" href="/Food/Fruits-%26-Vegetables/Best-in-Season/c/RCSS001001011000" tabIndex="-1">
				See all products</a>
		</li>
	<li data-level="3" class=""
	role="menuitem" >

	<a class="sub-nav-link" href="/Food/Fruits-%26-Vegetables/Best-in-Season/Fruits/c/RCSS001001011001" tabIndex="-1"  data-auid = "mobile-fruits">
			Fruits</a>
	</li><li data-level="3" class=""
	role="menuitem" >

	<a class="sub-nav-link" href="/Food/Fruits-%26-Vegetables/Best-in-Season/Vegetables/c/RCSS001001011002" tabIndex="-1"  data-auid = "mobile-vegetables">
			Vegetables</a>
	</li></ul>
</li></ul>
</li><li data-level="1" class="more"
	role="menuitem" >

	<a class="sub-nav-link" href="/Food/Deli-%26-Ready-Meals/c/RCSS001002000000" tabIndex="-1"  data-auid = "mobile-deli-and-ready-meals">
			Deli & Ready Meals<span class="more-indicator"></span>
			</a>
	<ul class="sub-nav-links" aria-hidden="true">
    <li class="last see-all" role="menuitem" data-level="2" data-auid = "mobile-deli-and-ready-meals">
			<a class="see-all-link" href="/Food/Deli-%26-Ready-Meals/c/RCSS001002000000" tabIndex="-1">
				See all products</a>
		</li>
	<li data-level="2" class="more"
	role="menuitem" >

	<a class="sub-nav-link" href="/Food/Deli-%26-Ready-Meals/Deli-Meats/c/RCSS001002001000" tabIndex="-1"  data-auid = "mobile-deli-meats">
			Deli Meats<span class="more-indicator"></span>
			</a>
	<ul class="sub-nav-links" aria-hidden="true">
    <li class="last see-all" role="menuitem" data-level="3" data-auid = "mobile-deli-meats">
			<a class="see-all-link" href="/Food/Deli-%26-Ready-Meals/Deli-Meats/c/RCSS001002001000" tabIndex="-1">
				See all products</a>
		</li>
	<li data-level="3" class=""
	role="menuitem" >

	<a class="sub-nav-link" href="/Food/Deli-%26-Ready-Meals/Deli-Meats/Beef/c/RCSS001002001002" tabIndex="-1"  data-auid = "mobile-beef">
			Beef</a>
	</li><li data-level="3" class=""
	role="menuitem" >

	<a class="sub-nav-link" href="/Food/Deli-%26-Ready-Meals/Deli-Meats/Turkey/c/RCSS001002001001" tabIndex="-1"  data-auid = "mobile-turkey">
			Turkey</a>
	</li><li data-level="3" class=""
	role="menuitem" >

	<a class="sub-nav-link" href="/Food/Deli-%26-Ready-Meals/Deli-Meats/Chicken/c/RCSS001002001003" tabIndex="-1"  data-auid = "mobile-chicken">
			Chicken</a>
	</li><li data-level="3" class=""
	role="menuitem" >

	<a class="sub-nav-link" href="/Food/Deli-%26-Ready-Meals/Deli-Meats/Ham-%26-Pork/c/RCSS001002001004" tabIndex="-1"  data-auid = "mobile-ham-and-pork">
			Ham & Pork</a>
	</li><li data-level="3" class=""
	role="menuitem" >

	<a class="sub-nav-link" href="/Food/Deli-%26-Ready-Meals/Deli-Meats/Bologna%2C-Liverwurst-%26-Pastrami/c/RCSS001002001007" tabIndex="-1"  data-auid = "mobile-bologna,-liverwurst-and-pastrami">
			Bologna, Liverwurst & Pastrami</a>
	</li><li data-level="3" class=""
	role="menuitem" >

	<a class="sub-nav-link" href="/Food/Deli-%26-Ready-Meals/Deli-Meats/Salami-%26-Pepperoni/c/RCSS001002001005" tabIndex="-1"  data-auid = "mobile-salami-and-pepperoni">
			Salami & Pepperoni</a>
	</li><li data-level="3" class=""
	role="menuitem" >

	<a class="sub-nav-link" href="/Food/Deli-%26-Ready-Meals/Deli-Meats/Mortadella-%26-Prosciutto/c/RCSS001002001006" tabIndex="-1"  data-auid = "mobile-mortadella-and-prosciutto">
			Mortadella & Prosciutto</a>
	</li><li data-level="3" class=""
	role="menuitem" >

	<a class="sub-nav-link" href="/Food/Deli-%26-Ready-Meals/Deli-Meats/Smoked-%26-Cured-Fish/c/RCSS001002001010" tabIndex="-1"  data-auid = "mobile-smoked-and-cured-fish">
			Smoked & Cured Fish</a>
	</li><li data-level="3" class=""
	role="menuitem" >

	<a class="sub-nav-link" href="/Food/Deli-%26-Ready-Meals/Deli-Meats/Specialty-Cold-Cuts/c/RCSS001002001008" tabIndex="-1"  data-auid = "mobile-specialty-cold-cuts">
			Specialty Cold Cuts</a>
	</li></ul>
</li><li data-level="2" class="more"
	role="menuitem" >

	<a class="sub-nav-link" href="/Food/Deli-%26-Ready-Meals/Deli-Cheese/c/RCSS001002002000" tabIndex="-1"  data-auid = "mobile-deli-cheese">
			Deli Cheese<span class="more-indicator"></span>
			</a>
	<ul class="sub-nav-links" aria-hidden="true">
    <li class="last see-all" role="menuitem" data-level="3" data-auid = "mobile-deli-cheese">
			<a class="see-all-link" href="/Food/Deli-%26-Ready-Meals/Deli-Cheese/c/RCSS001002002000" tabIndex="-1">
				See all products</a>
		</li>
	<li data-level="3" class=""
	role="menuitem" >

	<a class="sub-nav-link" href="/Food/Deli-%26-Ready-Meals/Deli-Cheese/Soft-%26-Spreadable/c/RCSS001002002008" tabIndex="-1"  data-auid = "mobile-soft-and-spreadable">
			Soft & Spreadable</a>
	</li><li data-level="3" class=""
	role="menuitem" >

	<a class="sub-nav-link" href="/Food/Deli-%26-Ready-Meals/Deli-Cheese/Friable-Cheeses/c/RCSS001002002004" tabIndex="-1"  data-auid = "mobile-friable-cheeses">
			Friable Cheeses</a>
	</li><li data-level="3" class=""
	role="menuitem" >

	<a class="sub-nav-link" href="/Food/Deli-%26-Ready-Meals/Deli-Cheese/Firm-Cheeses/c/RCSS001002002010" tabIndex="-1"  data-auid = "mobile-firm-cheeses">
			Firm Cheeses</a>
	</li><li data-level="3" class=""
	role="menuitem" >

	<a class="sub-nav-link" href="/Food/Deli-%26-Ready-Meals/Deli-Cheese/Parmaseans-%26-Grating/c/RCSS001002002005" tabIndex="-1"  data-auid = "mobile-parmaseans-and-grating">
			Parmaseans & Grating</a>
	</li><li data-level="3" class=""
	role="menuitem" >

	<a class="sub-nav-link" href="/Food/Deli-%26-Ready-Meals/Deli-Cheese/Blue-Cheese/c/RCSS001002002001" tabIndex="-1"  data-auid = "mobile-blue-cheese">
			Blue Cheese</a>
	</li><li data-level="3" class=""
	role="menuitem" >

	<a class="sub-nav-link" href="/Food/Deli-%26-Ready-Meals/Deli-Cheese/Cheddars/c/RCSS001002002002" tabIndex="-1"  data-auid = "mobile-cheddars">
			Cheddars</a>
	</li><li data-level="3" class=""
	role="menuitem" >

	<a class="sub-nav-link" href="/Food/Deli-%26-Ready-Meals/Deli-Cheese/Goat-%26-Sheep/c/RCSS001002002007" tabIndex="-1"  data-auid = "mobile-goat-and-sheep">
			Goat & Sheep</a>
	</li><li data-level="3" class=""
	role="menuitem" >

	<a class="sub-nav-link" href="/Food/Deli-%26-Ready-Meals/Deli-Cheese/Mozzarella-%26-Semi-Soft/c/RCSS001002002009" tabIndex="-1"  data-auid = "mobile-mozzarella-and-semi-soft">
			Mozzarella & Semi-Soft</a>
	</li><li data-level="3" class=""
	role="menuitem" >

	<a class="sub-nav-link" href="/Food/Deli-%26-Ready-Meals/Deli-Cheese/Gouda-%26-Other-Swiss/c/RCSS001002002003" tabIndex="-1"  data-auid = "mobile-gouda-and-other-swiss">
			Gouda & Other Swiss</a>
	</li><li data-level="3" class=""
	role="menuitem" >

	<a class="sub-nav-link" href="/Food/Deli-%26-Ready-Meals/Deli-Cheese/Grated-%26-Sliced/c/RCSS001002002006" tabIndex="-1"  data-auid = "mobile-grated-and-sliced">
			Grated & Sliced</a>
	</li></ul>
</li><li data-level="2" class="more"
	role="menuitem" >

	<a class="sub-nav-link" href="/Food/Deli-%26-Ready-Meals/Antipastos%2C-Dips-%26-Spreads/c/RCSS001002003000" tabIndex="-1"  data-auid = "mobile-antipastos,-dips-and-spreads">
			Antipastos, Dips & Spreads<span class="more-indicator"></span>
			</a>
	<ul class="sub-nav-links" aria-hidden="true">
    <li class="last see-all" role="menuitem" data-level="3" data-auid = "mobile-antipastos,-dips-and-spreads">
			<a class="see-all-link" href="/Food/Deli-%26-Ready-Meals/Antipastos%2C-Dips-%26-Spreads/c/RCSS001002003000" tabIndex="-1">
				See all products</a>
		</li>
	<li data-level="3" class=""
	role="menuitem" >

	<a class="sub-nav-link" href="/Food/Deli-%26-Ready-Meals/Antipastos%2C-Dips-%26-Spreads/Dips/c/RCSS001002003002" tabIndex="-1"  data-auid = "mobile-dips">
			Dips</a>
	</li><li data-level="3" class=""
	role="menuitem" >

	<a class="sub-nav-link" href="/Food/Deli-%26-Ready-Meals/Antipastos%2C-Dips-%26-Spreads/Hummus-%26-Spreads/c/RCSS001002003001" tabIndex="-1"  data-auid = "mobile-hummus-and-spreads">
			Hummus & Spreads</a>
	</li><li data-level="3" class=""
	role="menuitem" >

	<a class="sub-nav-link" href="/Food/Deli-%26-Ready-Meals/Antipastos%2C-Dips-%26-Spreads/P%C3%A2t%C3%A9-%26-Caviar/c/RCSS001002003005" tabIndex="-1"  data-auid = "mobile-pâté-and-caviar">
			Pâté & Caviar</a>
	</li><li data-level="3" class=""
	role="menuitem" >

	<a class="sub-nav-link" href="/Food/Deli-%26-Ready-Meals/Antipastos%2C-Dips-%26-Spreads/Olives-%26-Antipasto/c/RCSS001002003003" tabIndex="-1"  data-auid = "mobile-olives-and-antipasto">
			Olives & Antipasto</a>
	</li></ul>
</li><li data-level="2" class="more"
	role="menuitem" >

	<a class="sub-nav-link" href="/Food/Deli-%26-Ready-Meals/Vegan-%26-Vegetarian/c/RCSS001002004000" tabIndex="-1"  data-auid = "mobile-vegan-and-vegetarian">
			Vegan & Vegetarian<span class="more-indicator"></span>
			</a>
	<ul class="sub-nav-links" aria-hidden="true">
    <li class="last see-all" role="menuitem" data-level="3" data-auid = "mobile-vegan-and-vegetarian">
			<a class="see-all-link" href="/Food/Deli-%26-Ready-Meals/Vegan-%26-Vegetarian/c/RCSS001002004000" tabIndex="-1">
				See all products</a>
		</li>
	<li data-level="3" class=""
	role="menuitem" >

	<a class="sub-nav-link" href="/Food/Deli-%26-Ready-Meals/Vegan-%26-Vegetarian/Meat-Alternatives/c/RCSS001002004002" tabIndex="-1"  data-auid = "mobile-meat-alternatives">
			Meat Alternatives</a>
	</li><li data-level="3" class=""
	role="menuitem" >

	<a class="sub-nav-link" href="/Food/Deli-%26-Ready-Meals/Vegan-%26-Vegetarian/Tofu/c/RCSS001002004003" tabIndex="-1"  data-auid = "mobile-tofu">
			Tofu</a>
	</li><li data-level="3" class=""
	role="menuitem" >

	<a class="sub-nav-link" href="/Food/Deli-%26-Ready-Meals/Vegan-%26-Vegetarian/Vegan-or-Vegetarian-Cheese/c/RCSS001002004001" tabIndex="-1"  data-auid = "mobile-vegan-or-vegetarian-cheese">
			Vegan or Vegetarian Cheese</a>
	</li></ul>
</li><li data-level="2" class="more"
	role="menuitem" >

	<a class="sub-nav-link" href="/Food/Deli-%26-Ready-Meals/Ready-Meals-%26-Sides/c/RCSS001002005000" tabIndex="-1"  data-auid = "mobile-ready-meals-and-sides">
			Ready Meals & Sides<span class="more-indicator"></span>
			</a>
	<ul class="sub-nav-links" aria-hidden="true">
    <li class="last see-all" role="menuitem" data-level="3" data-auid = "mobile-ready-meals-and-sides">
			<a class="see-all-link" href="/Food/Deli-%26-Ready-Meals/Ready-Meals-%26-Sides/c/RCSS001002005000" tabIndex="-1">
				See all products</a>
		</li>
	<li data-level="3" class=""
	role="menuitem" >

	<a class="sub-nav-link" href="/Food/Deli-%26-Ready-Meals/Ready-Meals-%26-Sides/Chicken-%26-Turkey-Meals-%28hot-foods-for-pickup-after-12PM%29/c/RCSS001002005001" tabIndex="-1"  data-auid = "mobile-chicken-and-turkey-meals-(hot-foods-for-pickup-after-12pm)">
			Chicken & Turkey Meals (hot foods for pickup after 12PM)</a>
	</li><li data-level="3" class=""
	role="menuitem" >

	<a class="sub-nav-link" href="/Food/Deli-%26-Ready-Meals/Ready-Meals-%26-Sides/Pasta-%26-Rice-Meals-%28hot-foods-for-pickup-after-12PM%29/c/RCSS001002005003" tabIndex="-1"  data-auid = "mobile-pasta-and-rice-meals-(hot-foods-for-pickup-after-12pm)">
			Pasta & Rice Meals (hot foods for pickup after 12PM)</a>
	</li><li data-level="3" class=""
	role="menuitem" >

	<a class="sub-nav-link" href="/Food/Deli-%26-Ready-Meals/Ready-Meals-%26-Sides/Appetizers-%26-Sides-%28hot-foods-for-pickup-after-12pm%29/c/RCSS001002005004" tabIndex="-1"  data-auid = "mobile-appetizers-and-sides-(hot-foods-for-pickup-after-12pm)">
			Appetizers & Sides (hot foods for pickup after 12pm)</a>
	</li><li data-level="3" class=""
	role="menuitem" >

	<a class="sub-nav-link" href="/Food/Deli-%26-Ready-Meals/Ready-Meals-%26-Sides/Salads/c/RCSS001002005010" tabIndex="-1"  data-auid = "mobile-salads">
			Salads</a>
	</li><li data-level="3" class=""
	role="menuitem" >

	<a class="sub-nav-link" href="/Food/Deli-%26-Ready-Meals/Ready-Meals-%26-Sides/Soups-%26-Stews/c/RCSS001002005007" tabIndex="-1"  data-auid = "mobile-soups-and-stews">
			Soups & Stews</a>
	</li><li data-level="3" class=""
	role="menuitem" >

	<a class="sub-nav-link" href="/Food/Deli-%26-Ready-Meals/Ready-Meals-%26-Sides/Beef-%26-Pork-Meals-%28hot-foods-for-pickup-after-12PM%29/c/RCSS001002005002" tabIndex="-1"  data-auid = "mobile-beef-and-pork-meals-(hot-foods-for-pickup-after-12pm)">
			Beef & Pork Meals (hot foods for pickup after 12PM)</a>
	</li><li data-level="3" class=""
	role="menuitem" >

	<a class="sub-nav-link" href="/Food/Deli-%26-Ready-Meals/Ready-Meals-%26-Sides/Sandwiches-%26-Lunch-Kits/c/RCSS001002005011" tabIndex="-1"  data-auid = "mobile-sandwiches-and-lunch-kits">
			Sandwiches & Lunch Kits</a>
	</li><li data-level="3" class=""
	role="menuitem" >

	<a class="sub-nav-link" href="/Food/Deli-%26-Ready-Meals/Ready-Meals-%26-Sides/Sushi-%26-Bento/c/RCSS001002005012" tabIndex="-1"  data-auid = "mobile-sushi-and-bento">
			Sushi & Bento</a>
	</li><li data-level="3" class=""
	role="menuitem" >

	<a class="sub-nav-link" href="/Food/Deli-%26-Ready-Meals/Ready-Meals-%26-Sides/Breakfast/c/RCSS001002005008" tabIndex="-1"  data-auid = "mobile-breakfast">
			Breakfast</a>
	</li><li data-level="3" class=""
	role="menuitem" >

	<a class="sub-nav-link" href="/Food/Deli-%26-Ready-Meals/Ready-Meals-%26-Sides/Desserts-%26-Snacks/c/RCSS001002005009" tabIndex="-1"  data-auid = "mobile-desserts-and-snacks">
			Desserts & Snacks</a>
	</li></ul>
</li><li data-level="2" class="more"
	role="menuitem" >

	<a class="sub-nav-link" href="/Food/Deli-%26-Ready-Meals/Fresh-Pizza%2C-Pasta-%26-Sauces/c/RCSS001002006000" tabIndex="-1"  data-auid = "mobile-fresh-pizza,-pasta-and-sauces">
			Fresh Pizza, Pasta & Sauces<span class="more-indicator"></span>
			</a>
	<ul class="sub-nav-links" aria-hidden="true">
    <li class="last see-all" role="menuitem" data-level="3" data-auid = "mobile-fresh-pizza,-pasta-and-sauces">
			<a class="see-all-link" href="/Food/Deli-%26-Ready-Meals/Fresh-Pizza%2C-Pasta-%26-Sauces/c/RCSS001002006000" tabIndex="-1">
				See all products</a>
		</li>
	<li data-level="3" class=""
	role="menuitem" >

	<a class="sub-nav-link" href="/Food/Deli-%26-Ready-Meals/Fresh-Pizza%2C-Pasta-%26-Sauces/Fresh-Pasta/c/RCSS001002006001" tabIndex="-1"  data-auid = "mobile-fresh-pasta">
			Fresh Pasta</a>
	</li><li data-level="3" class=""
	role="menuitem" >

	<a class="sub-nav-link" href="/Food/Deli-%26-Ready-Meals/Fresh-Pizza%2C-Pasta-%26-Sauces/Fresh-Pizzas/c/RCSS001002006004" tabIndex="-1"  data-auid = "mobile-fresh-pizzas">
			Fresh Pizzas</a>
	</li><li data-level="3" class=""
	role="menuitem" >

	<a class="sub-nav-link" href="/Food/Deli-%26-Ready-Meals/Fresh-Pizza%2C-Pasta-%26-Sauces/Fresh-Pasta-Sauces/c/RCSS001002006003" tabIndex="-1"  data-auid = "mobile-fresh-pasta-sauces">
			Fresh Pasta Sauces</a>
	</li></ul>
</li><li data-level="2" class=""
	role="menuitem" >

	<a class="sub-nav-link" href="/Food/Deli-%26-Ready-Meals/Party-Trays/c/RCSS001002007000" tabIndex="-1"  data-auid = "mobile-party-trays">
			Party Trays</a>
	</li><li data-level="2" class=""
	role="menuitem" >

	<a class="sub-nav-link" href="/Food/Deli-%26-Ready-Meals/Club-Packs/c/RCSS001002008000" tabIndex="-1"  data-auid = "mobile-club-packs">
			Club Packs</a>
	</li></ul>
</li><li data-level="1" class="more"
	role="menuitem" >

	<a class="sub-nav-link" href="/Food/Bakery/c/RCSS001003000000" tabIndex="-1"  data-auid = "mobile-bakery">
			Bakery<span class="more-indicator"></span>
			</a>
	<ul class="sub-nav-links" aria-hidden="true">
    <li class="last see-all" role="menuitem" data-level="2" data-auid = "mobile-bakery">
			<a class="see-all-link" href="/Food/Bakery/c/RCSS001003000000" tabIndex="-1">
				See all products</a>
		</li>
	<li data-level="2" class="more"
	role="menuitem" >

	<a class="sub-nav-link" href="/Food/Bakery/Fresh-Breads/c/RCSS001003017000" tabIndex="-1"  data-auid = "mobile-fresh-breads">
			Fresh Breads<span class="more-indicator"></span>
			</a>
	<ul class="sub-nav-links" aria-hidden="true">
    <li class="last see-all" role="menuitem" data-level="3" data-auid = "mobile-fresh-breads">
			<a class="see-all-link" href="/Food/Bakery/Fresh-Breads/c/RCSS001003017000" tabIndex="-1">
				See all products</a>
		</li>
	<li data-level="3" class=""
	role="menuitem" >

	<a class="sub-nav-link" href="/Food/Bakery/Fresh-Breads/Artisan-Breads/c/RCSS001003017001" tabIndex="-1"  data-auid = "mobile-artisan-breads">
			Artisan Breads</a>
	</li><li data-level="3" class=""
	role="menuitem" >

	<a class="sub-nav-link" href="/Food/Bakery/Fresh-Breads/Crusty-Breads/c/RCSS001003017003" tabIndex="-1"  data-auid = "mobile-crusty-breads">
			Crusty Breads</a>
	</li><li data-level="3" class=""
	role="menuitem" >

	<a class="sub-nav-link" href="/Food/Bakery/Fresh-Breads/Baguettes/c/RCSS001003017002" tabIndex="-1"  data-auid = "mobile-baguettes">
			Baguettes</a>
	</li><li data-level="3" class=""
	role="menuitem" >

	<a class="sub-nav-link" href="/Food/Bakery/Fresh-Breads/Specialty/c/RCSS001003017007" tabIndex="-1"  data-auid = "mobile-specialty">
			Specialty</a>
	</li><li data-level="3" class=""
	role="menuitem" >

	<a class="sub-nav-link" href="/Food/Bakery/Fresh-Breads/Frozen/c/RCSS001003017009" tabIndex="-1"  data-auid = "mobile-frozen">
			Frozen</a>
	</li><li data-level="3" class=""
	role="menuitem" >

	<a class="sub-nav-link" href="/Food/Bakery/Fresh-Breads/Dried-%26-Crispy/c/RCSS001003017004" tabIndex="-1"  data-auid = "mobile-dried-and-crispy">
			Dried & Crispy</a>
	</li></ul>
</li><li data-level="2" class="more"
	role="menuitem" >

	<a class="sub-nav-link" href="/Food/Bakery/Fresh-Rolls/c/RCSS001003018000" tabIndex="-1"  data-auid = "mobile-fresh-rolls">
			Fresh Rolls<span class="more-indicator"></span>
			</a>
	<ul class="sub-nav-links" aria-hidden="true">
    <li class="last see-all" role="menuitem" data-level="3" data-auid = "mobile-fresh-rolls">
			<a class="see-all-link" href="/Food/Bakery/Fresh-Rolls/c/RCSS001003018000" tabIndex="-1">
				See all products</a>
		</li>
	<li data-level="3" class=""
	role="menuitem" >

	<a class="sub-nav-link" href="/Food/Bakery/Fresh-Rolls/Savory-%26-Sweet/c/RCSS001003018006" tabIndex="-1"  data-auid = "mobile-savory-and-sweet">
			Savory & Sweet</a>
	</li><li data-level="3" class=""
	role="menuitem" >

	<a class="sub-nav-link" href="/Food/Bakery/Fresh-Rolls/Sandwich-Rolls/c/RCSS001003018005" tabIndex="-1"  data-auid = "mobile-sandwich-rolls">
			Sandwich Rolls</a>
	</li><li data-level="3" class=""
	role="menuitem" >

	<a class="sub-nav-link" href="/Food/Bakery/Fresh-Rolls/Hot-Dog-%26-Hamburger-Buns/c/RCSS001003018004" tabIndex="-1"  data-auid = "mobile-hot-dog-and-hamburger-buns">
			Hot Dog & Hamburger Buns</a>
	</li><li data-level="3" class=""
	role="menuitem" >

	<a class="sub-nav-link" href="/Food/Bakery/Fresh-Rolls/Dinner-Rolls/c/RCSS001003018003" tabIndex="-1"  data-auid = "mobile-dinner-rolls">
			Dinner Rolls</a>
	</li><li data-level="3" class=""
	role="menuitem" >

	<a class="sub-nav-link" href="/Food/Bakery/Fresh-Rolls/Croissants/c/RCSS001003018002" tabIndex="-1"  data-auid = "mobile-croissants">
			Croissants</a>
	</li><li data-level="3" class=""
	role="menuitem" >

	<a class="sub-nav-link" href="/Food/Bakery/Fresh-Rolls/Bagels/c/RCSS001003018001" tabIndex="-1"  data-auid = "mobile-bagels">
			Bagels</a>
	</li></ul>
</li><li data-level="2" class="more"
	role="menuitem" >

	<a class="sub-nav-link" href="/Food/Bakery/Cakes/c/RCSS001003012000" tabIndex="-1"  data-auid = "mobile-cakes">
			Cakes<span class="more-indicator"></span>
			</a>
	<ul class="sub-nav-links" aria-hidden="true">
    <li class="last see-all" role="menuitem" data-level="3" data-auid = "mobile-cakes">
			<a class="see-all-link" href="/Food/Bakery/Cakes/c/RCSS001003012000" tabIndex="-1">
				See all products</a>
		</li>
	<li data-level="3" class=""
	role="menuitem" >

	<a class="sub-nav-link" href="/Food/Bakery/Cakes/Cupcakes/c/RCSS001003012002" tabIndex="-1"  data-auid = "mobile-cupcakes">
			Cupcakes</a>
	</li><li data-level="3" class=""
	role="menuitem" >

	<a class="sub-nav-link" href="/Food/Bakery/Cakes/Occasion-Cakes/c/RCSS001003012004" tabIndex="-1"  data-auid = "mobile-occasion-cakes">
			Occasion Cakes</a>
	</li><li data-level="3" class=""
	role="menuitem" >

	<a class="sub-nav-link" href="/Food/Bakery/Cakes/Fruit-Cakes/c/RCSS001003012003" tabIndex="-1"  data-auid = "mobile-fruit-cakes">
			Fruit Cakes</a>
	</li><li data-level="3" class=""
	role="menuitem" >

	<a class="sub-nav-link" href="/Food/Bakery/Cakes/Angel-Cakes/c/RCSS001003012007" tabIndex="-1"  data-auid = "mobile-angel-cakes">
			Angel Cakes</a>
	</li><li data-level="3" class=""
	role="menuitem" >

	<a class="sub-nav-link" href="/Food/Bakery/Cakes/Snack-Cakes/c/RCSS001003012006" tabIndex="-1"  data-auid = "mobile-snack-cakes">
			Snack Cakes</a>
	</li><li data-level="3" class=""
	role="menuitem" >

	<a class="sub-nav-link" href="/Food/Bakery/Cakes/Frozen/c/RCSS001003012008" tabIndex="-1"  data-auid = "mobile-frozen">
			Frozen</a>
	</li></ul>
</li><li data-level="2" class="more"
	role="menuitem" >

	<a class="sub-nav-link" href="/Food/Bakery/Sweets/c/RCSS001003013000" tabIndex="-1"  data-auid = "mobile-sweets">
			Sweets<span class="more-indicator"></span>
			</a>
	<ul class="sub-nav-links" aria-hidden="true">
    <li class="last see-all" role="menuitem" data-level="3" data-auid = "mobile-sweets">
			<a class="see-all-link" href="/Food/Bakery/Sweets/c/RCSS001003013000" tabIndex="-1">
				See all products</a>
		</li>
	<li data-level="3" class=""
	role="menuitem" >

	<a class="sub-nav-link" href="/Food/Bakery/Sweets/Brownies-%26-Gingerbread/c/RCSS001003013001" tabIndex="-1"  data-auid = "mobile-brownies-and-gingerbread">
			Brownies & Gingerbread</a>
	</li><li data-level="3" class=""
	role="menuitem" >

	<a class="sub-nav-link" href="/Food/Bakery/Sweets/Cookies/c/RCSS001003013002" tabIndex="-1"  data-auid = "mobile-cookies">
			Cookies</a>
	</li><li data-level="3" class=""
	role="menuitem" >

	<a class="sub-nav-link" href="/Food/Bakery/Sweets/Donuts/c/RCSS001003013003" tabIndex="-1"  data-auid = "mobile-donuts">
			Donuts</a>
	</li><li data-level="3" class=""
	role="menuitem" >

	<a class="sub-nav-link" href="/Food/Bakery/Sweets/Pies/c/RCSS001003013005" tabIndex="-1"  data-auid = "mobile-pies">
			Pies</a>
	</li><li data-level="3" class=""
	role="menuitem" >

	<a class="sub-nav-link" href="/Food/Bakery/Sweets/Pastries/c/RCSS001003013004" tabIndex="-1"  data-auid = "mobile-pastries">
			Pastries</a>
	</li><li data-level="3" class=""
	role="menuitem" >

	<a class="sub-nav-link" href="/Food/Bakery/Sweets/Muffin/c/RCSS001003013006" tabIndex="-1"  data-auid = "mobile-muffin">
			Muffin</a>
	</li><li data-level="3" class=""
	role="menuitem" >

	<a class="sub-nav-link" href="/Food/Bakery/Sweets/Frozen/c/RCSS001003013009" tabIndex="-1"  data-auid = "mobile-frozen">
			Frozen</a>
	</li><li data-level="3" class=""
	role="menuitem" >

	<a class="sub-nav-link" href="/Food/Bakery/Sweets/Tarts-%26-Squares/c/RCSS001003013007" tabIndex="-1"  data-auid = "mobile-tarts-and-squares">
			Tarts & Squares</a>
	</li><li data-level="3" class=""
	role="menuitem" >

	<a class="sub-nav-link" href="/Food/Bakery/Sweets/Packaged-Sweets/c/RCSS001003013010" tabIndex="-1"  data-auid = "mobile-packaged-sweets">
			Packaged Sweets</a>
	</li></ul>
</li><li data-level="2" class="more"
	role="menuitem" >

	<a class="sub-nav-link" href="/Food/Bakery/Packaged-Breads/c/RCSS001003014000" tabIndex="-1"  data-auid = "mobile-packaged-breads">
			Packaged Breads<span class="more-indicator"></span>
			</a>
	<ul class="sub-nav-links" aria-hidden="true">
    <li class="last see-all" role="menuitem" data-level="3" data-auid = "mobile-packaged-breads">
			<a class="see-all-link" href="/Food/Bakery/Packaged-Breads/c/RCSS001003014000" tabIndex="-1">
				See all products</a>
		</li>
	<li data-level="3" class=""
	role="menuitem" >

	<a class="sub-nav-link" href="/Food/Bakery/Packaged-Breads/Tortilla-%26-Wrap/c/RCSS001003014002" tabIndex="-1"  data-auid = "mobile-tortilla-and-wrap">
			Tortilla & Wrap</a>
	</li><li data-level="3" class=""
	role="menuitem" >

	<a class="sub-nav-link" href="/Food/Bakery/Packaged-Breads/Pita/c/RCSS001003014001" tabIndex="-1"  data-auid = "mobile-pita">
			Pita</a>
	</li><li data-level="3" class=""
	role="menuitem" >

	<a class="sub-nav-link" href="/Food/Bakery/Packaged-Breads/Dietary/c/RCSS001003014003" tabIndex="-1"  data-auid = "mobile-dietary">
			Dietary</a>
	</li><li data-level="3" class=""
	role="menuitem" >

	<a class="sub-nav-link" href="/Food/Bakery/Packaged-Breads/Specialty/c/RCSS001003014006" tabIndex="-1"  data-auid = "mobile-specialty">
			Specialty</a>
	</li><li data-level="3" class=""
	role="menuitem" >

	<a class="sub-nav-link" href="/Food/Bakery/Packaged-Breads/White-%26-Wheat/c/RCSS001003014007" tabIndex="-1"  data-auid = "mobile-white-and-wheat">
			White & Wheat</a>
	</li><li data-level="3" class=""
	role="menuitem" >

	<a class="sub-nav-link" href="/Food/Bakery/Packaged-Breads/Rye-%26-Pumpernickel/c/RCSS001003014005" tabIndex="-1"  data-auid = "mobile-rye-and-pumpernickel">
			Rye & Pumpernickel</a>
	</li></ul>
</li><li data-level="2" class="more"
	role="menuitem" >

	<a class="sub-nav-link" href="/Food/Bakery/Packaged-Rolls/c/RCSS001003015000" tabIndex="-1"  data-auid = "mobile-packaged-rolls">
			Packaged Rolls<span class="more-indicator"></span>
			</a>
	<ul class="sub-nav-links" aria-hidden="true">
    <li class="last see-all" role="menuitem" data-level="3" data-auid = "mobile-packaged-rolls">
			<a class="see-all-link" href="/Food/Bakery/Packaged-Rolls/c/RCSS001003015000" tabIndex="-1">
				See all products</a>
		</li>
	<li data-level="3" class=""
	role="menuitem" >

	<a class="sub-nav-link" href="/Food/Bakery/Packaged-Rolls/Crumpets%2C-Waffles-%26-Scones/c/RCSS001003015003" tabIndex="-1"  data-auid = "mobile-crumpets,-waffles-and-scones">
			Crumpets, Waffles & Scones</a>
	</li><li data-level="3" class=""
	role="menuitem" >

	<a class="sub-nav-link" href="/Food/Bakery/Packaged-Rolls/Hot-Dog%2C-Hamburger-%26-Sandwich-Rolls/c/RCSS001003015006" tabIndex="-1"  data-auid = "mobile-hot-dog,-hamburger-and-sandwich-rolls">
			Hot Dog, Hamburger & Sandwich Rolls</a>
	</li><li data-level="3" class=""
	role="menuitem" >

	<a class="sub-nav-link" href="/Food/Bakery/Packaged-Rolls/Bagels/c/RCSS001003015001" tabIndex="-1"  data-auid = "mobile-bagels">
			Bagels</a>
	</li></ul>
</li><li data-level="2" class="more"
	role="menuitem" >

	<a class="sub-nav-link" href="/Food/Bakery/Pizza-Crusts-%26-Crumbs/c/RCSS001003016000" tabIndex="-1"  data-auid = "mobile-pizza-crusts-and-crumbs">
			Pizza Crusts & Crumbs<span class="more-indicator"></span>
			</a>
	<ul class="sub-nav-links" aria-hidden="true">
    <li class="last see-all" role="menuitem" data-level="3" data-auid = "mobile-pizza-crusts-and-crumbs">
			<a class="see-all-link" href="/Food/Bakery/Pizza-Crusts-%26-Crumbs/c/RCSS001003016000" tabIndex="-1">
				See all products</a>
		</li>
	<li data-level="3" class=""
	role="menuitem" >

	<a class="sub-nav-link" href="/Food/Bakery/Pizza-Crusts-%26-Crumbs/Pizza-Shells-%26-Dough/c/RCSS001003016001" tabIndex="-1"  data-auid = "mobile-pizza-shells-and-dough">
			Pizza Shells & Dough</a>
	</li><li data-level="3" class=""
	role="menuitem" >

	<a class="sub-nav-link" href="/Food/Bakery/Pizza-Crusts-%26-Crumbs/Bread-Crumbs/c/RCSS001003016002" tabIndex="-1"  data-auid = "mobile-bread-crumbs">
			Bread Crumbs</a>
	</li></ul>
</li><li data-level="2" class="more"
	role="menuitem" >

	<a class="sub-nav-link" href="/Food/Bakery/Everyday-Deals/c/RCSS001003011000" tabIndex="-1"  data-auid = "mobile-everyday-deals">
			Everyday Deals<span class="more-indicator"></span>
			</a>
	<ul class="sub-nav-links" aria-hidden="true">
    <li class="last see-all" role="menuitem" data-level="3" data-auid = "mobile-everyday-deals">
			<a class="see-all-link" href="/Food/Bakery/Everyday-Deals/c/RCSS001003011000" tabIndex="-1">
				See all products</a>
		</li>
	<li data-level="3" class=""
	role="menuitem" >

	<a class="sub-nav-link" href="/Food/Bakery/Everyday-Deals/Everyday-Low-Price/c/RCSS001003011001" tabIndex="-1"  data-auid = "mobile-everyday-low-price">
			Everyday Low Price</a>
	</li><li data-level="3" class=""
	role="menuitem" >

	<a class="sub-nav-link" href="/Food/Bakery/Everyday-Deals/Mix-%26-Match/c/RCSS001003011002" tabIndex="-1"  data-auid = "mobile-mix-and-match">
			Mix & Match</a>
	</li></ul>
</li></ul>
</li><li data-level="1" class="more"
	role="menuitem" >

	<a class="sub-nav-link" href="/Food/Meat-%26-Seafood/c/RCSS001004000000" tabIndex="-1"  data-auid = "mobile-meat-and-seafood">
			Meat & Seafood<span class="more-indicator"></span>
			</a>
	<ul class="sub-nav-links" aria-hidden="true">
    <li class="last see-all" role="menuitem" data-level="2" data-auid = "mobile-meat-and-seafood">
			<a class="see-all-link" href="/Food/Meat-%26-Seafood/c/RCSS001004000000" tabIndex="-1">
				See all products</a>
		</li>
	<li data-level="2" class=""
	role="menuitem" >

	<a class="sub-nav-link" href="/Food/Meat-%26-Seafood/Club-Packs/c/RCSS001004016000" tabIndex="-1"  data-auid = "mobile-club-packs">
			Club Packs</a>
	</li><li data-level="2" class="more"
	role="menuitem" >

	<a class="sub-nav-link" href="/Food/Meat-%26-Seafood/Beef-%26-Veal/c/RCSS001004001000" tabIndex="-1"  data-auid = "mobile-beef-and-veal">
			Beef & Veal<span class="more-indicator"></span>
			</a>
	<ul class="sub-nav-links" aria-hidden="true">
    <li class="last see-all" role="menuitem" data-level="3" data-auid = "mobile-beef-and-veal">
			<a class="see-all-link" href="/Food/Meat-%26-Seafood/Beef-%26-Veal/c/RCSS001004001000" tabIndex="-1">
				See all products</a>
		</li>
	<li data-level="3" class=""
	role="menuitem" >

	<a class="sub-nav-link" href="/Food/Meat-%26-Seafood/Beef-%26-Veal/Steak-Cuts/c/RCSS001004001002" tabIndex="-1"  data-auid = "mobile-steak-cuts">
			Steak Cuts</a>
	</li><li data-level="3" class=""
	role="menuitem" >

	<a class="sub-nav-link" href="/Food/Meat-%26-Seafood/Beef-%26-Veal/Roasts-%26-Ribs/c/RCSS001004001003" tabIndex="-1"  data-auid = "mobile-roasts-and-ribs">
			Roasts & Ribs</a>
	</li><li data-level="3" class=""
	role="menuitem" >

	<a class="sub-nav-link" href="/Food/Meat-%26-Seafood/Beef-%26-Veal/Stew%2C-Cubes-%26-Strips/c/RCSS001004001004" tabIndex="-1"  data-auid = "mobile-stew,-cubes-and-strips">
			Stew, Cubes & Strips</a>
	</li><li data-level="3" class=""
	role="menuitem" >

	<a class="sub-nav-link" href="/Food/Meat-%26-Seafood/Beef-%26-Veal/Veal-Cuts/c/RCSS001004001008" tabIndex="-1"  data-auid = "mobile-veal-cuts">
			Veal Cuts</a>
	</li><li data-level="3" class=""
	role="menuitem" >

	<a class="sub-nav-link" href="/Food/Meat-%26-Seafood/Beef-%26-Veal/Ground-Beef-%26-Burgers/c/RCSS001004001001" tabIndex="-1"  data-auid = "mobile-ground-beef-and-burgers">
			Ground Beef & Burgers</a>
	</li><li data-level="3" class=""
	role="menuitem" >

	<a class="sub-nav-link" href="/Food/Meat-%26-Seafood/Beef-%26-Veal/Offal-%26-Other-Cuts/c/RCSS001004001005" tabIndex="-1"  data-auid = "mobile-offal-and-other-cuts">
			Offal & Other Cuts</a>
	</li></ul>
</li><li data-level="2" class="more"
	role="menuitem" >

	<a class="sub-nav-link" href="/Food/Meat-%26-Seafood/Chicken-%26-Turkey/c/RCSS001004002000" tabIndex="-1"  data-auid = "mobile-chicken-and-turkey">
			Chicken & Turkey<span class="more-indicator"></span>
			</a>
	<ul class="sub-nav-links" aria-hidden="true">
    <li class="last see-all" role="menuitem" data-level="3" data-auid = "mobile-chicken-and-turkey">
			<a class="see-all-link" href="/Food/Meat-%26-Seafood/Chicken-%26-Turkey/c/RCSS001004002000" tabIndex="-1">
				See all products</a>
		</li>
	<li data-level="3" class=""
	role="menuitem" >

	<a class="sub-nav-link" href="/Food/Meat-%26-Seafood/Chicken-%26-Turkey/Breasts/c/RCSS001004002001" tabIndex="-1"  data-auid = "mobile-breasts">
			Breasts</a>
	</li><li data-level="3" class=""
	role="menuitem" >

	<a class="sub-nav-link" href="/Food/Meat-%26-Seafood/Chicken-%26-Turkey/Ground-and-Offal/c/RCSS001004002004" tabIndex="-1"  data-auid = "mobile-ground-and-offal">
			Ground and Offal</a>
	</li><li data-level="3" class=""
	role="menuitem" >

	<a class="sub-nav-link" href="/Food/Meat-%26-Seafood/Chicken-%26-Turkey/Strips%2C-Cubes-%26-Bacon/c/RCSS001004002007" tabIndex="-1"  data-auid = "mobile-strips,-cubes-and-bacon">
			Strips, Cubes & Bacon</a>
	</li><li data-level="3" class=""
	role="menuitem" >

	<a class="sub-nav-link" href="/Food/Meat-%26-Seafood/Chicken-%26-Turkey/Whole-%26-Halved/c/RCSS001004002003" tabIndex="-1"  data-auid = "mobile-whole-and-halved">
			Whole & Halved</a>
	</li><li data-level="3" class=""
	role="menuitem" >

	<a class="sub-nav-link" href="/Food/Meat-%26-Seafood/Chicken-%26-Turkey/Drumsticks-%26-Wings/c/RCSS001004002005" tabIndex="-1"  data-auid = "mobile-drumsticks-and-wings">
			Drumsticks & Wings</a>
	</li><li data-level="3" class=""
	role="menuitem" >

	<a class="sub-nav-link" href="/Food/Meat-%26-Seafood/Chicken-%26-Turkey/Thighs-%26-Legs/c/RCSS001004002002" tabIndex="-1"  data-auid = "mobile-thighs-and-legs">
			Thighs & Legs</a>
	</li></ul>
</li><li data-level="2" class="more"
	role="menuitem" >

	<a class="sub-nav-link" href="/Food/Meat-%26-Seafood/Pork/c/RCSS001004003000" tabIndex="-1"  data-auid = "mobile-pork">
			Pork<span class="more-indicator"></span>
			</a>
	<ul class="sub-nav-links" aria-hidden="true">
    <li class="last see-all" role="menuitem" data-level="3" data-auid = "mobile-pork">
			<a class="see-all-link" href="/Food/Meat-%26-Seafood/Pork/c/RCSS001004003000" tabIndex="-1">
				See all products</a>
		</li>
	<li data-level="3" class=""
	role="menuitem" >

	<a class="sub-nav-link" href="/Food/Meat-%26-Seafood/Pork/Ham/c/RCSS001004003001" tabIndex="-1"  data-auid = "mobile-ham">
			Ham</a>
	</li><li data-level="3" class=""
	role="menuitem" >

	<a class="sub-nav-link" href="/Food/Meat-%26-Seafood/Pork/Ground-Pork/c/RCSS001004003006" tabIndex="-1"  data-auid = "mobile-ground-pork">
			Ground Pork</a>
	</li><li data-level="3" class=""
	role="menuitem" >

	<a class="sub-nav-link" href="/Food/Meat-%26-Seafood/Pork/Chops-%26-Steaks/c/RCSS001004003004" tabIndex="-1"  data-auid = "mobile-chops-and-steaks">
			Chops & Steaks</a>
	</li><li data-level="3" class=""
	role="menuitem" >

	<a class="sub-nav-link" href="/Food/Meat-%26-Seafood/Pork/Bacon/c/RCSS001004003007" tabIndex="-1"  data-auid = "mobile-bacon">
			Bacon</a>
	</li><li data-level="3" class=""
	role="menuitem" >

	<a class="sub-nav-link" href="/Food/Meat-%26-Seafood/Pork/Ribs-%26-Roasts/c/RCSS001004003002" tabIndex="-1"  data-auid = "mobile-ribs-and-roasts">
			Ribs & Roasts</a>
	</li><li data-level="3" class=""
	role="menuitem" >

	<a class="sub-nav-link" href="/Food/Meat-%26-Seafood/Pork/Tenderloin/c/RCSS001004003003" tabIndex="-1"  data-auid = "mobile-tenderloin">
			Tenderloin</a>
	</li><li data-level="3" class=""
	role="menuitem" >

	<a class="sub-nav-link" href="/Food/Meat-%26-Seafood/Pork/Offal/c/RCSS001004003005" tabIndex="-1"  data-auid = "mobile-offal">
			Offal</a>
	</li></ul>
</li><li data-level="2" class="more"
	role="menuitem" >

	<a class="sub-nav-link" href="/Food/Meat-%26-Seafood/Lamb-%26-Goat/c/RCSS001004004000" tabIndex="-1"  data-auid = "mobile-lamb-and-goat">
			Lamb & Goat<span class="more-indicator"></span>
			</a>
	<ul class="sub-nav-links" aria-hidden="true">
    <li class="last see-all" role="menuitem" data-level="3" data-auid = "mobile-lamb-and-goat">
			<a class="see-all-link" href="/Food/Meat-%26-Seafood/Lamb-%26-Goat/c/RCSS001004004000" tabIndex="-1">
				See all products</a>
		</li>
	<li data-level="3" class=""
	role="menuitem" >

	<a class="sub-nav-link" href="/Food/Meat-%26-Seafood/Lamb-%26-Goat/Ground-and-Offal/c/RCSS001004004001" tabIndex="-1"  data-auid = "mobile-ground-and-offal">
			Ground and Offal</a>
	</li><li data-level="3" class=""
	role="menuitem" >

	<a class="sub-nav-link" href="/Food/Meat-%26-Seafood/Lamb-%26-Goat/Roasts-%26-Ribs/c/RCSS001004004002" tabIndex="-1"  data-auid = "mobile-roasts-and-ribs">
			Roasts & Ribs</a>
	</li><li data-level="3" class=""
	role="menuitem" >

	<a class="sub-nav-link" href="/Food/Meat-%26-Seafood/Lamb-%26-Goat/Steaks-%26-Loins/c/RCSS001004004003" tabIndex="-1"  data-auid = "mobile-steaks-and-loins">
			Steaks & Loins</a>
	</li><li data-level="3" class=""
	role="menuitem" >

	<a class="sub-nav-link" href="/Food/Meat-%26-Seafood/Lamb-%26-Goat/Stew-Chops/c/RCSS001004004004" tabIndex="-1"  data-auid = "mobile-stew-chops">
			Stew Chops</a>
	</li></ul>
</li><li data-level="2" class=""
	role="menuitem" >

	<a class="sub-nav-link" href="/Food/Meat-%26-Seafood/Free-From-Meats/c/RCSS001004005000" tabIndex="-1"  data-auid = "mobile-free-from-meats">
			Free From Meats</a>
	</li><li data-level="2" class="more"
	role="menuitem" >

	<a class="sub-nav-link" href="/Food/Meat-%26-Seafood/Frozen-Meat/c/RCSS001004015000" tabIndex="-1"  data-auid = "mobile-frozen-meat">
			Frozen Meat<span class="more-indicator"></span>
			</a>
	<ul class="sub-nav-links" aria-hidden="true">
    <li class="last see-all" role="menuitem" data-level="3" data-auid = "mobile-frozen-meat">
			<a class="see-all-link" href="/Food/Meat-%26-Seafood/Frozen-Meat/c/RCSS001004015000" tabIndex="-1">
				See all products</a>
		</li>
	<li data-level="3" class=""
	role="menuitem" >

	<a class="sub-nav-link" href="/Food/Meat-%26-Seafood/Frozen-Meat/Chicken-Breasts/c/RCSS001004015002" tabIndex="-1"  data-auid = "mobile-chicken-breasts">
			Chicken Breasts</a>
	</li><li data-level="3" class=""
	role="menuitem" >

	<a class="sub-nav-link" href="/Food/Meat-%26-Seafood/Frozen-Meat/Chicken-Strips%2C-Nuggets-%26-More/c/RCSS001004015003" tabIndex="-1"  data-auid = "mobile-chicken-strips,-nuggets-and-more">
			Chicken Strips, Nuggets & More</a>
	</li><li data-level="3" class=""
	role="menuitem" >

	<a class="sub-nav-link" href="/Food/Meat-%26-Seafood/Frozen-Meat/Chicken-Wings/c/RCSS001004015004" tabIndex="-1"  data-auid = "mobile-chicken-wings">
			Chicken Wings</a>
	</li><li data-level="3" class=""
	role="menuitem" >

	<a class="sub-nav-link" href="/Food/Meat-%26-Seafood/Frozen-Meat/Grilling-Burgers/c/RCSS001004015005" tabIndex="-1"  data-auid = "mobile-grilling-burgers">
			Grilling Burgers</a>
	</li><li data-level="3" class=""
	role="menuitem" >

	<a class="sub-nav-link" href="/Food/Meat-%26-Seafood/Frozen-Meat/Halal/c/RCSS001004015006" tabIndex="-1"  data-auid = "mobile-halal">
			Halal</a>
	</li><li data-level="3" class=""
	role="menuitem" >

	<a class="sub-nav-link" href="/Food/Meat-%26-Seafood/Frozen-Meat/Hors-D%27Oeuvres-%26-Meatballs/c/RCSS001004015007" tabIndex="-1"  data-auid = "mobile-hors-d'oeuvres-and-meatballs">
			Hors D'Oeuvres & Meatballs</a>
	</li><li data-level="3" class=""
	role="menuitem" >

	<a class="sub-nav-link" href="/Food/Meat-%26-Seafood/Frozen-Meat/Pies-%26-Dinners/c/RCSS001004015008" tabIndex="-1"  data-auid = "mobile-pies-and-dinners">
			Pies & Dinners</a>
	</li><li data-level="3" class=""
	role="menuitem" >

	<a class="sub-nav-link" href="/Food/Meat-%26-Seafood/Frozen-Meat/Ribs-%26-Sausage/c/RCSS001004015009" tabIndex="-1"  data-auid = "mobile-ribs-and-sausage">
			Ribs & Sausage</a>
	</li><li data-level="3" class=""
	role="menuitem" >

	<a class="sub-nav-link" href="/Food/Frozen/Fish-%26-Seafood/Battered-%26-Breaded/c/RCSS001007005002" tabIndex="-1"  data-auid = "mobile-battered-and-breaded">
			Battered & Breaded</a>
	</li><li data-level="3" class=""
	role="menuitem" >

	<a class="sub-nav-link" href="/Food/Frozen/Fish-%26-Seafood/Burgers-%26-Patties/c/RCSS001007005003" tabIndex="-1"  data-auid = "mobile-burgers-and-patties">
			Burgers & Patties</a>
	</li></ul>
</li><li data-level="2" class="more"
	role="menuitem" >

	<a class="sub-nav-link" href="/Food/Meat-%26-Seafood/Prepped-%26-Marinated/c/RCSS001004009000" tabIndex="-1"  data-auid = "mobile-prepped-and-marinated">
			Prepped & Marinated<span class="more-indicator"></span>
			</a>
	<ul class="sub-nav-links" aria-hidden="true">
    <li class="last see-all" role="menuitem" data-level="3" data-auid = "mobile-prepped-and-marinated">
			<a class="see-all-link" href="/Food/Meat-%26-Seafood/Prepped-%26-Marinated/c/RCSS001004009000" tabIndex="-1">
				See all products</a>
		</li>
	<li data-level="3" class=""
	role="menuitem" >

	<a class="sub-nav-link" href="/Food/Meat-%26-Seafood/Prepped-%26-Marinated/Kebabs-%26-Skewers/c/RCSS001004009005" tabIndex="-1"  data-auid = "mobile-kebabs-and-skewers">
			Kebabs & Skewers</a>
	</li><li data-level="3" class=""
	role="menuitem" >

	<a class="sub-nav-link" href="/Food/Meat-%26-Seafood/Prepped-%26-Marinated/Marinated-Cubes-%26-Steaks/c/RCSS001004009006" tabIndex="-1"  data-auid = "mobile-marinated-cubes-and-steaks">
			Marinated Cubes & Steaks</a>
	</li><li data-level="3" class=""
	role="menuitem" >

	<a class="sub-nav-link" href="/Food/Meat-%26-Seafood/Prepped-%26-Marinated/Sausages-%26-Hot-Dogs/c/RCSS001004009009" tabIndex="-1"  data-auid = "mobile-sausages-and-hot-dogs">
			Sausages & Hot Dogs</a>
	</li></ul>
</li><li data-level="2" class="more"
	role="menuitem" >

	<a class="sub-nav-link" href="/Food/Meat-%26-Seafood/Game-Meats-%26-Fowl/c/RCSS001004010000" tabIndex="-1"  data-auid = "mobile-game-meats-and-fowl">
			Game Meats & Fowl<span class="more-indicator"></span>
			</a>
	<ul class="sub-nav-links" aria-hidden="true">
    <li class="last see-all" role="menuitem" data-level="3" data-auid = "mobile-game-meats-and-fowl">
			<a class="see-all-link" href="/Food/Meat-%26-Seafood/Game-Meats-%26-Fowl/c/RCSS001004010000" tabIndex="-1">
				See all products</a>
		</li>
	<li data-level="3" class=""
	role="menuitem" >

	<a class="sub-nav-link" href="/Food/Meat-%26-Seafood/Game-Meats-%26-Fowl/Duck/c/RCSS001004010002" tabIndex="-1"  data-auid = "mobile-duck">
			Duck</a>
	</li><li data-level="3" class=""
	role="menuitem" >

	<a class="sub-nav-link" href="/Food/Meat-%26-Seafood/Game-Meats-%26-Fowl/Rabbit/c/RCSS001004010003" tabIndex="-1"  data-auid = "mobile-rabbit">
			Rabbit</a>
	</li><li data-level="3" class=""
	role="menuitem" >

	<a class="sub-nav-link" href="/Food/Meat-%26-Seafood/Game-Meats-%26-Fowl/Cornish-Hen/c/RCSS001004010004" tabIndex="-1"  data-auid = "mobile-cornish-hen">
			Cornish Hen</a>
	</li></ul>
</li><li data-level="2" class="more"
	role="menuitem" >

	<a class="sub-nav-link" href="/Food/Meat-%26-Seafood/Fish-%26-Seafood/c/RCSS001004006000" tabIndex="-1"  data-auid = "mobile-fish-and-seafood">
			Fish & Seafood<span class="more-indicator"></span>
			</a>
	<ul class="sub-nav-links" aria-hidden="true">
    <li class="last see-all" role="menuitem" data-level="3" data-auid = "mobile-fish-and-seafood">
			<a class="see-all-link" href="/Food/Meat-%26-Seafood/Fish-%26-Seafood/c/RCSS001004006000" tabIndex="-1">
				See all products</a>
		</li>
	<li data-level="3" class=""
	role="menuitem" >

	<a class="sub-nav-link" href="/Food/Meat-%26-Seafood/Fish-%26-Seafood/Small-%26-Salty/c/RCSS001004006004" tabIndex="-1"  data-auid = "mobile-small-and-salty">
			Small & Salty</a>
	</li><li data-level="3" class=""
	role="menuitem" >

	<a class="sub-nav-link" href="/Food/Meat-%26-Seafood/Fish-%26-Seafood/White-Fish/c/RCSS001004006002" tabIndex="-1"  data-auid = "mobile-white-fish">
			White Fish</a>
	</li><li data-level="3" class=""
	role="menuitem" >

	<a class="sub-nav-link" href="/Food/Meat-%26-Seafood/Fish-%26-Seafood/Salmon%2C-Trout-%26-Tuna/c/RCSS001004006003" tabIndex="-1"  data-auid = "mobile-salmon,-trout-and-tuna">
			Salmon, Trout & Tuna</a>
	</li><li data-level="3" class=""
	role="menuitem" >

	<a class="sub-nav-link" href="/Food/Meat-%26-Seafood/Fish-%26-Seafood/Whole-Fish/c/RCSS001004006001" tabIndex="-1"  data-auid = "mobile-whole-fish">
			Whole Fish</a>
	</li><li data-level="3" class=""
	role="menuitem" >

	<a class="sub-nav-link" href="/Food/Meat-%26-Seafood/Fish-%26-Seafood/Scallops%2C-Mussels-%26-More/c/RCSS001004006006" tabIndex="-1"  data-auid = "mobile-scallops,-mussels-and-more">
			Scallops, Mussels & More</a>
	</li><li data-level="3" class=""
	role="menuitem" >

	<a class="sub-nav-link" href="/Food/Meat-%26-Seafood/Fish-%26-Seafood/Lobster-%26-Crab/c/RCSS001004006007" tabIndex="-1"  data-auid = "mobile-lobster-and-crab">
			Lobster & Crab</a>
	</li><li data-level="3" class=""
	role="menuitem" >

	<a class="sub-nav-link" href="/Food/Meat-%26-Seafood/Fish-%26-Seafood/Shrimp-%26-Prawns/c/RCSS001004006005" tabIndex="-1"  data-auid = "mobile-shrimp-and-prawns">
			Shrimp & Prawns</a>
	</li></ul>
</li><li data-level="2" class="more"
	role="menuitem" >

	<a class="sub-nav-link" href="/Food/Meat-%26-Seafood/Frozen-Seafood/c/RCSS001004018000" tabIndex="-1"  data-auid = "mobile-frozen-seafood">
			Frozen Seafood<span class="more-indicator"></span>
			</a>
	<ul class="sub-nav-links" aria-hidden="true">
    <li class="last see-all" role="menuitem" data-level="3" data-auid = "mobile-frozen-seafood">
			<a class="see-all-link" href="/Food/Meat-%26-Seafood/Frozen-Seafood/c/RCSS001004018000" tabIndex="-1">
				See all products</a>
		</li>
	<li data-level="3" class=""
	role="menuitem" >

	<a class="sub-nav-link" href="/Food/Meat-%26-Seafood/Frozen-Seafood/Salmon/c/RCSS001004018001" tabIndex="-1"  data-auid = "mobile-salmon">
			Salmon</a>
	</li><li data-level="3" class=""
	role="menuitem" >

	<a class="sub-nav-link" href="/Food/Meat-%26-Seafood/Frozen-Seafood/Shrimp/c/RCSS001004018002" tabIndex="-1"  data-auid = "mobile-shrimp">
			Shrimp</a>
	</li><li data-level="3" class=""
	role="menuitem" >

	<a class="sub-nav-link" href="/Food/Meat-%26-Seafood/Frozen-Seafood/Whole-Fish-%26-Fillets/c/RCSS001004018003" tabIndex="-1"  data-auid = "mobile-whole-fish-and-fillets">
			Whole Fish & Fillets</a>
	</li><li data-level="3" class=""
	role="menuitem" >

	<a class="sub-nav-link" href="/Food/Meat-%26-Seafood/Frozen-Seafood/Hors-D%27oeuvres/c/RCSS001004018004" tabIndex="-1"  data-auid = "mobile-hors-d'oeuvres">
			Hors D'oeuvres</a>
	</li><li data-level="3" class=""
	role="menuitem" >

	<a class="sub-nav-link" href="/Food/Meat-%26-Seafood/Frozen-Seafood/Ready-To-Cook/c/RCSS001004018005" tabIndex="-1"  data-auid = "mobile-ready-to-cook">
			Ready To Cook</a>
	</li><li data-level="3" class=""
	role="menuitem" >

	<a class="sub-nav-link" href="/Food/Meat-%26-Seafood/Frozen-Seafood/Smoked-Fish/c/RCSS001004018006" tabIndex="-1"  data-auid = "mobile-smoked-fish">
			Smoked Fish</a>
	</li><li data-level="3" class=""
	role="menuitem" >

	<a class="sub-nav-link" href="/Food/Meat-%26-Seafood/Frozen-Seafood/Shellfish%2C-Squid-%26-Octopus/c/RCSS001004018007" tabIndex="-1"  data-auid = "mobile-shellfish,-squid-and-octopus">
			Shellfish, Squid & Octopus</a>
	</li></ul>
</li></ul>
</li><li data-level="1" class="more"
	role="menuitem" >

	<a class="sub-nav-link" href="/Food/Dairy-and-Eggs/c/RCSS001005000000" tabIndex="-1"  data-auid = "mobile-dairy-and-eggs">
			Dairy and Eggs<span class="more-indicator"></span>
			</a>
	<ul class="sub-nav-links" aria-hidden="true">
    <li class="last see-all" role="menuitem" data-level="2" data-auid = "mobile-dairy-and-eggs">
			<a class="see-all-link" href="/Food/Dairy-and-Eggs/c/RCSS001005000000" tabIndex="-1">
				See all products</a>
		</li>
	<li data-level="2" class=""
	role="menuitem" >

	<a class="sub-nav-link" href="/Food/Dairy-and-Eggs/Always-a-Low-Price/c/RCSS001005010000" tabIndex="-1"  data-auid = "mobile-always-a-low-price">
			Always a Low Price</a>
	</li><li data-level="2" class="more"
	role="menuitem" >

	<a class="sub-nav-link" href="/Food/Dairy-and-Eggs/Milk-%26-Cream/c/RCSS001005005000" tabIndex="-1"  data-auid = "mobile-milk-and-cream">
			Milk & Cream<span class="more-indicator"></span>
			</a>
	<ul class="sub-nav-links" aria-hidden="true">
    <li class="last see-all" role="menuitem" data-level="3" data-auid = "mobile-milk-and-cream">
			<a class="see-all-link" href="/Food/Dairy-and-Eggs/Milk-%26-Cream/c/RCSS001005005000" tabIndex="-1">
				See all products</a>
		</li>
	<li data-level="3" class=""
	role="menuitem" >

	<a class="sub-nav-link" href="/Food/Dairy-and-Eggs/Milk-%26-Cream/2%25-%26-Whole-Milk/c/RCSS001005005005" tabIndex="-1"  data-auid = "mobile-2%-and-whole-milk">
			2% & Whole Milk</a>
	</li><li data-level="3" class=""
	role="menuitem" >

	<a class="sub-nav-link" href="/Food/Dairy-and-Eggs/Milk-%26-Cream/1%25-%26-Skim-Milk/c/RCSS001005005006" tabIndex="-1"  data-auid = "mobile-1%-and-skim-milk">
			1% & Skim Milk</a>
	</li><li data-level="3" class=""
	role="menuitem" >

	<a class="sub-nav-link" href="/Food/Dairy-and-Eggs/Milk-%26-Cream/Heavy-Cream/c/RCSS001005005003" tabIndex="-1"  data-auid = "mobile-heavy-cream">
			Heavy Cream</a>
	</li><li data-level="3" class=""
	role="menuitem" >

	<a class="sub-nav-link" href="/Food/Dairy-and-Eggs/Milk-%26-Cream/Creamers/c/RCSS001005005001" tabIndex="-1"  data-auid = "mobile-creamers">
			Creamers</a>
	</li><li data-level="3" class=""
	role="menuitem" >

	<a class="sub-nav-link" href="/Food/Dairy-and-Eggs/Milk-%26-Cream/Flavoured-Milk/c/RCSS001005005009" tabIndex="-1"  data-auid = "mobile-flavoured-milk">
			Flavoured Milk</a>
	</li><li data-level="3" class=""
	role="menuitem" >

	<a class="sub-nav-link" href="/Food/Dairy-and-Eggs/Milk-%26-Cream/Lactose-Free-Milks/c/RCSS001005005011" tabIndex="-1"  data-auid = "mobile-lactose-free-milks">
			Lactose Free Milks</a>
	</li><li data-level="3" class=""
	role="menuitem" >

	<a class="sub-nav-link" href="/Food/Dairy-and-Eggs/Milk-%26-Cream/Goat-%26-Buffalo-Milk/c/RCSS001005005007" tabIndex="-1"  data-auid = "mobile-goat-and-buffalo-milk">
			Goat & Buffalo Milk</a>
	</li><li data-level="3" class=""
	role="menuitem" >

	<a class="sub-nav-link" href="/Food/Dairy-and-Eggs/Milk-%26-Cream/Long-Life-Milk/c/RCSS001005005010" tabIndex="-1"  data-auid = "mobile-long-life-milk">
			Long Life Milk</a>
	</li></ul>
</li><li data-level="2" class="more"
	role="menuitem" >

	<a class="sub-nav-link" href="/Food/Dairy-and-Eggs/Packaged-Cheeses/c/RCSS001005007000" tabIndex="-1"  data-auid = "mobile-packaged-cheeses">
			Packaged Cheeses<span class="more-indicator"></span>
			</a>
	<ul class="sub-nav-links" aria-hidden="true">
    <li class="last see-all" role="menuitem" data-level="3" data-auid = "mobile-packaged-cheeses">
			<a class="see-all-link" href="/Food/Dairy-and-Eggs/Packaged-Cheeses/c/RCSS001005007000" tabIndex="-1">
				See all products</a>
		</li>
	<li data-level="3" class=""
	role="menuitem" >

	<a class="sub-nav-link" href="/Food/Dairy-and-Eggs/Packaged-Cheeses/Cheese-Blocks/c/RCSS001005007001" tabIndex="-1"  data-auid = "mobile-cheese-blocks">
			Cheese Blocks</a>
	</li><li data-level="3" class=""
	role="menuitem" >

	<a class="sub-nav-link" href="/Food/Dairy-and-Eggs/Packaged-Cheeses/Shredded-Cheese/c/RCSS001005007006" tabIndex="-1"  data-auid = "mobile-shredded-cheese">
			Shredded Cheese</a>
	</li><li data-level="3" class=""
	role="menuitem" >

	<a class="sub-nav-link" href="/Food/Dairy-and-Eggs/Packaged-Cheeses/String-%26-Snack/c/RCSS001005007002" tabIndex="-1"  data-auid = "mobile-string-and-snack">
			String & Snack</a>
	</li><li data-level="3" class=""
	role="menuitem" >

	<a class="sub-nav-link" href="/Food/Dairy-and-Eggs/Packaged-Cheeses/Sliced-Cheese/c/RCSS001005007007" tabIndex="-1"  data-auid = "mobile-sliced-cheese">
			Sliced Cheese</a>
	</li><li data-level="3" class=""
	role="menuitem" >

	<a class="sub-nav-link" href="/Food/Dairy-and-Eggs/Packaged-Cheeses/Cream-Cheese/c/RCSS001005007003" tabIndex="-1"  data-auid = "mobile-cream-cheese">
			Cream Cheese</a>
	</li><li data-level="3" class=""
	role="menuitem" >

	<a class="sub-nav-link" href="/Food/Dairy-and-Eggs/Packaged-Cheeses/Cottage-Cheese/c/RCSS001005007004" tabIndex="-1"  data-auid = "mobile-cottage-cheese">
			Cottage Cheese</a>
	</li><li data-level="3" class=""
	role="menuitem" >

	<a class="sub-nav-link" href="/Food/Dairy-and-Eggs/Packaged-Cheeses/Vegan-%26-Lactose-Free/c/RCSS001005007005" tabIndex="-1"  data-auid = "mobile-vegan-and-lactose-free">
			Vegan & Lactose Free</a>
	</li><li data-level="3" class=""
	role="menuitem" >

	<a class="sub-nav-link" href="/Food/Dairy-and-Eggs/Packaged-Cheeses/Deli-%26-Specialty/c/RCSS001005007008" tabIndex="-1"  data-auid = "mobile-deli-and-specialty">
			Deli & Specialty</a>
	</li></ul>
</li><li data-level="2" class="more"
	role="menuitem" >

	<a class="sub-nav-link" href="/Food/Dairy-and-Eggs/Butter-%26-Spreads/c/RCSS001005001000" tabIndex="-1"  data-auid = "mobile-butter-and-spreads">
			Butter & Spreads<span class="more-indicator"></span>
			</a>
	<ul class="sub-nav-links" aria-hidden="true">
    <li class="last see-all" role="menuitem" data-level="3" data-auid = "mobile-butter-and-spreads">
			<a class="see-all-link" href="/Food/Dairy-and-Eggs/Butter-%26-Spreads/c/RCSS001005001000" tabIndex="-1">
				See all products</a>
		</li>
	<li data-level="3" class=""
	role="menuitem" >

	<a class="sub-nav-link" href="/Food/Dairy-and-Eggs/Butter-%26-Spreads/Butter/c/RCSS001005001001" tabIndex="-1"  data-auid = "mobile-butter">
			Butter</a>
	</li><li data-level="3" class=""
	role="menuitem" >

	<a class="sub-nav-link" href="/Food/Dairy-and-Eggs/Butter-%26-Spreads/Margarine-%26-Spreads/c/RCSS001005001002" tabIndex="-1"  data-auid = "mobile-margarine-and-spreads">
			Margarine & Spreads</a>
	</li></ul>
</li><li data-level="2" class="more"
	role="menuitem" >

	<a class="sub-nav-link" href="/Food/Dairy-and-Eggs/Egg-%26-Egg-Substitutes/c/RCSS001005003000" tabIndex="-1"  data-auid = "mobile-egg-and-egg-substitutes">
			Egg & Egg Substitutes<span class="more-indicator"></span>
			</a>
	<ul class="sub-nav-links" aria-hidden="true">
    <li class="last see-all" role="menuitem" data-level="3" data-auid = "mobile-egg-and-egg-substitutes">
			<a class="see-all-link" href="/Food/Dairy-and-Eggs/Egg-%26-Egg-Substitutes/c/RCSS001005003000" tabIndex="-1">
				See all products</a>
		</li>
	<li data-level="3" class=""
	role="menuitem" >

	<a class="sub-nav-link" href="/Food/Dairy-and-Eggs/Egg-%26-Egg-Substitutes/Whole-Eggs/c/RCSS001005003001" tabIndex="-1"  data-auid = "mobile-whole-eggs">
			Whole Eggs</a>
	</li><li data-level="3" class=""
	role="menuitem" >

	<a class="sub-nav-link" href="/Food/Dairy-and-Eggs/Egg-%26-Egg-Substitutes/Quail-and-Duck-Eggs/c/RCSS001005003003" tabIndex="-1"  data-auid = "mobile-quail-and-duck-eggs">
			Quail and Duck Eggs</a>
	</li><li data-level="3" class=""
	role="menuitem" >

	<a class="sub-nav-link" href="/Food/Dairy-and-Eggs/Egg-%26-Egg-Substitutes/Liquid-Eggs-%26-Whites/c/RCSS001005003002" tabIndex="-1"  data-auid = "mobile-liquid-eggs-and-whites">
			Liquid Eggs & Whites</a>
	</li></ul>
</li><li data-level="2" class="more"
	role="menuitem" >

	<a class="sub-nav-link" href="/Food/Dairy-and-Eggs/Yogurt/c/RCSS001005009000" tabIndex="-1"  data-auid = "mobile-yogurt">
			Yogurt<span class="more-indicator"></span>
			</a>
	<ul class="sub-nav-links" aria-hidden="true">
    <li class="last see-all" role="menuitem" data-level="3" data-auid = "mobile-yogurt">
			<a class="see-all-link" href="/Food/Dairy-and-Eggs/Yogurt/c/RCSS001005009000" tabIndex="-1">
				See all products</a>
		</li>
	<li data-level="3" class=""
	role="menuitem" >

	<a class="sub-nav-link" href="/Food/Dairy-and-Eggs/Yogurt/Greek-Tub-Yogurt/c/RCSS001005009010" tabIndex="-1"  data-auid = "mobile-greek-tub-yogurt">
			Greek Tub Yogurt</a>
	</li><li data-level="3" class=""
	role="menuitem" >

	<a class="sub-nav-link" href="/Food/Dairy-and-Eggs/Yogurt/Greek-Multi-Pack-Yogurt/c/RCSS001005009012" tabIndex="-1"  data-auid = "mobile-greek-multi-pack-yogurt">
			Greek Multi-Pack Yogurt</a>
	</li><li data-level="3" class=""
	role="menuitem" >

	<a class="sub-nav-link" href="/Food/Dairy-and-Eggs/Yogurt/Yogurt-Tubs/c/RCSS001005009005" tabIndex="-1"  data-auid = "mobile-yogurt-tubs">
			Yogurt Tubs</a>
	</li><li data-level="3" class=""
	role="menuitem" >

	<a class="sub-nav-link" href="/Food/Dairy-and-Eggs/Yogurt/Multipacks/c/RCSS001005009006" tabIndex="-1"  data-auid = "mobile-multipacks">
			Multipacks</a>
	</li><li data-level="3" class=""
	role="menuitem" >

	<a class="sub-nav-link" href="/Food/Dairy-and-Eggs/Yogurt/Single-Yogurts/c/RCSS001005009009" tabIndex="-1"  data-auid = "mobile-single-yogurts">
			Single Yogurts</a>
	</li><li data-level="3" class=""
	role="menuitem" >

	<a class="sub-nav-link" href="/Food/Dairy-and-Eggs/Yogurt/Drinkable-%26-Smoothies/c/RCSS001005009003" tabIndex="-1"  data-auid = "mobile-drinkable-and-smoothies">
			Drinkable & Smoothies</a>
	</li><li data-level="3" class=""
	role="menuitem" >

	<a class="sub-nav-link" href="/Food/Dairy-and-Eggs/Yogurt/Probiotic/c/RCSS001005009007" tabIndex="-1"  data-auid = "mobile-probiotic">
			Probiotic</a>
	</li><li data-level="3" class=""
	role="menuitem" >

	<a class="sub-nav-link" href="/Food/Dairy-and-Eggs/Yogurt/Greek-Yogurt/c/RCSS001005009001" tabIndex="-1"  data-auid = "mobile-greek-yogurt">
			Greek Yogurt</a>
	</li></ul>
</li><li data-level="2" class="more"
	role="menuitem" >

	<a class="sub-nav-link" href="/Food/Dairy-and-Eggs/Sour-Creams-%26-Chip-Dips/c/RCSS001005008000" tabIndex="-1"  data-auid = "mobile-sour-creams-and-chip-dips">
			Sour Creams & Chip Dips<span class="more-indicator"></span>
			</a>
	<ul class="sub-nav-links" aria-hidden="true">
    <li class="last see-all" role="menuitem" data-level="3" data-auid = "mobile-sour-creams-and-chip-dips">
			<a class="see-all-link" href="/Food/Dairy-and-Eggs/Sour-Creams-%26-Chip-Dips/c/RCSS001005008000" tabIndex="-1">
				See all products</a>
		</li>
	<li data-level="3" class=""
	role="menuitem" >

	<a class="sub-nav-link" href="/Food/Dairy-and-Eggs/Sour-Creams-%26-Chip-Dips/Sour-Cream/c/RCSS001005008001" tabIndex="-1"  data-auid = "mobile-sour-cream">
			Sour Cream</a>
	</li><li data-level="3" class=""
	role="menuitem" >

	<a class="sub-nav-link" href="/Food/Dairy-and-Eggs/Sour-Creams-%26-Chip-Dips/Chilled-Chip-Dips/c/RCSS001005008002" tabIndex="-1"  data-auid = "mobile-chilled-chip-dips">
			Chilled Chip Dips</a>
	</li></ul>
</li><li data-level="2" class="more"
	role="menuitem" >

	<a class="sub-nav-link" href="/Food/Dairy-and-Eggs/Chilled-Desserts-%26-Doughs/c/RCSS001005002000" tabIndex="-1"  data-auid = "mobile-chilled-desserts-and-doughs">
			Chilled Desserts & Doughs<span class="more-indicator"></span>
			</a>
	<ul class="sub-nav-links" aria-hidden="true">
    <li class="last see-all" role="menuitem" data-level="3" data-auid = "mobile-chilled-desserts-and-doughs">
			<a class="see-all-link" href="/Food/Dairy-and-Eggs/Chilled-Desserts-%26-Doughs/c/RCSS001005002000" tabIndex="-1">
				See all products</a>
		</li>
	<li data-level="3" class=""
	role="menuitem" >

	<a class="sub-nav-link" href="/Food/Dairy-and-Eggs/Chilled-Desserts-%26-Doughs/Puddings-%26-Mousse/c/RCSS001005002001" tabIndex="-1"  data-auid = "mobile-puddings-and-mousse">
			Puddings & Mousse</a>
	</li><li data-level="3" class=""
	role="menuitem" >

	<a class="sub-nav-link" href="/Food/Dairy-and-Eggs/Chilled-Desserts-%26-Doughs/Chilled-Doughs/c/RCSS001005002004" tabIndex="-1"  data-auid = "mobile-chilled-doughs">
			Chilled Doughs</a>
	</li><li data-level="3" class=""
	role="menuitem" >

	<a class="sub-nav-link" href="/Food/Dairy-and-Eggs/Chilled-Desserts-%26-Doughs/Whipped-Cream/c/RCSS001005002003" tabIndex="-1"  data-auid = "mobile-whipped-cream">
			Whipped Cream</a>
	</li></ul>
</li><li data-level="2" class=""
	role="menuitem" >

	<a class="sub-nav-link" href="/Food/Dairy-and-Eggs/Organic-Dairy/c/RCSS001005006000" tabIndex="-1"  data-auid = "mobile-organic-dairy">
			Organic Dairy</a>
	</li><li data-level="2" class="more"
	role="menuitem" >

	<a class="sub-nav-link" href="/Food/Dairy-and-Eggs/Lactose-Free-Dairy/c/RCSS001005004000" tabIndex="-1"  data-auid = "mobile-lactose-free-dairy">
			Lactose Free Dairy<span class="more-indicator"></span>
			</a>
	<ul class="sub-nav-links" aria-hidden="true">
    <li class="last see-all" role="menuitem" data-level="3" data-auid = "mobile-lactose-free-dairy">
			<a class="see-all-link" href="/Food/Dairy-and-Eggs/Lactose-Free-Dairy/c/RCSS001005004000" tabIndex="-1">
				See all products</a>
		</li>
	<li data-level="3" class=""
	role="menuitem" >

	<a class="sub-nav-link" href="/Food/Dairy-and-Eggs/Lactose-Free-Dairy/Soy-Beverages/c/RCSS001005004001" tabIndex="-1"  data-auid = "mobile-soy-beverages">
			Soy Beverages</a>
	</li><li data-level="3" class=""
	role="menuitem" >

	<a class="sub-nav-link" href="/Food/Dairy-and-Eggs/Lactose-Free-Dairy/Grain%2C-Seed-%26-Nut-Drinks/c/RCSS001005004002" tabIndex="-1"  data-auid = "mobile-grain,-seed-and-nut-drinks">
			Grain, Seed & Nut Drinks</a>
	</li></ul>
</li></ul>
</li><li data-level="1" class="more"
	role="menuitem" >

	<a class="sub-nav-link" href="/Food/Drinks/c/RCSS001006000000" tabIndex="-1"  data-auid = "mobile-drinks">
			Drinks<span class="more-indicator"></span>
			</a>
	<ul class="sub-nav-links" aria-hidden="true">
    <li class="last see-all" role="menuitem" data-level="2" data-auid = "mobile-drinks">
			<a class="see-all-link" href="/Food/Drinks/c/RCSS001006000000" tabIndex="-1">
				See all products</a>
		</li>
	<li data-level="2" class="more"
	role="menuitem" >

	<a class="sub-nav-link" href="/Food/Drinks/Juice/c/RCSS001006004000" tabIndex="-1"  data-auid = "mobile-juice">
			Juice<span class="more-indicator"></span>
			</a>
	<ul class="sub-nav-links" aria-hidden="true">
    <li class="last see-all" role="menuitem" data-level="3" data-auid = "mobile-juice">
			<a class="see-all-link" href="/Food/Drinks/Juice/c/RCSS001006004000" tabIndex="-1">
				See all products</a>
		</li>
	<li data-level="3" class=""
	role="menuitem" >

	<a class="sub-nav-link" href="/Food/Drinks/Juice/Chilled-Juices/c/RCSS001006004002" tabIndex="-1"  data-auid = "mobile-chilled-juices">
			Chilled Juices</a>
	</li><li data-level="3" class=""
	role="menuitem" >

	<a class="sub-nav-link" href="/Food/Drinks/Juice/Shelf-Stable-Juices/c/RCSS001006004006" tabIndex="-1"  data-auid = "mobile-shelf-stable-juices">
			Shelf-Stable Juices</a>
	</li><li data-level="3" class=""
	role="menuitem" >

	<a class="sub-nav-link" href="/Food/Drinks/Juice/Juice-Boxes/c/RCSS001006004005" tabIndex="-1"  data-auid = "mobile-juice-boxes">
			Juice Boxes</a>
	</li><li data-level="3" class=""
	role="menuitem" >

	<a class="sub-nav-link" href="/Food/Drinks/Juice/Sparkling-Juices/c/RCSS001006004011" tabIndex="-1"  data-auid = "mobile-sparkling-juices">
			Sparkling Juices</a>
	</li><li data-level="3" class=""
	role="menuitem" >

	<a class="sub-nav-link" href="/Food/Drinks/Juice/Vegetable-Juices/c/RCSS001006004010" tabIndex="-1"  data-auid = "mobile-vegetable-juices">
			Vegetable Juices</a>
	</li><li data-level="3" class=""
	role="menuitem" >

	<a class="sub-nav-link" href="/Food/Drinks/Juice/Cranberry-Juices/c/RCSS001006004003" tabIndex="-1"  data-auid = "mobile-cranberry-juices">
			Cranberry Juices</a>
	</li></ul>
</li><li data-level="2" class="more"
	role="menuitem" >

	<a class="sub-nav-link" href="/Food/Drinks/Soft-Drinks/c/RCSS001006005000" tabIndex="-1"  data-auid = "mobile-soft-drinks">
			Soft Drinks<span class="more-indicator"></span>
			</a>
	<ul class="sub-nav-links" aria-hidden="true">
    <li class="last see-all" role="menuitem" data-level="3" data-auid = "mobile-soft-drinks">
			<a class="see-all-link" href="/Food/Drinks/Soft-Drinks/c/RCSS001006005000" tabIndex="-1">
				See all products</a>
		</li>
	<li data-level="3" class=""
	role="menuitem" >

	<a class="sub-nav-link" href="/Food/Drinks/Soft-Drinks/1-Liter-%26-Less/c/RCSS001006005001" tabIndex="-1"  data-auid = "mobile-1-liter-and-less">
			1-Liter & Less</a>
	</li><li data-level="3" class=""
	role="menuitem" >

	<a class="sub-nav-link" href="/Food/Drinks/Soft-Drinks/1-5---2-Liter/c/RCSS001006005002" tabIndex="-1"  data-auid = "mobile-1.5---2-liter">
			1.5 - 2 Liter</a>
	</li><li data-level="3" class=""
	role="menuitem" >

	<a class="sub-nav-link" href="/Food/Drinks/Soft-Drinks/4---6-Packs/c/RCSS001006005003" tabIndex="-1"  data-auid = "mobile-4---6-packs">
			4 - 6 Packs</a>
	</li><li data-level="3" class=""
	role="menuitem" >

	<a class="sub-nav-link" href="/Food/Drinks/Soft-Drinks/8---12-Packs/c/RCSS001006005004" tabIndex="-1"  data-auid = "mobile-8---12-packs">
			8 - 12 Packs</a>
	</li><li data-level="3" class=""
	role="menuitem" >

	<a class="sub-nav-link" href="/Food/Drinks/Soft-Drinks/18-%26-Up-Packs/c/RCSS001006005005" tabIndex="-1"  data-auid = "mobile-18-and-up-packs">
			18 & Up Packs</a>
	</li><li data-level="3" class=""
	role="menuitem" >

	<a class="sub-nav-link" href="/Food/Drinks/Soft-Drinks/Specialty-Drinks/c/RCSS001006005008" tabIndex="-1"  data-auid = "mobile-specialty-drinks">
			Specialty Drinks</a>
	</li></ul>
</li><li data-level="2" class="more"
	role="menuitem" >

	<a class="sub-nav-link" href="/Food/Drinks/Sports-%26-Energy/c/RCSS001006007000" tabIndex="-1"  data-auid = "mobile-sports-and-energy">
			Sports & Energy<span class="more-indicator"></span>
			</a>
	<ul class="sub-nav-links" aria-hidden="true">
    <li class="last see-all" role="menuitem" data-level="3" data-auid = "mobile-sports-and-energy">
			<a class="see-all-link" href="/Food/Drinks/Sports-%26-Energy/c/RCSS001006007000" tabIndex="-1">
				See all products</a>
		</li>
	<li data-level="3" class=""
	role="menuitem" >

	<a class="sub-nav-link" href="/Food/Drinks/Sports-%26-Energy/Energy-Drinks/c/RCSS001006007001" tabIndex="-1"  data-auid = "mobile-energy-drinks">
			Energy Drinks</a>
	</li><li data-level="3" class=""
	role="menuitem" >

	<a class="sub-nav-link" href="/Food/Drinks/Sports-%26-Energy/Sports-Drinks/c/RCSS001006007003" tabIndex="-1"  data-auid = "mobile-sports-drinks">
			Sports Drinks</a>
	</li><li data-level="3" class=""
	role="menuitem" >

	<a class="sub-nav-link" href="/Food/Drinks/Sports-%26-Energy/Meal-Replacements/c/RCSS001006007004" tabIndex="-1"  data-auid = "mobile-meal-replacements">
			Meal Replacements</a>
	</li></ul>
</li><li data-level="2" class="more"
	role="menuitem" >

	<a class="sub-nav-link" href="/Food/Drinks/Coffee/c/RCSS001006001000" tabIndex="-1"  data-auid = "mobile-coffee">
			Coffee<span class="more-indicator"></span>
			</a>
	<ul class="sub-nav-links" aria-hidden="true">
    <li class="last see-all" role="menuitem" data-level="3" data-auid = "mobile-coffee">
			<a class="see-all-link" href="/Food/Drinks/Coffee/c/RCSS001006001000" tabIndex="-1">
				See all products</a>
		</li>
	<li data-level="3" class=""
	role="menuitem" >

	<a class="sub-nav-link" href="/Food/Drinks/Coffee/Ground-Coffee/c/RCSS001006001004" tabIndex="-1"  data-auid = "mobile-ground-coffee">
			Ground Coffee</a>
	</li><li data-level="3" class=""
	role="menuitem" >

	<a class="sub-nav-link" href="/Food/Drinks/Coffee/Coffee-Pods/c/RCSS001006001002" tabIndex="-1"  data-auid = "mobile-coffee-pods">
			Coffee Pods</a>
	</li><li data-level="3" class=""
	role="menuitem" >

	<a class="sub-nav-link" href="/Food/Drinks/Coffee/Instant-Coffee/c/RCSS001006001007" tabIndex="-1"  data-auid = "mobile-instant-coffee">
			Instant Coffee</a>
	</li><li data-level="3" class=""
	role="menuitem" >

	<a class="sub-nav-link" href="/Food/Drinks/Coffee/Whole-Bean/c/RCSS001006001008" tabIndex="-1"  data-auid = "mobile-whole-bean">
			Whole Bean</a>
	</li><li data-level="3" class=""
	role="menuitem" >

	<a class="sub-nav-link" href="/No-Navigation-Supercategory/Iced-Teas-%26-Coffees/Iced-Coffee/c/RCSS001006003002" tabIndex="-1"  data-auid = "mobile-iced-coffee">
			Iced Coffee</a>
	</li><li data-level="3" class=""
	role="menuitem" >

	<a class="sub-nav-link" href="/Food/Drinks/Coffee/Coffee-Filters/c/RCSS001006001009" tabIndex="-1"  data-auid = "mobile-coffee-filters">
			Coffee Filters</a>
	</li><li data-level="3" class=""
	role="menuitem" >

	<a class="sub-nav-link" href="/Food/Drinks/Coffee/Coffee-Whiteners/c/RCSS001006001003" tabIndex="-1"  data-auid = "mobile-coffee-whiteners">
			Coffee Whiteners</a>
	</li><li data-level="3" class=""
	role="menuitem" >

	<a class="sub-nav-link" href="/Food/Drinks/Coffee/Accessories/c/RCSS001006001010" tabIndex="-1"  data-auid = "mobile-accessories">
			Accessories</a>
	</li></ul>
</li><li data-level="2" class="more"
	role="menuitem" >

	<a class="sub-nav-link" href="/Food/Drinks/Tea-%26-Hot-Drinks/c/RCSS001006008000" tabIndex="-1"  data-auid = "mobile-tea-and-hot-drinks">
			Tea & Hot Drinks<span class="more-indicator"></span>
			</a>
	<ul class="sub-nav-links" aria-hidden="true">
    <li class="last see-all" role="menuitem" data-level="3" data-auid = "mobile-tea-and-hot-drinks">
			<a class="see-all-link" href="/Food/Drinks/Tea-%26-Hot-Drinks/c/RCSS001006008000" tabIndex="-1">
				See all products</a>
		</li>
	<li data-level="3" class=""
	role="menuitem" >

	<a class="sub-nav-link" href="/Food/Drinks/Tea-%26-Hot-Drinks/Black-Tea/c/RCSS001006008001" tabIndex="-1"  data-auid = "mobile-black-tea">
			Black Tea</a>
	</li><li data-level="3" class=""
	role="menuitem" >

	<a class="sub-nav-link" href="/Food/Drinks/Tea-%26-Hot-Drinks/Green-Tea/c/RCSS001006008003" tabIndex="-1"  data-auid = "mobile-green-tea">
			Green Tea</a>
	</li><li data-level="3" class=""
	role="menuitem" >

	<a class="sub-nav-link" href="/Food/Drinks/Tea-%26-Hot-Drinks/Herbal-Tea/c/RCSS001006008009" tabIndex="-1"  data-auid = "mobile-herbal-tea">
			Herbal Tea</a>
	</li><li data-level="3" class=""
	role="menuitem" >

	<a class="sub-nav-link" href="/Food/Drinks/Tea-%26-Hot-Drinks/Specialty-Tea/c/RCSS001006008005" tabIndex="-1"  data-auid = "mobile-specialty-tea">
			Specialty Tea</a>
	</li><li data-level="3" class=""
	role="menuitem" >

	<a class="sub-nav-link" href="/Food/Drinks/Tea-%26-Hot-Drinks/Tea-Pods/c/RCSS001006008008" tabIndex="-1"  data-auid = "mobile-tea-pods">
			Tea Pods</a>
	</li><li data-level="3" class=""
	role="menuitem" >

	<a class="sub-nav-link" href="/No-Navigation-Supercategory/Iced-Teas-%26-Coffees/Iced-Tea/c/RCSS001006003001" tabIndex="-1"  data-auid = "mobile-iced-tea">
			Iced Tea</a>
	</li><li data-level="3" class=""
	role="menuitem" >

	<a class="sub-nav-link" href="/Food/Drinks/Tea-%26-Hot-Drinks/Hot-Chocolate/c/RCSS001006008002" tabIndex="-1"  data-auid = "mobile-hot-chocolate">
			Hot Chocolate</a>
	</li><li data-level="3" class=""
	role="menuitem" >

	<a class="sub-nav-link" href="/Food/Drinks/Tea-%26-Hot-Drinks/Hot-Cider/c/RCSS001006008004" tabIndex="-1"  data-auid = "mobile-hot-cider">
			Hot Cider</a>
	</li><li data-level="3" class=""
	role="menuitem" >

	<a class="sub-nav-link" href="/Food/Drinks/Tea-%26-Hot-Drinks/Variety-Packs/c/RCSS001006008007" tabIndex="-1"  data-auid = "mobile-variety-packs">
			Variety Packs</a>
	</li><li data-level="3" class=""
	role="menuitem" >

	<a class="sub-nav-link" href="/Home-%26-Lifestyle/Home-%26-Outdoors/Small-Kitchen-Appliances/Kettles/c/RCSS002009011005" tabIndex="-1"  data-auid = "mobile-kettles">
			Kettles</a>
	</li></ul>
</li><li data-level="2" class="more"
	role="menuitem" >

	<a class="sub-nav-link" href="/Food/Drinks/Water/c/RCSS001006009000" tabIndex="-1"  data-auid = "mobile-water">
			Water<span class="more-indicator"></span>
			</a>
	<ul class="sub-nav-links" aria-hidden="true">
    <li class="last see-all" role="menuitem" data-level="3" data-auid = "mobile-water">
			<a class="see-all-link" href="/Food/Drinks/Water/c/RCSS001006009000" tabIndex="-1">
				See all products</a>
		</li>
	<li data-level="3" class=""
	role="menuitem" >

	<a class="sub-nav-link" href="/Food/Drinks/Water/Up-to-1-5L-Water/c/RCSS001006009006" tabIndex="-1"  data-auid = "mobile-up-to-1.5l-water">
			Up to 1.5L Water</a>
	</li><li data-level="3" class=""
	role="menuitem" >

	<a class="sub-nav-link" href="/Food/Drinks/Water/4L-%26-Up-Water/c/RCSS001006009007" tabIndex="-1"  data-auid = "mobile-4l-and-up-water">
			4L & Up Water</a>
	</li><li data-level="3" class=""
	role="menuitem" >

	<a class="sub-nav-link" href="/Food/Drinks/Water/4---6-Pack-Water/c/RCSS001006009008" tabIndex="-1"  data-auid = "mobile-4---6-pack-water">
			4 - 6 Pack Water</a>
	</li><li data-level="3" class=""
	role="menuitem" >

	<a class="sub-nav-link" href="/Food/Drinks/Water/8---15-Pack-Water/c/RCSS001006009009" tabIndex="-1"  data-auid = "mobile-8---15-pack-water">
			8 - 15 Pack Water</a>
	</li><li data-level="3" class=""
	role="menuitem" >

	<a class="sub-nav-link" href="/Food/Drinks/Water/18-Pack-%26-Up-Water/c/RCSS001006009010" tabIndex="-1"  data-auid = "mobile-18-pack-and-up-water">
			18 Pack & Up Water</a>
	</li><li data-level="3" class=""
	role="menuitem" >

	<a class="sub-nav-link" href="/Food/Drinks/Water/Sparkling-Water/c/RCSS001006009001" tabIndex="-1"  data-auid = "mobile-sparkling-water">
			Sparkling Water</a>
	</li><li data-level="3" class=""
	role="menuitem" >

	<a class="sub-nav-link" href="/Food/Drinks/Water/Tonic-Water/c/RCSS001006009004" tabIndex="-1"  data-auid = "mobile-tonic-water">
			Tonic Water</a>
	</li><li data-level="3" class=""
	role="menuitem" >

	<a class="sub-nav-link" href="/Food/Drinks/Water/Flavoured-Water/c/RCSS001006009005" tabIndex="-1"  data-auid = "mobile-flavoured-water">
			Flavoured Water</a>
	</li><li data-level="3" class=""
	role="menuitem" >

	<a class="sub-nav-link" href="/Food/Drinks/Water/Coconut-Water/c/RCSS001006009002" tabIndex="-1"  data-auid = "mobile-coconut-water">
			Coconut Water</a>
	</li><li data-level="3" class=""
	role="menuitem" >

	<a class="sub-nav-link" href="/Food/Drinks/Water/Bottled-Water/c/RCSS001006009003" tabIndex="-1"  data-auid = "mobile-bottled-water">
			Bottled Water</a>
	</li></ul>
</li><li data-level="2" class="more"
	role="menuitem" >

	<a class="sub-nav-link" href="/Food/Drinks/Drink-Mixes/c/RCSS001006002000" tabIndex="-1"  data-auid = "mobile-drink-mixes">
			Drink Mixes<span class="more-indicator"></span>
			</a>
	<ul class="sub-nav-links" aria-hidden="true">
    <li class="last see-all" role="menuitem" data-level="3" data-auid = "mobile-drink-mixes">
			<a class="see-all-link" href="/Food/Drinks/Drink-Mixes/c/RCSS001006002000" tabIndex="-1">
				See all products</a>
		</li>
	<li data-level="3" class=""
	role="menuitem" >

	<a class="sub-nav-link" href="/Food/Drinks/Drink-Mixes/Liquid-Drink-Mix/c/RCSS001006002001" tabIndex="-1"  data-auid = "mobile-liquid-drink-mix">
			Liquid Drink Mix</a>
	</li><li data-level="3" class=""
	role="menuitem" >

	<a class="sub-nav-link" href="/Food/Drinks/Drink-Mixes/Powdered-Drink-Mixes/c/RCSS001006002002" tabIndex="-1"  data-auid = "mobile-powdered-drink-mixes">
			Powdered Drink Mixes</a>
	</li></ul>
</li><li data-level="2" class="more"
	role="menuitem" >

	<a class="sub-nav-link" href="/Food/Drinks/Soy%2C-Rice-%26-Almond/c/RCSS001006006000" tabIndex="-1"  data-auid = "mobile-soy,-rice-and-almond">
			Soy, Rice & Almond<span class="more-indicator"></span>
			</a>
	<ul class="sub-nav-links" aria-hidden="true">
    <li class="last see-all" role="menuitem" data-level="3" data-auid = "mobile-soy,-rice-and-almond">
			<a class="see-all-link" href="/Food/Drinks/Soy%2C-Rice-%26-Almond/c/RCSS001006006000" tabIndex="-1">
				See all products</a>
		</li>
	<li data-level="3" class=""
	role="menuitem" >

	<a class="sub-nav-link" href="/Food/Drinks/Soy%2C-Rice-%26-Almond/Rice-Milk/c/RCSS001006006003" tabIndex="-1"  data-auid = "mobile-rice-milk">
			Rice Milk</a>
	</li><li data-level="3" class=""
	role="menuitem" >

	<a class="sub-nav-link" href="/Food/Drinks/Soy%2C-Rice-%26-Almond/Nut-%26-Seed-Milks/c/RCSS001006006002" tabIndex="-1"  data-auid = "mobile-nut-and-seed-milks">
			Nut & Seed Milks</a>
	</li><li data-level="3" class=""
	role="menuitem" >

	<a class="sub-nav-link" href="/Food/Drinks/Soy%2C-Rice-%26-Almond/Soy-Milk/c/RCSS001006006001" tabIndex="-1"  data-auid = "mobile-soy-milk">
			Soy Milk</a>
	</li></ul>
</li><li data-level="2" class="more"
	role="menuitem" >

	<a class="sub-nav-link" href="/Food/Drinks/Alcohol-Free/c/RCSS001006010000" tabIndex="-1"  data-auid = "mobile-alcohol-free">
			Alcohol Free<span class="more-indicator"></span>
			</a>
	<ul class="sub-nav-links" aria-hidden="true">
    <li class="last see-all" role="menuitem" data-level="3" data-auid = "mobile-alcohol-free">
			<a class="see-all-link" href="/Food/Drinks/Alcohol-Free/c/RCSS001006010000" tabIndex="-1">
				See all products</a>
		</li>
	<li data-level="3" class=""
	role="menuitem" >

	<a class="sub-nav-link" href="/Food/Drinks/Alcohol-Free/Beer/c/RCSS001006010003" tabIndex="-1"  data-auid = "mobile-beer">
			Beer</a>
	</li><li data-level="3" class=""
	role="menuitem" >

	<a class="sub-nav-link" href="/Food/Drinks/Alcohol-Free/Wine/c/RCSS001006010001" tabIndex="-1"  data-auid = "mobile-wine">
			Wine</a>
	</li><li data-level="3" class=""
	role="menuitem" >

	<a class="sub-nav-link" href="/Food/Drinks/Alcohol-Free/Alcohol-Free-Drinks/c/RCSS001006010006" tabIndex="-1"  data-auid = "mobile-alcohol-free-drinks">
			Alcohol Free Drinks</a>
	</li><li data-level="3" class=""
	role="menuitem" >

	<a class="sub-nav-link" href="/Food/Drinks/Alcohol-Free/Cocktail-Mixes/c/RCSS001006002005" tabIndex="-1"  data-auid = "mobile-cocktail-mixes">
			Cocktail Mixes</a>
	</li></ul>
</li><li data-level="2" class=""
	role="menuitem" >

	<a class="sub-nav-link" href="/Food/Drinks/Club-Packs/c/RCSS001006011000" tabIndex="-1"  data-auid = "mobile-club-packs">
			Club Packs</a>
	</li></ul>
</li><li data-level="1" class="more"
	role="menuitem" >

	<a class="sub-nav-link" href="/Food/Frozen/c/RCSS001007000000" tabIndex="-1"  data-auid = "mobile-frozen">
			Frozen<span class="more-indicator"></span>
			</a>
	<ul class="sub-nav-links" aria-hidden="true">
    <li class="last see-all" role="menuitem" data-level="2" data-auid = "mobile-frozen">
			<a class="see-all-link" href="/Food/Frozen/c/RCSS001007000000" tabIndex="-1">
				See all products</a>
		</li>
	<li data-level="2" class=""
	role="menuitem" >

	<a class="sub-nav-link" href="/Food/Frozen/Always-a-Low-Price/c/RCSS001007013000" tabIndex="-1"  data-auid = "mobile-always-a-low-price">
			Always a Low Price</a>
	</li><li data-level="2" class="more"
	role="menuitem" >

	<a class="sub-nav-link" href="/Food/Frozen/Appetizers-%26-Snacks/c/RCSS001007001000" tabIndex="-1"  data-auid = "mobile-appetizers-and-snacks">
			Appetizers & Snacks<span class="more-indicator"></span>
			</a>
	<ul class="sub-nav-links" aria-hidden="true">
    <li class="last see-all" role="menuitem" data-level="3" data-auid = "mobile-appetizers-and-snacks">
			<a class="see-all-link" href="/Food/Frozen/Appetizers-%26-Snacks/c/RCSS001007001000" tabIndex="-1">
				See all products</a>
		</li>
	<li data-level="3" class=""
	role="menuitem" >

	<a class="sub-nav-link" href="/Food/Frozen/Appetizers-%26-Snacks/Hors-d%E2%80%99oeuvres/c/RCSS001007001003" tabIndex="-1"  data-auid = "mobile-hors-d’oeuvres">
			Hors d’oeuvres</a>
	</li><li data-level="3" class=""
	role="menuitem" >

	<a class="sub-nav-link" href="/Food/Frozen/Appetizers-%26-Snacks/Pockets-%26-Pies/c/RCSS001007001004" tabIndex="-1"  data-auid = "mobile-pockets-and-pies">
			Pockets & Pies</a>
	</li><li data-level="3" class=""
	role="menuitem" >

	<a class="sub-nav-link" href="/Food/Frozen/Appetizers-%26-Snacks/Corn-Dogs-%26-Burritos/c/RCSS001007001002" tabIndex="-1"  data-auid = "mobile-corn-dogs-and-burritos">
			Corn Dogs & Burritos</a>
	</li></ul>
</li><li data-level="2" class="more"
	role="menuitem" >

	<a class="sub-nav-link" href="/Food/Frozen/Bakery-%26-Fruit/c/RCSS001007002000" tabIndex="-1"  data-auid = "mobile-bakery-and-fruit">
			Bakery & Fruit<span class="more-indicator"></span>
			</a>
	<ul class="sub-nav-links" aria-hidden="true">
    <li class="last see-all" role="menuitem" data-level="3" data-auid = "mobile-bakery-and-fruit">
			<a class="see-all-link" href="/Food/Frozen/Bakery-%26-Fruit/c/RCSS001007002000" tabIndex="-1">
				See all products</a>
		</li>
	<li data-level="3" class=""
	role="menuitem" >

	<a class="sub-nav-link" href="/Food/Frozen/Bakery-%26-Fruit/Fruit/c/RCSS001007002007" tabIndex="-1"  data-auid = "mobile-fruit">
			Fruit</a>
	</li><li data-level="3" class=""
	role="menuitem" >

	<a class="sub-nav-link" href="/Food/Frozen/Bakery-%26-Fruit/Bread-%26-Baked/c/RCSS001007002004" tabIndex="-1"  data-auid = "mobile-bread-and-baked">
			Bread & Baked</a>
	</li><li data-level="3" class=""
	role="menuitem" >

	<a class="sub-nav-link" href="/Food/Frozen/Bakery-%26-Fruit/Cheesecakes-%26-Pies/c/RCSS001007002001" tabIndex="-1"  data-auid = "mobile-cheesecakes-and-pies">
			Cheesecakes & Pies</a>
	</li><li data-level="3" class=""
	role="menuitem" >

	<a class="sub-nav-link" href="/Food/Frozen/Bakery-%26-Fruit/Frozen-Cakes/c/RCSS001007002002" tabIndex="-1"  data-auid = "mobile-frozen-cakes">
			Frozen Cakes</a>
	</li><li data-level="3" class=""
	role="menuitem" >

	<a class="sub-nav-link" href="/Food/Frozen/Bakery-%26-Fruit/Pie-Shells-%26-Dough/c/RCSS001007002003" tabIndex="-1"  data-auid = "mobile-pie-shells-and-dough">
			Pie Shells & Dough</a>
	</li><li data-level="3" class=""
	role="menuitem" >

	<a class="sub-nav-link" href="/Food/Frozen/Bakery-%26-Fruit/Dessert-Toppings/c/RCSS001007002005" tabIndex="-1"  data-auid = "mobile-dessert-toppings">
			Dessert Toppings</a>
	</li></ul>
</li><li data-level="2" class="more"
	role="menuitem" >

	<a class="sub-nav-link" href="/Food/Frozen/Beverages-%26-Ice/c/RCSS001007003000" tabIndex="-1"  data-auid = "mobile-beverages-and-ice">
			Beverages & Ice<span class="more-indicator"></span>
			</a>
	<ul class="sub-nav-links" aria-hidden="true">
    <li class="last see-all" role="menuitem" data-level="3" data-auid = "mobile-beverages-and-ice">
			<a class="see-all-link" href="/Food/Frozen/Beverages-%26-Ice/c/RCSS001007003000" tabIndex="-1">
				See all products</a>
		</li>
	<li data-level="3" class=""
	role="menuitem" >

	<a class="sub-nav-link" href="/Food/Frozen/Beverages-%26-Ice/Juices/c/RCSS001007003001" tabIndex="-1"  data-auid = "mobile-juices">
			Juices</a>
	</li><li data-level="3" class=""
	role="menuitem" >

	<a class="sub-nav-link" href="/Food/Frozen/Beverages-%26-Ice/Ice/c/RCSS001007003003" tabIndex="-1"  data-auid = "mobile-ice">
			Ice</a>
	</li></ul>
</li><li data-level="2" class="more"
	role="menuitem" >

	<a class="sub-nav-link" href="/Food/Frozen/Breakfast-Foods/c/RCSS001007004000" tabIndex="-1"  data-auid = "mobile-breakfast-foods">
			Breakfast Foods<span class="more-indicator"></span>
			</a>
	<ul class="sub-nav-links" aria-hidden="true">
    <li class="last see-all" role="menuitem" data-level="3" data-auid = "mobile-breakfast-foods">
			<a class="see-all-link" href="/Food/Frozen/Breakfast-Foods/c/RCSS001007004000" tabIndex="-1">
				See all products</a>
		</li>
	<li data-level="3" class=""
	role="menuitem" >

	<a class="sub-nav-link" href="/Food/Frozen/Breakfast-Foods/Waffles%2C-Pancakes-%26-French-Toast/c/RCSS001007004001" tabIndex="-1"  data-auid = "mobile-waffles,-pancakes-and-french-toast">
			Waffles, Pancakes & French Toast</a>
	</li><li data-level="3" class=""
	role="menuitem" >

	<a class="sub-nav-link" href="/Food/Frozen/Breakfast-Foods/Hashbrowns/c/RCSS001007004005" tabIndex="-1"  data-auid = "mobile-hashbrowns">
			Hashbrowns</a>
	</li><li data-level="3" class=""
	role="menuitem" >

	<a class="sub-nav-link" href="/Food/Frozen/Breakfast-Foods/Toaster-Pastries-%26-Muffins/c/RCSS001007004002" tabIndex="-1"  data-auid = "mobile-toaster-pastries-and-muffins">
			Toaster Pastries & Muffins</a>
	</li><li data-level="3" class=""
	role="menuitem" >

	<a class="sub-nav-link" href="/Food/Frozen/Breakfast-Foods/Breakfast-Sandwiches/c/RCSS001007004003" tabIndex="-1"  data-auid = "mobile-breakfast-sandwiches">
			Breakfast Sandwiches</a>
	</li></ul>
</li><li data-level="2" class="more"
	role="menuitem" >

	<a class="sub-nav-link" href="/Food/Frozen/Ice-Cream-%26-Treats/c/RCSS001007006000" tabIndex="-1"  data-auid = "mobile-ice-cream-and-treats">
			Ice Cream & Treats<span class="more-indicator"></span>
			</a>
	<ul class="sub-nav-links" aria-hidden="true">
    <li class="last see-all" role="menuitem" data-level="3" data-auid = "mobile-ice-cream-and-treats">
			<a class="see-all-link" href="/Food/Frozen/Ice-Cream-%26-Treats/c/RCSS001007006000" tabIndex="-1">
				See all products</a>
		</li>
	<li data-level="3" class=""
	role="menuitem" >

	<a class="sub-nav-link" href="/Food/Frozen/Ice-Cream-%26-Treats/Ice-Cream-Tubs-%26-Treats/c/RCSS001007006006" tabIndex="-1"  data-auid = "mobile-ice-cream-tubs-and-treats">
			Ice Cream Tubs & Treats</a>
	</li><li data-level="3" class=""
	role="menuitem" >

	<a class="sub-nav-link" href="/Food/Frozen/Ice-Cream-%26-Treats/Frozen-Yogurt-%26-Gelato/c/RCSS001007006003" tabIndex="-1"  data-auid = "mobile-frozen-yogurt-and-gelato">
			Frozen Yogurt & Gelato</a>
	</li><li data-level="3" class=""
	role="menuitem" >

	<a class="sub-nav-link" href="/Food/Frozen/Ice-Cream-%26-Treats/Sherbert-%26-Sorbet/c/RCSS001007006002" tabIndex="-1"  data-auid = "mobile-sherbert-and-sorbet">
			Sherbert & Sorbet</a>
	</li><li data-level="3" class=""
	role="menuitem" >

	<a class="sub-nav-link" href="/Food/Frozen/Ice-Cream-%26-Treats/Ice-Cream-Bars-%26-Treats/c/RCSS001007006005" tabIndex="-1"  data-auid = "mobile-ice-cream-bars-and-treats">
			Ice Cream Bars & Treats</a>
	</li><li data-level="3" class=""
	role="menuitem" >

	<a class="sub-nav-link" href="/Food/Frozen/Ice-Cream-%26-Treats/Popsicles-%26-Fruit-Bars/c/RCSS001007006004" tabIndex="-1"  data-auid = "mobile-popsicles-and-fruit-bars">
			Popsicles & Fruit Bars</a>
	</li><li data-level="3" class=""
	role="menuitem" >

	<a class="sub-nav-link" href="/Food/Frozen/Ice-Cream-%26-Treats/Ice-Cream-Cakes/c/RCSS001007006001" tabIndex="-1"  data-auid = "mobile-ice-cream-cakes">
			Ice Cream Cakes</a>
	</li></ul>
</li><li data-level="2" class=""
	role="menuitem" >

	<a class="sub-nav-link" href="/Food/Frozen/Frozen-Meals/c/RCSS001007007000" tabIndex="-1"  data-auid = "mobile-frozen-meals">
			Frozen Meals</a>
	</li><li data-level="2" class="more"
	role="menuitem" >

	<a class="sub-nav-link" href="/Food/Frozen/Meat-%26-Poultry/c/RCSS001007008000" tabIndex="-1"  data-auid = "mobile-meat-and-poultry">
			Meat & Poultry<span class="more-indicator"></span>
			</a>
	<ul class="sub-nav-links" aria-hidden="true">
    <li class="last see-all" role="menuitem" data-level="3" data-auid = "mobile-meat-and-poultry">
			<a class="see-all-link" href="/Food/Frozen/Meat-%26-Poultry/c/RCSS001007008000" tabIndex="-1">
				See all products</a>
		</li>
	<li data-level="3" class=""
	role="menuitem" >

	<a class="sub-nav-link" href="/Food/Frozen/Meat-%26-Poultry/Chicken-%26-Turkey/c/RCSS001007008001" tabIndex="-1"  data-auid = "mobile-chicken-and-turkey">
			Chicken & Turkey</a>
	</li><li data-level="3" class=""
	role="menuitem" >

	<a class="sub-nav-link" href="/Food/Frozen/Meat-%26-Poultry/Pork/c/RCSS001007008003" tabIndex="-1"  data-auid = "mobile-pork">
			Pork</a>
	</li><li data-level="3" class=""
	role="menuitem" >

	<a class="sub-nav-link" href="/Food/Frozen/Meat-%26-Poultry/Game-Meat/c/RCSS001007008007" tabIndex="-1"  data-auid = "mobile-game-meat">
			Game Meat</a>
	</li><li data-level="3" class=""
	role="menuitem" >

	<a class="sub-nav-link" href="/Food/Frozen/Meat-%26-Poultry/Burgers-%26-Meatballs/c/RCSS001007008005" tabIndex="-1"  data-auid = "mobile-burgers-and-meatballs">
			Burgers & Meatballs</a>
	</li><li data-level="3" class=""
	role="menuitem" >

	<a class="sub-nav-link" href="/Food/Frozen/Meat-%26-Poultry/Sausages-%26-Bacon/c/RCSS001007008004" tabIndex="-1"  data-auid = "mobile-sausages-and-bacon">
			Sausages & Bacon</a>
	</li><li data-level="3" class=""
	role="menuitem" >

	<a class="sub-nav-link" href="/Food/Frozen/Meat-%26-Poultry/Meatless-Meat/c/RCSS001007008009" tabIndex="-1"  data-auid = "mobile-meatless-meat">
			Meatless Meat</a>
	</li></ul>
</li><li data-level="2" class="more"
	role="menuitem" >

	<a class="sub-nav-link" href="/Food/Frozen/Pizza-%26-Perogies/c/RCSS001007009000" tabIndex="-1"  data-auid = "mobile-pizza-and-perogies">
			Pizza & Perogies<span class="more-indicator"></span>
			</a>
	<ul class="sub-nav-links" aria-hidden="true">
    <li class="last see-all" role="menuitem" data-level="3" data-auid = "mobile-pizza-and-perogies">
			<a class="see-all-link" href="/Food/Frozen/Pizza-%26-Perogies/c/RCSS001007009000" tabIndex="-1">
				See all products</a>
		</li>
	<li data-level="3" class=""
	role="menuitem" >

	<a class="sub-nav-link" href="/Food/Frozen/Pizza-%26-Perogies/Meat-Pizzas/c/RCSS001007009002" tabIndex="-1"  data-auid = "mobile-meat-pizzas">
			Meat Pizzas</a>
	</li><li data-level="3" class=""
	role="menuitem" >

	<a class="sub-nav-link" href="/Food/Frozen/Pizza-%26-Perogies/Chicken-%26-Seafood-Pizzas/c/RCSS001007009004" tabIndex="-1"  data-auid = "mobile-chicken-and-seafood-pizzas">
			Chicken & Seafood Pizzas</a>
	</li><li data-level="3" class=""
	role="menuitem" >

	<a class="sub-nav-link" href="/Food/Frozen/Pizza-%26-Perogies/Vegetarian-Pizzas/c/RCSS001007009003" tabIndex="-1"  data-auid = "mobile-vegetarian-pizzas">
			Vegetarian Pizzas</a>
	</li><li data-level="3" class=""
	role="menuitem" >

	<a class="sub-nav-link" href="/Food/Frozen/Pizza-%26-Perogies/Cheese-Pizzas/c/RCSS001007009001" tabIndex="-1"  data-auid = "mobile-cheese-pizzas">
			Cheese Pizzas</a>
	</li><li data-level="3" class=""
	role="menuitem" >

	<a class="sub-nav-link" href="/Food/Frozen/Pizza-%26-Perogies/Snack-%26-Handheld-Pizzas/c/RCSS001007009006" tabIndex="-1"  data-auid = "mobile-snack-and-handheld-pizzas">
			Snack & Handheld Pizzas</a>
	</li><li data-level="3" class=""
	role="menuitem" >

	<a class="sub-nav-link" href="/Food/Frozen/Pizza-%26-Perogies/Perogies/c/RCSS001007009007" tabIndex="-1"  data-auid = "mobile-perogies">
			Perogies</a>
	</li><li data-level="3" class=""
	role="menuitem" >

	<a class="sub-nav-link" href="/Food/Frozen/Pizza-%26-Perogies/Frozen-Pasta/c/RCSS001007009005" tabIndex="-1"  data-auid = "mobile-frozen-pasta">
			Frozen Pasta</a>
	</li></ul>
</li><li data-level="2" class="more"
	role="menuitem" >

	<a class="sub-nav-link" href="/Food/Frozen/Vegetables/c/RCSS001007010000" tabIndex="-1"  data-auid = "mobile-vegetables">
			Vegetables<span class="more-indicator"></span>
			</a>
	<ul class="sub-nav-links" aria-hidden="true">
    <li class="last see-all" role="menuitem" data-level="3" data-auid = "mobile-vegetables">
			<a class="see-all-link" href="/Food/Frozen/Vegetables/c/RCSS001007010000" tabIndex="-1">
				See all products</a>
		</li>
	<li data-level="3" class=""
	role="menuitem" >

	<a class="sub-nav-link" href="/Food/Frozen/Vegetables/Vegetable-Bags/c/RCSS001007010004" tabIndex="-1"  data-auid = "mobile-vegetable-bags">
			Vegetable Bags</a>
	</li><li data-level="3" class=""
	role="menuitem" >

	<a class="sub-nav-link" href="/Food/Frozen/Vegetables/Herbs/c/RCSS001007010007" tabIndex="-1"  data-auid = "mobile-herbs">
			Herbs</a>
	</li><li data-level="3" class=""
	role="menuitem" >

	<a class="sub-nav-link" href="/Food/Frozen/Vegetables/Hashbrowns-%26-Patties/c/RCSS001007010003" tabIndex="-1"  data-auid = "mobile-hashbrowns-and-patties">
			Hashbrowns & Patties</a>
	</li><li data-level="3" class=""
	role="menuitem" >

	<a class="sub-nav-link" href="/Food/Frozen/Vegetables/Stirfry-Blends-%26-Edamame/c/RCSS001007010006" tabIndex="-1"  data-auid = "mobile-stirfry-blends-and-edamame">
			Stirfry Blends & Edamame</a>
	</li><li data-level="3" class=""
	role="menuitem" >

	<a class="sub-nav-link" href="/Food/Frozen/Vegetables/French-Fries-%26-Onion-Rings/c/RCSS001007010002" tabIndex="-1"  data-auid = "mobile-french-fries-and-onion-rings">
			French Fries & Onion Rings</a>
	</li><li data-level="3" class=""
	role="menuitem" >

	<a class="sub-nav-link" href="/Food/Frozen/Vegetables/Broccoli-%26-Cauliflower/c/RCSS001007010005" tabIndex="-1"  data-auid = "mobile-broccoli-and-cauliflower">
			Broccoli & Cauliflower</a>
	</li><li data-level="3" class=""
	role="menuitem" >

	<a class="sub-nav-link" href="/Food/Frozen/Vegetables/Spinach-%26-Kale/c/RCSS001007010001" tabIndex="-1"  data-auid = "mobile-spinach-and-kale">
			Spinach & Kale</a>
	</li></ul>
</li><li data-level="2" class=""
	role="menuitem" >

	<a class="sub-nav-link" href="/Food/Frozen/Club-Packs/c/RCSS001007011000" tabIndex="-1"  data-auid = "mobile-club-packs">
			Club Packs</a>
	</li><li data-level="2" class="more"
	role="menuitem" >

	<a class="sub-nav-link" href="/Food/Frozen/Frozen-Seafood/c/RCSS001007012000" tabIndex="-1"  data-auid = "mobile-frozen-seafood">
			Frozen Seafood<span class="more-indicator"></span>
			</a>
	<ul class="sub-nav-links" aria-hidden="true">
    <li class="last see-all" role="menuitem" data-level="3" data-auid = "mobile-frozen-seafood">
			<a class="see-all-link" href="/Food/Frozen/Frozen-Seafood/c/RCSS001007012000" tabIndex="-1">
				See all products</a>
		</li>
	<li data-level="3" class=""
	role="menuitem" >

	<a class="sub-nav-link" href="/Food/Frozen/Frozen-Seafood/Salmon/c/RCSS001007012001" tabIndex="-1"  data-auid = "mobile-salmon">
			Salmon</a>
	</li><li data-level="3" class=""
	role="menuitem" >

	<a class="sub-nav-link" href="/Food/Frozen/Frozen-Seafood/Shrimp/c/RCSS001007012002" tabIndex="-1"  data-auid = "mobile-shrimp">
			Shrimp</a>
	</li><li data-level="3" class=""
	role="menuitem" >

	<a class="sub-nav-link" href="/Food/Frozen/Frozen-Seafood/Whole-Fish-%26-Fillets/c/RCSS001007012003" tabIndex="-1"  data-auid = "mobile-whole-fish-and-fillets">
			Whole Fish & Fillets</a>
	</li><li data-level="3" class=""
	role="menuitem" >

	<a class="sub-nav-link" href="/Food/Frozen/Frozen-Seafood/Hors-D%27oeuvres/c/RCSS001007012004" tabIndex="-1"  data-auid = "mobile-hors-d'oeuvres">
			Hors D'oeuvres</a>
	</li><li data-level="3" class=""
	role="menuitem" >

	<a class="sub-nav-link" href="/Food/Frozen/Frozen-Seafood/Ready-To-Cook/c/RCSS001007012005" tabIndex="-1"  data-auid = "mobile-ready-to-cook">
			Ready To Cook</a>
	</li><li data-level="3" class=""
	role="menuitem" >

	<a class="sub-nav-link" href="/Food/Frozen/Frozen-Seafood/Smoked-Fish/c/RCSS001007012006" tabIndex="-1"  data-auid = "mobile-smoked-fish">
			Smoked Fish</a>
	</li><li data-level="3" class=""
	role="menuitem" >

	<a class="sub-nav-link" href="/Food/Frozen/Frozen-Seafood/Shellfish%2C-Squid-%26-Octopus/c/RCSS001007012007" tabIndex="-1"  data-auid = "mobile-shellfish,-squid-and-octopus">
			Shellfish, Squid & Octopus</a>
	</li></ul>
</li></ul>
</li><li data-level="1" class="more"
	role="menuitem" >

	<a class="sub-nav-link" href="/Food/Pantry/c/RCSS001008000000" tabIndex="-1"  data-auid = "mobile-pantry">
			Pantry<span class="more-indicator"></span>
			</a>
	<ul class="sub-nav-links" aria-hidden="true">
    <li class="last see-all" role="menuitem" data-level="2" data-auid = "mobile-pantry">
			<a class="see-all-link" href="/Food/Pantry/c/RCSS001008000000" tabIndex="-1">
				See all products</a>
		</li>
	<li data-level="2" class="more"
	role="menuitem" >

	<a class="sub-nav-link" href="/Food/Pantry/Baby-Food-%26-Formula/c/RCSS001008001000" tabIndex="-1"  data-auid = "mobile-baby-food-and-formula">
			Baby Food & Formula<span class="more-indicator"></span>
			</a>
	<ul class="sub-nav-links" aria-hidden="true">
    <li class="last see-all" role="menuitem" data-level="3" data-auid = "mobile-baby-food-and-formula">
			<a class="see-all-link" href="/Food/Pantry/Baby-Food-%26-Formula/c/RCSS001008001000" tabIndex="-1">
				See all products</a>
		</li>
	<li data-level="3" class=""
	role="menuitem" >

	<a class="sub-nav-link" href="/Food/Pantry/Baby-Food-%26-Formula/Baby-Formulas/c/RCSS001008001001" tabIndex="-1"  data-auid = "mobile-baby-formulas">
			Baby Formulas</a>
	</li><li data-level="3" class=""
	role="menuitem" >

	<a class="sub-nav-link" href="/Food/Pantry/Baby-Food-%26-Formula/Dry-Baby-Food/c/RCSS001008001005" tabIndex="-1"  data-auid = "mobile-dry-baby-food">
			Dry Baby Food</a>
	</li><li data-level="3" class=""
	role="menuitem" >

	<a class="sub-nav-link" href="/Food/Pantry/Baby-Food-%26-Formula/Toddler-Food/c/RCSS001008001006" tabIndex="-1"  data-auid = "mobile-toddler-food">
			Toddler Food</a>
	</li><li data-level="3" class=""
	role="menuitem" >

	<a class="sub-nav-link" href="/Food/Pantry/Baby-Food-%26-Formula/Snacks-%26-Biscuits/c/RCSS001008001007" tabIndex="-1"  data-auid = "mobile-snacks-and-biscuits">
			Snacks & Biscuits</a>
	</li><li data-level="3" class=""
	role="menuitem" >

	<a class="sub-nav-link" href="/Food/Pantry/Baby-Food-%26-Formula/Organic-Baby-Food-%26-Formula/c/RCSS001008001009" tabIndex="-1"  data-auid = "mobile-organic-baby-food-and-formula">
			Organic Baby Food & Formula</a>
	</li><li data-level="3" class=""
	role="menuitem" >

	<a class="sub-nav-link" href="/Food/Pantry/Baby-Food-%26-Formula/Suggested-Disposable-Diapers/c/RCSS001008001010" tabIndex="-1"  data-auid = "mobile-suggested-disposable-diapers">
			Suggested Disposable Diapers</a>
	</li></ul>
</li><li data-level="2" class="more"
	role="menuitem" >

	<a class="sub-nav-link" href="/Food/Pantry/Breakfast/c/RCSS001008004000" tabIndex="-1"  data-auid = "mobile-breakfast">
			Breakfast<span class="more-indicator"></span>
			</a>
	<ul class="sub-nav-links" aria-hidden="true">
    <li class="last see-all" role="menuitem" data-level="3" data-auid = "mobile-breakfast">
			<a class="see-all-link" href="/Food/Pantry/Breakfast/c/RCSS001008004000" tabIndex="-1">
				See all products</a>
		</li>
	<li data-level="3" class=""
	role="menuitem" >

	<a class="sub-nav-link" href="/Food/Pantry/Breakfast/Family-Cereals/c/RCSS001008004009" tabIndex="-1"  data-auid = "mobile-family-cereals">
			Family Cereals</a>
	</li><li data-level="3" class=""
	role="menuitem" >

	<a class="sub-nav-link" href="/Food/Pantry/Breakfast/Adult-Cereals/c/RCSS001008004008" tabIndex="-1"  data-auid = "mobile-adult-cereals">
			Adult Cereals</a>
	</li><li data-level="3" class=""
	role="menuitem" >

	<a class="sub-nav-link" href="/Food/Pantry/Breakfast/Kids-Cereals/c/RCSS001008004007" tabIndex="-1"  data-auid = "mobile-kids-cereals">
			Kids Cereals</a>
	</li><li data-level="3" class=""
	role="menuitem" >

	<a class="sub-nav-link" href="/Food/Pantry/Breakfast/Muesli-%26-Granola/c/RCSS001008004006" tabIndex="-1"  data-auid = "mobile-muesli-and-granola">
			Muesli & Granola</a>
	</li><li data-level="3" class=""
	role="menuitem" >

	<a class="sub-nav-link" href="/Food/Pantry/Breakfast/Oatmeal-%26-Hot-Cereals/c/RCSS001008004010" tabIndex="-1"  data-auid = "mobile-oatmeal-and-hot-cereals">
			Oatmeal & Hot Cereals</a>
	</li><li data-level="3" class=""
	role="menuitem" >

	<a class="sub-nav-link" href="/Food/Pantry/Breakfast/Breakfast-Bars-%26-Pastries/c/RCSS001008004011" tabIndex="-1"  data-auid = "mobile-breakfast-bars-and-pastries">
			Breakfast Bars & Pastries</a>
	</li><li data-level="3" class=""
	role="menuitem" >

	<a class="sub-nav-link" href="/Food/Pantry/Breakfast/Honey-%26-Syrups/c/RCSS001008004002" tabIndex="-1"  data-auid = "mobile-honey-and-syrups">
			Honey & Syrups</a>
	</li><li data-level="3" class=""
	role="menuitem" >

	<a class="sub-nav-link" href="/Food/Pantry/Breakfast/Nut-%26-Seed-Butters/c/RCSS001008004004" tabIndex="-1"  data-auid = "mobile-nut-and-seed-butters">
			Nut & Seed Butters</a>
	</li><li data-level="3" class=""
	role="menuitem" >

	<a class="sub-nav-link" href="/Food/Pantry/Breakfast/Jams%2C-Jellies-%26-Preserves/c/RCSS001008004003" tabIndex="-1"  data-auid = "mobile-jams,-jellies-and-preserves">
			Jams, Jellies & Preserves</a>
	</li><li data-level="3" class=""
	role="menuitem" >

	<a class="sub-nav-link" href="/Food/Pantry/Breakfast/Chocolate-%26-Sweet-Spreads/c/RCSS001008004005" tabIndex="-1"  data-auid = "mobile-chocolate-and-sweet-spreads">
			Chocolate & Sweet Spreads</a>
	</li><li data-level="3" class=""
	role="menuitem" >

	<a class="sub-nav-link" href="/Food/Pantry/Breakfast/Cheese-%26-Savory-Spreads/c/RCSS001008004001" tabIndex="-1"  data-auid = "mobile-cheese-and-savory-spreads">
			Cheese & Savory Spreads</a>
	</li></ul>
</li><li data-level="2" class="more"
	role="menuitem" >

	<a class="sub-nav-link" href="/Food/Pantry/Baking-Ingredients/c/RCSS001008002000" tabIndex="-1"  data-auid = "mobile-baking-ingredients">
			Baking Ingredients<span class="more-indicator"></span>
			</a>
	<ul class="sub-nav-links" aria-hidden="true">
    <li class="last see-all" role="menuitem" data-level="3" data-auid = "mobile-baking-ingredients">
			<a class="see-all-link" href="/Food/Pantry/Baking-Ingredients/c/RCSS001008002000" tabIndex="-1">
				See all products</a>
		</li>
	<li data-level="3" class=""
	role="menuitem" >

	<a class="sub-nav-link" href="/Food/Pantry/Baking-Ingredients/Canned-%26-Powdered-Milk/c/RCSS001008002011" tabIndex="-1"  data-auid = "mobile-canned-and-powdered-milk">
			Canned & Powdered Milk</a>
	</li><li data-level="3" class=""
	role="menuitem" >

	<a class="sub-nav-link" href="/Food/Pantry/Baking-Ingredients/Chocolate-%26-Cocoa/c/RCSS001008002003" tabIndex="-1"  data-auid = "mobile-chocolate-and-cocoa">
			Chocolate & Cocoa</a>
	</li><li data-level="3" class=""
	role="menuitem" >

	<a class="sub-nav-link" href="/Food/Pantry/Baking-Ingredients/Decorations-%26-Frosting/c/RCSS001008002002" tabIndex="-1"  data-auid = "mobile-decorations-and-frosting">
			Decorations & Frosting</a>
	</li><li data-level="3" class=""
	role="menuitem" >

	<a class="sub-nav-link" href="/Food/Pantry/Baking-Ingredients/Doughs-%26-Crusts/c/RCSS001008002007" tabIndex="-1"  data-auid = "mobile-doughs-and-crusts">
			Doughs & Crusts</a>
	</li><li data-level="3" class=""
	role="menuitem" >

	<a class="sub-nav-link" href="/Food/Pantry/Baking-Ingredients/Extracts-%26-Colouring/c/RCSS001008002008" tabIndex="-1"  data-auid = "mobile-extracts-and-colouring">
			Extracts & Colouring</a>
	</li><li data-level="3" class=""
	role="menuitem" >

	<a class="sub-nav-link" href="/Food/Pantry/Baking-Ingredients/Flour-%26-Baking-Aides/c/RCSS001008002009" tabIndex="-1"  data-auid = "mobile-flour-and-baking-aides">
			Flour & Baking Aides</a>
	</li><li data-level="3" class=""
	role="menuitem" >

	<a class="sub-nav-link" href="/Food/Pantry/Baking-Ingredients/Fruit%2C-Seeds-%26-Nuts/c/RCSS001008002010" tabIndex="-1"  data-auid = "mobile-fruit,-seeds-and-nuts">
			Fruit, Seeds & Nuts</a>
	</li><li data-level="3" class=""
	role="menuitem" >

	<a class="sub-nav-link" href="/Food/Pantry/Baking-Ingredients/Kits%2C-Mixes-%26-Filling/c/RCSS001008002001" tabIndex="-1"  data-auid = "mobile-kits,-mixes-and-filling">
			Kits, Mixes & Filling</a>
	</li><li data-level="3" class=""
	role="menuitem" >

	<a class="sub-nav-link" href="/Food/Pantry/Baking-Ingredients/Meals-%26-Grains/c/RCSS001008002006" tabIndex="-1"  data-auid = "mobile-meals-and-grains">
			Meals & Grains</a>
	</li><li data-level="3" class=""
	role="menuitem" >

	<a class="sub-nav-link" href="/Food/Pantry/Baking-Ingredients/Shortening-%26-Fats/c/RCSS001008002004" tabIndex="-1"  data-auid = "mobile-shortening-and-fats">
			Shortening & Fats</a>
	</li><li data-level="3" class=""
	role="menuitem" >

	<a class="sub-nav-link" href="/Food/Pantry/Baking-Ingredients/Sugar-%26-Sweeteners/c/RCSS001008002005" tabIndex="-1"  data-auid = "mobile-sugar-and-sweeteners">
			Sugar & Sweeteners</a>
	</li></ul>
</li><li data-level="2" class="more"
	role="menuitem" >

	<a class="sub-nav-link" href="/Food/Pantry/Canned-%26-Jarred/c/RCSS001008003000" tabIndex="-1"  data-auid = "mobile-canned-and-jarred">
			Canned & Jarred<span class="more-indicator"></span>
			</a>
	<ul class="sub-nav-links" aria-hidden="true">
    <li class="last see-all" role="menuitem" data-level="3" data-auid = "mobile-canned-and-jarred">
			<a class="see-all-link" href="/Food/Pantry/Canned-%26-Jarred/c/RCSS001008003000" tabIndex="-1">
				See all products</a>
		</li>
	<li data-level="3" class=""
	role="menuitem" >

	<a class="sub-nav-link" href="/Food/Pantry/Canned-%26-Jarred/Beans-%26-Legumes/c/RCSS001008003001" tabIndex="-1"  data-auid = "mobile-beans-and-legumes">
			Beans & Legumes</a>
	</li><li data-level="3" class=""
	role="menuitem" >

	<a class="sub-nav-link" href="/Food/Pantry/Canned-%26-Jarred/Cooking-Sauces/c/RCSS001008003011" tabIndex="-1"  data-auid = "mobile-cooking-sauces">
			Cooking Sauces</a>
	</li><li data-level="3" class=""
	role="menuitem" >

	<a class="sub-nav-link" href="/Food/Pantry/Canned-%26-Jarred/Fish-%26-Seafood/c/RCSS001008003006" tabIndex="-1"  data-auid = "mobile-fish-and-seafood">
			Fish & Seafood</a>
	</li><li data-level="3" class=""
	role="menuitem" >

	<a class="sub-nav-link" href="/Food/Pantry/Canned-%26-Jarred/Fruit/c/RCSS001008003005" tabIndex="-1"  data-auid = "mobile-fruit">
			Fruit</a>
	</li><li data-level="3" class=""
	role="menuitem" >

	<a class="sub-nav-link" href="/Food/Pantry/Canned-%26-Jarred/Meats/c/RCSS001008003007" tabIndex="-1"  data-auid = "mobile-meats">
			Meats</a>
	</li><li data-level="3" class=""
	role="menuitem" >

	<a class="sub-nav-link" href="/Food/Pantry/Canned-%26-Jarred/Pasta-%26-Pasta-Sauce/c/RCSS001008003002" tabIndex="-1"  data-auid = "mobile-pasta-and-pasta-sauce">
			Pasta & Pasta Sauce</a>
	</li><li data-level="3" class=""
	role="menuitem" >

	<a class="sub-nav-link" href="/Food/Pantry/Canned-%26-Jarred/Condensed-Soup/c/RCSS001008003003" tabIndex="-1"  data-auid = "mobile-condensed-soup">
			Condensed Soup</a>
	</li><li data-level="3" class=""
	role="menuitem" >

	<a class="sub-nav-link" href="/Food/Pantry/Canned-%26-Jarred/Stews-%26-Chili/c/RCSS001008003004" tabIndex="-1"  data-auid = "mobile-stews-and-chili">
			Stews & Chili</a>
	</li><li data-level="3" class=""
	role="menuitem" >

	<a class="sub-nav-link" href="/Food/Pantry/Canned-%26-Jarred/Tomatoes-%26-Paste/c/RCSS001008003009" tabIndex="-1"  data-auid = "mobile-tomatoes-and-paste">
			Tomatoes & Paste</a>
	</li><li data-level="3" class=""
	role="menuitem" >

	<a class="sub-nav-link" href="/Food/Pantry/Canned-%26-Jarred/Vegetables/c/RCSS001008003008" tabIndex="-1"  data-auid = "mobile-vegetables">
			Vegetables</a>
	</li><li data-level="3" class=""
	role="menuitem" >

	<a class="sub-nav-link" href="/Food/Pantry/Canned-%26-Jarred/Ready-To-Serve-Soup/c/RCSS001008003012" tabIndex="-1"  data-auid = "mobile-ready-to-serve-soup">
			Ready To Serve Soup</a>
	</li><li data-level="3" class=""
	role="menuitem" >

	<a class="sub-nav-link" href="/Food/Pantry/Canned-%26-Jarred/Broth/c/RCSS001008003013" tabIndex="-1"  data-auid = "mobile-broth">
			Broth</a>
	</li><li data-level="3" class=""
	role="menuitem" >

	<a class="sub-nav-link" href="/Food/Pantry/Canned-%26-Jarred/Dry-Soup-Mix/c/RCSS001008003014" tabIndex="-1"  data-auid = "mobile-dry-soup-mix">
			Dry Soup Mix</a>
	</li><li data-level="3" class=""
	role="menuitem" >

	<a class="sub-nav-link" href="/Food/Pantry/Canned-%26-Jarred/Instant-Soups-%26-Noodles/c/RCSS001008003015" tabIndex="-1"  data-auid = "mobile-instant-soups-and-noodles">
			Instant Soups & Noodles</a>
	</li></ul>
</li><li data-level="2" class="more"
	role="menuitem" >

	<a class="sub-nav-link" href="/Food/Pantry/International-Foods/c/RCSS001008008000" tabIndex="-1"  data-auid = "mobile-international-foods">
			International Foods<span class="more-indicator"></span>
			</a>
	<ul class="sub-nav-links" aria-hidden="true">
    <li class="last see-all" role="menuitem" data-level="3" data-auid = "mobile-international-foods">
			<a class="see-all-link" href="/Food/Pantry/International-Foods/c/RCSS001008008000" tabIndex="-1">
				See all products</a>
		</li>
	<li data-level="3" class=""
	role="menuitem" >

	<a class="sub-nav-link" href="/Food/Pantry/International-Foods/Asian-Kits-%26-Mixes/c/RCSS001008008003" tabIndex="-1"  data-auid = "mobile-asian-kits-and-mixes">
			Asian Kits & Mixes</a>
	</li><li data-level="3" class=""
	role="menuitem" >

	<a class="sub-nav-link" href="/Food/Pantry/International-Foods/Indian-Kits-%26-Mixes/c/RCSS001008008002" tabIndex="-1"  data-auid = "mobile-indian-kits-and-mixes">
			Indian Kits & Mixes</a>
	</li><li data-level="3" class=""
	role="menuitem" >

	<a class="sub-nav-link" href="/Food/Pantry/International-Foods/Mexican-Kits-%26-Mixes/c/RCSS001008008001" tabIndex="-1"  data-auid = "mobile-mexican-kits-and-mixes">
			Mexican Kits & Mixes</a>
	</li><li data-level="3" class=""
	role="menuitem" >

	<a class="sub-nav-link" href="/Food/Pantry/International-Foods/Pasta-Kits/c/RCSS001008008004" tabIndex="-1"  data-auid = "mobile-pasta-kits">
			Pasta Kits</a>
	</li><li data-level="3" class=""
	role="menuitem" >

	<a class="sub-nav-link" href="/Food/Pantry/International-Foods/Potato-%26-Rice-Kits/c/RCSS001008008005" tabIndex="-1"  data-auid = "mobile-potato-and-rice-kits">
			Potato & Rice Kits</a>
	</li><li data-level="3" class=""
	role="menuitem" >

	<a class="sub-nav-link" href="/Food/Pantry/International-Foods/Slow-Cooker-Packets/c/RCSS001008008007" tabIndex="-1"  data-auid = "mobile-slow-cooker-packets">
			Slow Cooker Packets</a>
	</li><li data-level="3" class=""
	role="menuitem" >

	<a class="sub-nav-link" href="/Food/Pantry/International-Foods/Sushi-Kits-%26-Ingredients/c/RCSS001008008006" tabIndex="-1"  data-auid = "mobile-sushi-kits-and-ingredients">
			Sushi Kits & Ingredients</a>
	</li></ul>
</li><li data-level="2" class="more"
	role="menuitem" >

	<a class="sub-nav-link" href="/Food/Pantry/Pasta%2C-Rice-%26-Beans/c/RCSS001008009000" tabIndex="-1"  data-auid = "mobile-pasta,-rice-and-beans">
			Pasta, Rice & Beans<span class="more-indicator"></span>
			</a>
	<ul class="sub-nav-links" aria-hidden="true">
    <li class="last see-all" role="menuitem" data-level="3" data-auid = "mobile-pasta,-rice-and-beans">
			<a class="see-all-link" href="/Food/Pantry/Pasta%2C-Rice-%26-Beans/c/RCSS001008009000" tabIndex="-1">
				See all products</a>
		</li>
	<li data-level="3" class=""
	role="menuitem" >

	<a class="sub-nav-link" href="/Food/Pantry/Pasta%2C-Rice-%26-Beans/Dried-Beans/c/RCSS001008009008" tabIndex="-1"  data-auid = "mobile-dried-beans">
			Dried Beans</a>
	</li><li data-level="3" class=""
	role="menuitem" >

	<a class="sub-nav-link" href="/Food/Pantry/Pasta%2C-Rice-%26-Beans/Noodles/c/RCSS001008009003" tabIndex="-1"  data-auid = "mobile-noodles">
			Noodles</a>
	</li><li data-level="3" class=""
	role="menuitem" >

	<a class="sub-nav-link" href="/Food/Pantry/Pasta%2C-Rice-%26-Beans/Pasta/c/RCSS001008009001" tabIndex="-1"  data-auid = "mobile-pasta">
			Pasta</a>
	</li><li data-level="3" class=""
	role="menuitem" >

	<a class="sub-nav-link" href="/Food/Pantry/Pasta%2C-Rice-%26-Beans/Polenta-%26-Couscous/c/RCSS001008009006" tabIndex="-1"  data-auid = "mobile-polenta-and-couscous">
			Polenta & Couscous</a>
	</li><li data-level="3" class=""
	role="menuitem" >

	<a class="sub-nav-link" href="/Food/Pantry/Pasta%2C-Rice-%26-Beans/Quinoa/c/RCSS001008009007" tabIndex="-1"  data-auid = "mobile-quinoa">
			Quinoa</a>
	</li><li data-level="3" class=""
	role="menuitem" >

	<a class="sub-nav-link" href="/Food/Pantry/Pasta%2C-Rice-%26-Beans/Rice/c/RCSS001008009004" tabIndex="-1"  data-auid = "mobile-rice">
			Rice</a>
	</li><li data-level="3" class=""
	role="menuitem" >

	<a class="sub-nav-link" href="/Food/Pantry/Pasta%2C-Rice-%26-Beans/Specialty-Grains/c/RCSS001008009005" tabIndex="-1"  data-auid = "mobile-specialty-grains">
			Specialty Grains</a>
	</li></ul>
</li><li data-level="2" class="more"
	role="menuitem" >

	<a class="sub-nav-link" href="/Food/Pantry/Condiments/c/RCSS001008005000" tabIndex="-1"  data-auid = "mobile-condiments">
			Condiments<span class="more-indicator"></span>
			</a>
	<ul class="sub-nav-links" aria-hidden="true">
    <li class="last see-all" role="menuitem" data-level="3" data-auid = "mobile-condiments">
			<a class="see-all-link" href="/Food/Pantry/Condiments/c/RCSS001008005000" tabIndex="-1">
				See all products</a>
		</li>
	<li data-level="3" class=""
	role="menuitem" >

	<a class="sub-nav-link" href="/Food/Pantry/Condiments/Mustard-%26-Ketchup/c/RCSS001008005001" tabIndex="-1"  data-auid = "mobile-mustard-and-ketchup">
			Mustard & Ketchup</a>
	</li><li data-level="3" class=""
	role="menuitem" >

	<a class="sub-nav-link" href="/Food/Pantry/Condiments/BBQ-%26-Steak-Sauces/c/RCSS001008005004" tabIndex="-1"  data-auid = "mobile-bbq-and-steak-sauces">
			BBQ & Steak Sauces</a>
	</li><li data-level="3" class=""
	role="menuitem" >

	<a class="sub-nav-link" href="/Food/Pantry/Condiments/Mayonnaise-%26-Sandwich-Spreads/c/RCSS001008005003" tabIndex="-1"  data-auid = "mobile-mayonnaise-and-sandwich-spreads">
			Mayonnaise & Sandwich Spreads</a>
	</li><li data-level="3" class=""
	role="menuitem" >

	<a class="sub-nav-link" href="/Food/Pantry/Condiments/Relish%2C-Chutney-%26-Fruit-Sauces/c/RCSS001008005005" tabIndex="-1"  data-auid = "mobile-relish,-chutney-and-fruit-sauces">
			Relish, Chutney & Fruit Sauces</a>
	</li><li data-level="3" class=""
	role="menuitem" >

	<a class="sub-nav-link" href="/Food/Pantry/Condiments/Hot-%26-Chili-Sauces/c/RCSS001008005007" tabIndex="-1"  data-auid = "mobile-hot-and-chili-sauces">
			Hot & Chili Sauces</a>
	</li><li data-level="3" class=""
	role="menuitem" >

	<a class="sub-nav-link" href="/Food/Pantry/Condiments/Salad-Dressing/c/RCSS001008005002" tabIndex="-1"  data-auid = "mobile-salad-dressing">
			Salad Dressing</a>
	</li><li data-level="3" class=""
	role="menuitem" >

	<a class="sub-nav-link" href="/Food/Pantry/Condiments/Croutons-%26-Salad-Toppings/c/RCSS001008005010" tabIndex="-1"  data-auid = "mobile-croutons-and-salad-toppings">
			Croutons & Salad Toppings</a>
	</li><li data-level="3" class=""
	role="menuitem" >

	<a class="sub-nav-link" href="/Food/Pantry/Condiments/Pickles-%26-Antipasto/c/RCSS001008005008" tabIndex="-1"  data-auid = "mobile-pickles-and-antipasto">
			Pickles & Antipasto</a>
	</li><li data-level="3" class=""
	role="menuitem" >

	<a class="sub-nav-link" href="/Food/Pantry/Condiments/Salsa-%26-Guacamole/c/RCSS001008005009" tabIndex="-1"  data-auid = "mobile-salsa-and-guacamole">
			Salsa & Guacamole</a>
	</li><li data-level="3" class=""
	role="menuitem" >

	<a class="sub-nav-link" href="/Food/Pantry/Condiments/Tartare-%26-Seafood-Sauces/c/RCSS001008005006" tabIndex="-1"  data-auid = "mobile-tartare-and-seafood-sauces">
			Tartare & Seafood Sauces</a>
	</li><li data-level="3" class=""
	role="menuitem" >

	<a class="sub-nav-link" href="/Food/Pantry/Condiments/World-Condiments/c/RCSS001008005011" tabIndex="-1"  data-auid = "mobile-world-condiments">
			World Condiments</a>
	</li></ul>
</li><li data-level="2" class="more"
	role="menuitem" >

	<a class="sub-nav-link" href="/Food/Pantry/Spices-%26-Sauces/c/RCSS001008006000" tabIndex="-1"  data-auid = "mobile-spices-and-sauces">
			Spices & Sauces<span class="more-indicator"></span>
			</a>
	<ul class="sub-nav-links" aria-hidden="true">
    <li class="last see-all" role="menuitem" data-level="3" data-auid = "mobile-spices-and-sauces">
			<a class="see-all-link" href="/Food/Pantry/Spices-%26-Sauces/c/RCSS001008006000" tabIndex="-1">
				See all products</a>
		</li>
	<li data-level="3" class=""
	role="menuitem" >

	<a class="sub-nav-link" href="/Food/Pantry/Spices-%26-Sauces/Spices/c/RCSS001008006002" tabIndex="-1"  data-auid = "mobile-spices">
			Spices</a>
	</li><li data-level="3" class=""
	role="menuitem" >

	<a class="sub-nav-link" href="/Food/Pantry/Spices-%26-Sauces/Herb-%26-Spice-Blends/c/RCSS001008006004" tabIndex="-1"  data-auid = "mobile-herb-and-spice-blends">
			Herb & Spice Blends</a>
	</li><li data-level="3" class=""
	role="menuitem" >

	<a class="sub-nav-link" href="/Food/Pantry/Spices-%26-Sauces/Salt-%26-Peppers/c/RCSS001008006001" tabIndex="-1"  data-auid = "mobile-salt-and-peppers">
			Salt & Peppers</a>
	</li><li data-level="3" class=""
	role="menuitem" >

	<a class="sub-nav-link" href="/Food/Pantry/Spices-%26-Sauces/Gravy%2C-Stock-%26-Stuffing/c/RCSS001008006007" tabIndex="-1"  data-auid = "mobile-gravy,-stock-and-stuffing">
			Gravy, Stock & Stuffing</a>
	</li><li data-level="3" class=""
	role="menuitem" >

	<a class="sub-nav-link" href="/Food/Pantry/Spices-%26-Sauces/Cooking-Pastes-%26-Marinades/c/RCSS001008006008" tabIndex="-1"  data-auid = "mobile-cooking-pastes-and-marinades">
			Cooking Pastes & Marinades</a>
	</li><li data-level="3" class=""
	role="menuitem" >

	<a class="sub-nav-link" href="/Food/Pantry/Spices-%26-Sauces/Cooking-Sauces/c/RCSS001008006009" tabIndex="-1"  data-auid = "mobile-cooking-sauces">
			Cooking Sauces</a>
	</li><li data-level="3" class=""
	role="menuitem" >

	<a class="sub-nav-link" href="/Food/Pantry/Spices-%26-Sauces/Packet-Sauces-%26-Seasonings/c/RCSS001008006005" tabIndex="-1"  data-auid = "mobile-packet-sauces-and-seasonings">
			Packet Sauces & Seasonings</a>
	</li><li data-level="3" class=""
	role="menuitem" >

	<a class="sub-nav-link" href="/Food/Pantry/Spices-%26-Sauces/Breadings%2C-Batters-%26-Coatings/c/RCSS001008006006" tabIndex="-1"  data-auid = "mobile-breadings,-batters-and-coatings">
			Breadings, Batters & Coatings</a>
	</li></ul>
</li><li data-level="2" class="more"
	role="menuitem" >

	<a class="sub-nav-link" href="/Food/Pantry/Oils-%26-Vinegars/c/RCSS001008007000" tabIndex="-1"  data-auid = "mobile-oils-and-vinegars">
			Oils & Vinegars<span class="more-indicator"></span>
			</a>
	<ul class="sub-nav-links" aria-hidden="true">
    <li class="last see-all" role="menuitem" data-level="3" data-auid = "mobile-oils-and-vinegars">
			<a class="see-all-link" href="/Food/Pantry/Oils-%26-Vinegars/c/RCSS001008007000" tabIndex="-1">
				See all products</a>
		</li>
	<li data-level="3" class=""
	role="menuitem" >

	<a class="sub-nav-link" href="/Food/Pantry/Oils-%26-Vinegars/Olive-Oils/c/RCSS001008007002" tabIndex="-1"  data-auid = "mobile-olive-oils">
			Olive Oils</a>
	</li><li data-level="3" class=""
	role="menuitem" >

	<a class="sub-nav-link" href="/Food/Pantry/Oils-%26-Vinegars/Vegetable-Oils/c/RCSS001008007001" tabIndex="-1"  data-auid = "mobile-vegetable-oils">
			Vegetable Oils</a>
	</li><li data-level="3" class=""
	role="menuitem" >

	<a class="sub-nav-link" href="/Food/Pantry/Oils-%26-Vinegars/Nut-%26-Seed-Oils/c/RCSS001008007003" tabIndex="-1"  data-auid = "mobile-nut-and-seed-oils">
			Nut & Seed Oils</a>
	</li><li data-level="3" class=""
	role="menuitem" >

	<a class="sub-nav-link" href="/Food/Pantry/Oils-%26-Vinegars/Infused-Oils/c/RCSS001008007004" tabIndex="-1"  data-auid = "mobile-infused-oils">
			Infused Oils</a>
	</li><li data-level="3" class=""
	role="menuitem" >

	<a class="sub-nav-link" href="/Food/Pantry/Oils-%26-Vinegars/Cooking-Sprays/c/RCSS001008007006" tabIndex="-1"  data-auid = "mobile-cooking-sprays">
			Cooking Sprays</a>
	</li><li data-level="3" class=""
	role="menuitem" >

	<a class="sub-nav-link" href="/Food/Pantry/Oils-%26-Vinegars/White-Vinegar/c/RCSS001008007007" tabIndex="-1"  data-auid = "mobile-white-vinegar">
			White Vinegar</a>
	</li><li data-level="3" class=""
	role="menuitem" >

	<a class="sub-nav-link" href="/Food/Pantry/Oils-%26-Vinegars/Balsamic-Vinegar/c/RCSS001008007008" tabIndex="-1"  data-auid = "mobile-balsamic-vinegar">
			Balsamic Vinegar</a>
	</li><li data-level="3" class=""
	role="menuitem" >

	<a class="sub-nav-link" href="/Food/Pantry/Oils-%26-Vinegars/Cider-Vinegar/c/RCSS001008007009" tabIndex="-1"  data-auid = "mobile-cider-vinegar">
			Cider Vinegar</a>
	</li><li data-level="3" class=""
	role="menuitem" >

	<a class="sub-nav-link" href="/Food/Pantry/Oils-%26-Vinegars/Specialty-Vinegars/c/RCSS001008007010" tabIndex="-1"  data-auid = "mobile-specialty-vinegars">
			Specialty Vinegars</a>
	</li><li data-level="3" class=""
	role="menuitem" >

	<a class="sub-nav-link" href="/Food/Pantry/Oils-%26-Vinegars/Cooking-Wine/c/RCSS001008007005" tabIndex="-1"  data-auid = "mobile-cooking-wine">
			Cooking Wine</a>
	</li></ul>
</li><li data-level="2" class="more"
	role="menuitem" >

	<a class="sub-nav-link" href="/Food/Pantry/Chips-%26-Salty-Snacks/c/RCSS001008011000" tabIndex="-1"  data-auid = "mobile-chips-and-salty-snacks">
			Chips & Salty Snacks<span class="more-indicator"></span>
			</a>
	<ul class="sub-nav-links" aria-hidden="true">
    <li class="last see-all" role="menuitem" data-level="3" data-auid = "mobile-chips-and-salty-snacks">
			<a class="see-all-link" href="/Food/Pantry/Chips-%26-Salty-Snacks/c/RCSS001008011000" tabIndex="-1">
				See all products</a>
		</li>
	<li data-level="3" class=""
	role="menuitem" >

	<a class="sub-nav-link" href="/Food/Pantry/Chips-%26-Salty-Snacks/Potato-Chips/c/RCSS001008010001" tabIndex="-1"  data-auid = "mobile-potato-chips">
			Potato Chips</a>
	</li><li data-level="3" class=""
	role="menuitem" >

	<a class="sub-nav-link" href="/Food/Pantry/Chips-%26-Salty-Snacks/Pretzels-%26-Snack-Mixes/c/RCSS001008011009" tabIndex="-1"  data-auid = "mobile-pretzels-and-snack-mixes">
			Pretzels & Snack Mixes</a>
	</li><li data-level="3" class=""
	role="menuitem" >

	<a class="sub-nav-link" href="/Food/Pantry/Chips-%26-Salty-Snacks/Tortilla-Chips/c/RCSS001008011008" tabIndex="-1"  data-auid = "mobile-tortilla-chips">
			Tortilla Chips</a>
	</li><li data-level="3" class=""
	role="menuitem" >

	<a class="sub-nav-link" href="/Food/Pantry/Chips-%26-Salty-Snacks/Flatbreads-%26-Rice-Crisps/c/RCSS001008011006" tabIndex="-1"  data-auid = "mobile-flatbreads-and-rice-crisps">
			Flatbreads & Rice Crisps</a>
	</li><li data-level="3" class=""
	role="menuitem" >

	<a class="sub-nav-link" href="/Food/Pantry/Chips-%26-Salty-Snacks/Microwave-Popcorn/c/RCSS001008011007" tabIndex="-1"  data-auid = "mobile-microwave-popcorn">
			Microwave Popcorn</a>
	</li><li data-level="3" class=""
	role="menuitem" >

	<a class="sub-nav-link" href="/Food/Pantry/Chips-%26-Salty-Snacks/Jerky%2C-Nuts-%26-Seeds/c/RCSS001008010007" tabIndex="-1"  data-auid = "mobile-jerky,-nuts-and-seeds">
			Jerky, Nuts & Seeds</a>
	</li></ul>
</li><li data-level="2" class="more"
	role="menuitem" >

	<a class="sub-nav-link" href="/Food/Pantry/Cookies%2C-Crackers-%26-Candy/c/RCSS001008010000" tabIndex="-1"  data-auid = "mobile-cookies,-crackers-and-candy">
			Cookies, Crackers & Candy<span class="more-indicator"></span>
			</a>
	<ul class="sub-nav-links" aria-hidden="true">
    <li class="last see-all" role="menuitem" data-level="3" data-auid = "mobile-cookies,-crackers-and-candy">
			<a class="see-all-link" href="/Food/Pantry/Cookies%2C-Crackers-%26-Candy/c/RCSS001008010000" tabIndex="-1">
				See all products</a>
		</li>
	<li data-level="3" class=""
	role="menuitem" >

	<a class="sub-nav-link" href="/Food/Pantry/Cookies%2C-Crackers-%26-Candy/Cookies/c/RCSS001008010008" tabIndex="-1"  data-auid = "mobile-cookies">
			Cookies</a>
	</li><li data-level="3" class=""
	role="menuitem" >

	<a class="sub-nav-link" href="/Food/Pantry/Cookies%2C-Crackers-%26-Candy/Crackers/c/RCSS001008010009" tabIndex="-1"  data-auid = "mobile-crackers">
			Crackers</a>
	</li><li data-level="3" class=""
	role="menuitem" >

	<a class="sub-nav-link" href="/Food/Pantry/Cookies%2C-Crackers-%26-Candy/Granola-%26-Snack-Bars/c/RCSS001008010003" tabIndex="-1"  data-auid = "mobile-granola-and-snack-bars">
			Granola & Snack Bars</a>
	</li><li data-level="3" class=""
	role="menuitem" >

	<a class="sub-nav-link" href="/Food/Pantry/Cookies%2C-Crackers-%26-Candy/Chocolate-Bars/c/RCSS001008010004" tabIndex="-1"  data-auid = "mobile-chocolate-bars">
			Chocolate Bars</a>
	</li><li data-level="3" class=""
	role="menuitem" >

	<a class="sub-nav-link" href="/Food/Pantry/Cookies%2C-Crackers-%26-Candy/Packaged-Chocolate/c/RCSS001008010018" tabIndex="-1"  data-auid = "mobile-packaged-chocolate">
			Packaged Chocolate</a>
	</li><li data-level="3" class=""
	role="menuitem" >

	<a class="sub-nav-link" href="/Food/Pantry/Cookies%2C-Crackers-%26-Candy/Candy-%26-Gum/c/RCSS001008010005" tabIndex="-1"  data-auid = "mobile-candy-and-gum">
			Candy & Gum</a>
	</li><li data-level="3" class=""
	role="menuitem" >

	<a class="sub-nav-link" href="/Food/Pantry/Cookies%2C-Crackers-%26-Candy/Pudding-%26-Jelly/c/RCSS001008010010" tabIndex="-1"  data-auid = "mobile-pudding-and-jelly">
			Pudding & Jelly</a>
	</li><li data-level="3" class=""
	role="menuitem" >

	<a class="sub-nav-link" href="/Food/Pantry/Cookies%2C-Crackers-%26-Candy/Ice-Cream-Toppings-%26-Cones/c/RCSS001008010012" tabIndex="-1"  data-auid = "mobile-ice-cream-toppings-and-cones">
			Ice Cream Toppings & Cones</a>
	</li><li data-level="3" class=""
	role="menuitem" >

	<a class="sub-nav-link" href="/Food/Pantry/Cookies%2C-Crackers-%26-Candy/Single-Serve-Snacks/c/RCSS001008010011" tabIndex="-1"  data-auid = "mobile-single-serve-snacks">
			Single Serve Snacks</a>
	</li></ul>
</li><li data-level="2" class="more"
	role="menuitem" >

	<a class="sub-nav-link" href="/Food/Pantry/Bulk-Foods/c/RCSS001008012000" tabIndex="-1"  data-auid = "mobile-bulk-foods">
			Bulk Foods<span class="more-indicator"></span>
			</a>
	<ul class="sub-nav-links" aria-hidden="true">
    <li class="last see-all" role="menuitem" data-level="3" data-auid = "mobile-bulk-foods">
			<a class="see-all-link" href="/Food/Pantry/Bulk-Foods/c/RCSS001008012000" tabIndex="-1">
				See all products</a>
		</li>
	<li data-level="3" class=""
	role="menuitem" >

	<a class="sub-nav-link" href="/Food/Pantry/Bulk-Foods/Packaged-Bulk/c/RCSS001008012001" tabIndex="-1"  data-auid = "mobile-packaged-bulk">
			Packaged Bulk</a>
	</li><li data-level="3" class=""
	role="menuitem" >

	<a class="sub-nav-link" href="/Food/Pantry/Bulk-Foods/Loose-Bulk/c/RCSS001008012002" tabIndex="-1"  data-auid = "mobile-loose-bulk">
			Loose Bulk</a>
	</li></ul>
</li><li data-level="2" class=""
	role="menuitem" >

	<a class="sub-nav-link" href="/Food/Pantry/Club-Packs/c/RCSS001008014000" tabIndex="-1"  data-auid = "mobile-club-packs">
			Club Packs</a>
	</li></ul>
</li><li data-level="1" class="more"
	role="menuitem" >

	<a class="sub-nav-link" href="/Food/Natural-%26-Organic/c/RCSS001009000000" tabIndex="-1"  data-auid = "mobile-natural-and-organic">
			Natural & Organic<span class="more-indicator"></span>
			</a>
	<ul class="sub-nav-links" aria-hidden="true">
    <li class="last see-all" role="menuitem" data-level="2" data-auid = "mobile-natural-and-organic">
			<a class="see-all-link" href="/Food/Natural-%26-Organic/c/RCSS001009000000" tabIndex="-1">
				See all products</a>
		</li>
	<li data-level="2" class="more"
	role="menuitem" >

	<a class="sub-nav-link" href="/Food/Natural-%26-Organic/Fruits-%26-Vegetables/c/RCSS001009001000" tabIndex="-1"  data-auid = "mobile-fruits-and-vegetables">
			Fruits & Vegetables<span class="more-indicator"></span>
			</a>
	<ul class="sub-nav-links" aria-hidden="true">
    <li class="last see-all" role="menuitem" data-level="3" data-auid = "mobile-fruits-and-vegetables">
			<a class="see-all-link" href="/Food/Natural-%26-Organic/Fruits-%26-Vegetables/c/RCSS001009001000" tabIndex="-1">
				See all products</a>
		</li>
	<li data-level="3" class=""
	role="menuitem" >

	<a class="sub-nav-link" href="/Food/Natural-%26-Organic/Fruits-%26-Vegetables/Fruit/c/RCSS001009001001" tabIndex="-1"  data-auid = "mobile-fruit">
			Fruit</a>
	</li><li data-level="3" class=""
	role="menuitem" >

	<a class="sub-nav-link" href="/Food/Natural-%26-Organic/Fruits-%26-Vegetables/Vegetable/c/RCSS001009001002" tabIndex="-1"  data-auid = "mobile-vegetable">
			Vegetable</a>
	</li></ul>
</li><li data-level="2" class="more"
	role="menuitem" >

	<a class="sub-nav-link" href="/Food/Natural-%26-Organic/Deli/c/RCSS001009002000" tabIndex="-1"  data-auid = "mobile-deli">
			Deli<span class="more-indicator"></span>
			</a>
	<ul class="sub-nav-links" aria-hidden="true">
    <li class="last see-all" role="menuitem" data-level="3" data-auid = "mobile-deli">
			<a class="see-all-link" href="/Food/Natural-%26-Organic/Deli/c/RCSS001009002000" tabIndex="-1">
				See all products</a>
		</li>
	<li data-level="3" class=""
	role="menuitem" >

	<a class="sub-nav-link" href="/Food/Natural-%26-Organic/Deli/Deli-Meats/c/RCSS001009002001" tabIndex="-1"  data-auid = "mobile-deli-meats">
			Deli Meats</a>
	</li><li data-level="3" class=""
	role="menuitem" >

	<a class="sub-nav-link" href="/Food/Natural-%26-Organic/Deli/Vegan-%26-Vegetarian/c/RCSS001009002003" tabIndex="-1"  data-auid = "mobile-vegan-and-vegetarian">
			Vegan & Vegetarian</a>
	</li></ul>
</li><li data-level="2" class=""
	role="menuitem" >

	<a class="sub-nav-link" href="/Food/Natural-%26-Organic/Ready-Meals-%26-Sides/c/RCSS001009003000" tabIndex="-1"  data-auid = "mobile-ready-meals-and-sides">
			Ready Meals & Sides</a>
	</li><li data-level="2" class="more"
	role="menuitem" >

	<a class="sub-nav-link" href="/Food/Natural-%26-Organic/Bakery/c/RCSS001009004000" tabIndex="-1"  data-auid = "mobile-bakery">
			Bakery<span class="more-indicator"></span>
			</a>
	<ul class="sub-nav-links" aria-hidden="true">
    <li class="last see-all" role="menuitem" data-level="3" data-auid = "mobile-bakery">
			<a class="see-all-link" href="/Food/Natural-%26-Organic/Bakery/c/RCSS001009004000" tabIndex="-1">
				See all products</a>
		</li>
	<li data-level="3" class=""
	role="menuitem" >

	<a class="sub-nav-link" href="/Food/Natural-%26-Organic/Bakery/Breakfast%2C-Muffins%2C-%26-Scones/c/RCSS001009004002" tabIndex="-1"  data-auid = "mobile-breakfast,-muffins,-and-scones">
			Breakfast, Muffins, & Scones</a>
	</li><li data-level="3" class=""
	role="menuitem" >

	<a class="sub-nav-link" href="/Food/Natural-%26-Organic/Bakery/Desserts-%26-Pastries/c/RCSS001009004003" tabIndex="-1"  data-auid = "mobile-desserts-and-pastries">
			Desserts & Pastries</a>
	</li><li data-level="3" class=""
	role="menuitem" >

	<a class="sub-nav-link" href="/Food/Natural-%26-Organic/Bakery/Wraps%2C-Pita-%26-Flat-Breads/c/RCSS001009004004" tabIndex="-1"  data-auid = "mobile-wraps,-pita-and-flat-breads">
			Wraps, Pita & Flat Breads</a>
	</li><li data-level="3" class=""
	role="menuitem" >

	<a class="sub-nav-link" href="/Food/Natural-%26-Organic/Bakery/Packaged-Breads/c/RCSS001009004006" tabIndex="-1"  data-auid = "mobile-packaged-breads">
			Packaged Breads</a>
	</li><li data-level="3" class=""
	role="menuitem" >

	<a class="sub-nav-link" href="/Food/Natural-%26-Organic/Bakery/Baguettes%2C-Buns-%26-Rolls/c/RCSS001009004007" tabIndex="-1"  data-auid = "mobile-baguettes,-buns-and-rolls">
			Baguettes, Buns & Rolls</a>
	</li></ul>
</li><li data-level="2" class="more"
	role="menuitem" >

	<a class="sub-nav-link" href="/Food/Natural-%26-Organic/Meat-%26-Seafood/c/RCSS001009005000" tabIndex="-1"  data-auid = "mobile-meat-and-seafood">
			Meat & Seafood<span class="more-indicator"></span>
			</a>
	<ul class="sub-nav-links" aria-hidden="true">
    <li class="last see-all" role="menuitem" data-level="3" data-auid = "mobile-meat-and-seafood">
			<a class="see-all-link" href="/Food/Natural-%26-Organic/Meat-%26-Seafood/c/RCSS001009005000" tabIndex="-1">
				See all products</a>
		</li>
	<li data-level="3" class=""
	role="menuitem" >

	<a class="sub-nav-link" href="/Food/Natural-%26-Organic/Meat-%26-Seafood/Beef-%26-Veal/c/RCSS001009005001" tabIndex="-1"  data-auid = "mobile-beef-and-veal">
			Beef & Veal</a>
	</li></ul>
</li><li data-level="2" class="more"
	role="menuitem" >

	<a class="sub-nav-link" href="/Food/Natural-%26-Organic/Dairy-and-Eggs/c/RCSS001009006000" tabIndex="-1"  data-auid = "mobile-dairy-and-eggs">
			Dairy and Eggs<span class="more-indicator"></span>
			</a>
	<ul class="sub-nav-links" aria-hidden="true">
    <li class="last see-all" role="menuitem" data-level="3" data-auid = "mobile-dairy-and-eggs">
			<a class="see-all-link" href="/Food/Natural-%26-Organic/Dairy-and-Eggs/c/RCSS001009006000" tabIndex="-1">
				See all products</a>
		</li>
	<li data-level="3" class=""
	role="menuitem" >

	<a class="sub-nav-link" href="/Food/Natural-%26-Organic/Dairy-and-Eggs/Milk-%26-Cream/c/RCSS001009006002" tabIndex="-1"  data-auid = "mobile-milk-and-cream">
			Milk & Cream</a>
	</li><li data-level="3" class=""
	role="menuitem" >

	<a class="sub-nav-link" href="/Food/Natural-%26-Organic/Dairy-and-Eggs/Butter-%26-Spreads/c/RCSS001009006001" tabIndex="-1"  data-auid = "mobile-butter-and-spreads">
			Butter & Spreads</a>
	</li><li data-level="3" class=""
	role="menuitem" >

	<a class="sub-nav-link" href="/Food/Natural-%26-Organic/Dairy-and-Eggs/Packaged-Cheeses/c/RCSS001009006003" tabIndex="-1"  data-auid = "mobile-packaged-cheeses">
			Packaged Cheeses</a>
	</li><li data-level="3" class=""
	role="menuitem" >

	<a class="sub-nav-link" href="/Food/Natural-%26-Organic/Dairy-and-Eggs/Egg-%26-Egg-Substitutes/c/RCSS001009006004" tabIndex="-1"  data-auid = "mobile-egg-and-egg-substitutes">
			Egg & Egg Substitutes</a>
	</li><li data-level="3" class=""
	role="menuitem" >

	<a class="sub-nav-link" href="/Food/Natural-%26-Organic/Dairy-and-Eggs/Yogurt/c/RCSS001009006006" tabIndex="-1"  data-auid = "mobile-yogurt">
			Yogurt</a>
	</li><li data-level="3" class=""
	role="menuitem" >

	<a class="sub-nav-link" href="/Food/Natural-%26-Organic/Dairy-and-Eggs/Sour-Creams-%26-Chip-Dips/c/RCSS001009006005" tabIndex="-1"  data-auid = "mobile-sour-creams-and-chip-dips">
			Sour Creams & Chip Dips</a>
	</li></ul>
</li><li data-level="2" class="more"
	role="menuitem" >

	<a class="sub-nav-link" href="/Food/Natural-%26-Organic/Drinks/c/RCSS001009007000" tabIndex="-1"  data-auid = "mobile-drinks">
			Drinks<span class="more-indicator"></span>
			</a>
	<ul class="sub-nav-links" aria-hidden="true">
    <li class="last see-all" role="menuitem" data-level="3" data-auid = "mobile-drinks">
			<a class="see-all-link" href="/Food/Natural-%26-Organic/Drinks/c/RCSS001009007000" tabIndex="-1">
				See all products</a>
		</li>
	<li data-level="3" class=""
	role="menuitem" >

	<a class="sub-nav-link" href="/Food/Natural-%26-Organic/Drinks/Coffee/c/RCSS001009007004" tabIndex="-1"  data-auid = "mobile-coffee">
			Coffee</a>
	</li><li data-level="3" class=""
	role="menuitem" >

	<a class="sub-nav-link" href="/Food/Natural-%26-Organic/Drinks/Juice/c/RCSS001009007001" tabIndex="-1"  data-auid = "mobile-juice">
			Juice</a>
	</li><li data-level="3" class=""
	role="menuitem" >

	<a class="sub-nav-link" href="/Food/Natural-%26-Organic/Drinks/Soft-Drinks/c/RCSS001009007002" tabIndex="-1"  data-auid = "mobile-soft-drinks">
			Soft Drinks</a>
	</li><li data-level="3" class=""
	role="menuitem" >

	<a class="sub-nav-link" href="/Food/Natural-%26-Organic/Drinks/Soy%2C-Rice-%26-Almond-Drinks/c/RCSS001009007007" tabIndex="-1"  data-auid = "mobile-soy,-rice-and-almond-drinks">
			Soy, Rice & Almond Drinks</a>
	</li><li data-level="3" class=""
	role="menuitem" >

	<a class="sub-nav-link" href="/Food/Natural-%26-Organic/Drinks/Tea-%26-Hot-Drinks/c/RCSS001009007006" tabIndex="-1"  data-auid = "mobile-tea-and-hot-drinks">
			Tea & Hot Drinks</a>
	</li><li data-level="3" class=""
	role="menuitem" >

	<a class="sub-nav-link" href="/Food/Natural-%26-Organic/Drinks/Water/c/RCSS001009007009" tabIndex="-1"  data-auid = "mobile-water">
			Water</a>
	</li></ul>
</li><li data-level="2" class="more"
	role="menuitem" >

	<a class="sub-nav-link" href="/Food/Natural-%26-Organic/Frozen/c/RCSS001009008000" tabIndex="-1"  data-auid = "mobile-frozen">
			Frozen<span class="more-indicator"></span>
			</a>
	<ul class="sub-nav-links" aria-hidden="true">
    <li class="last see-all" role="menuitem" data-level="3" data-auid = "mobile-frozen">
			<a class="see-all-link" href="/Food/Natural-%26-Organic/Frozen/c/RCSS001009008000" tabIndex="-1">
				See all products</a>
		</li>
	<li data-level="3" class=""
	role="menuitem" >

	<a class="sub-nav-link" href="/Food/Natural-%26-Organic/Frozen/Bakery-%26-Fruit/c/RCSS001009008002" tabIndex="-1"  data-auid = "mobile-bakery-and-fruit">
			Bakery & Fruit</a>
	</li><li data-level="3" class=""
	role="menuitem" >

	<a class="sub-nav-link" href="/Food/Natural-%26-Organic/Frozen/Breakfast-Foods/c/RCSS001009008004" tabIndex="-1"  data-auid = "mobile-breakfast-foods">
			Breakfast Foods</a>
	</li><li data-level="3" class=""
	role="menuitem" >

	<a class="sub-nav-link" href="/Food/Natural-%26-Organic/Frozen/Ice-Cream-%26-Treats/c/RCSS001009008006" tabIndex="-1"  data-auid = "mobile-ice-cream-and-treats">
			Ice Cream & Treats</a>
	</li><li data-level="3" class=""
	role="menuitem" >

	<a class="sub-nav-link" href="/Food/Natural-%26-Organic/Frozen/Meals/c/RCSS001009008007" tabIndex="-1"  data-auid = "mobile-meals">
			Meals</a>
	</li><li data-level="3" class=""
	role="menuitem" >

	<a class="sub-nav-link" href="/Food/Natural-%26-Organic/Frozen/Pizza%2C-Pasta-%26-Perogies/c/RCSS001009008009" tabIndex="-1"  data-auid = "mobile-pizza,-pasta-and-perogies">
			Pizza, Pasta & Perogies</a>
	</li><li data-level="3" class=""
	role="menuitem" >

	<a class="sub-nav-link" href="/Food/Natural-%26-Organic/Frozen/Vegetables/c/RCSS001009008010" tabIndex="-1"  data-auid = "mobile-vegetables">
			Vegetables</a>
	</li></ul>
</li><li data-level="2" class="more"
	role="menuitem" >

	<a class="sub-nav-link" href="/Food/Natural-%26-Organic/Pantry/c/RCSS001009009000" tabIndex="-1"  data-auid = "mobile-pantry">
			Pantry<span class="more-indicator"></span>
			</a>
	<ul class="sub-nav-links" aria-hidden="true">
    <li class="last see-all" role="menuitem" data-level="3" data-auid = "mobile-pantry">
			<a class="see-all-link" href="/Food/Natural-%26-Organic/Pantry/c/RCSS001009009000" tabIndex="-1">
				See all products</a>
		</li>
	<li data-level="3" class=""
	role="menuitem" >

	<a class="sub-nav-link" href="/Food/Natural-%26-Organic/Pantry/Baby-Food-%26-Formula/c/RCSS001009009001" tabIndex="-1"  data-auid = "mobile-baby-food-and-formula">
			Baby Food & Formula</a>
	</li><li data-level="3" class=""
	role="menuitem" >

	<a class="sub-nav-link" href="/Food/Natural-%26-Organic/Pantry/Breakfast/c/RCSS001009009004" tabIndex="-1"  data-auid = "mobile-breakfast">
			Breakfast</a>
	</li><li data-level="3" class=""
	role="menuitem" >

	<a class="sub-nav-link" href="/Food/Natural-%26-Organic/Pantry/Baking-Ingredients/c/RCSS001009009002" tabIndex="-1"  data-auid = "mobile-baking-ingredients">
			Baking Ingredients</a>
	</li><li data-level="3" class=""
	role="menuitem" >

	<a class="sub-nav-link" href="/Food/Natural-%26-Organic/Pantry/Canned-%26-Jarred/c/RCSS001009009003" tabIndex="-1"  data-auid = "mobile-canned-and-jarred">
			Canned & Jarred</a>
	</li><li data-level="3" class=""
	role="menuitem" >

	<a class="sub-nav-link" href="/Food/Natural-%26-Organic/Pantry/Condiments-%26-Toppings/c/RCSS001009009005" tabIndex="-1"  data-auid = "mobile-condiments-and-toppings">
			Condiments & Toppings</a>
	</li><li data-level="3" class=""
	role="menuitem" >

	<a class="sub-nav-link" href="/Food/Natural-%26-Organic/Pantry/Spices-%26-Sauces/c/RCSS001009009006" tabIndex="-1"  data-auid = "mobile-spices-and-sauces">
			Spices & Sauces</a>
	</li><li data-level="3" class=""
	role="menuitem" >

	<a class="sub-nav-link" href="/Food/Natural-%26-Organic/Pantry/Oil-%26-Vinegars/c/RCSS001009009007" tabIndex="-1"  data-auid = "mobile-oil-and-vinegars">
			Oil & Vinegars</a>
	</li><li data-level="3" class=""
	role="menuitem" >

	<a class="sub-nav-link" href="/Food/Natural-%26-Organic/Pantry/Meal-Kits/c/RCSS001009009008" tabIndex="-1"  data-auid = "mobile-meal-kits">
			Meal Kits</a>
	</li><li data-level="3" class=""
	role="menuitem" >

	<a class="sub-nav-link" href="/Food/Natural-%26-Organic/Pantry/Pasta%2C-Rice-%26-Beans/c/RCSS001009009009" tabIndex="-1"  data-auid = "mobile-pasta,-rice-and-beans">
			Pasta, Rice & Beans</a>
	</li><li data-level="3" class=""
	role="menuitem" >

	<a class="sub-nav-link" href="/Food/Natural-%26-Organic/Pantry/Snacks-%26-Candy/c/RCSS001009009010" tabIndex="-1"  data-auid = "mobile-snacks-and-candy">
			Snacks & Candy</a>
	</li></ul>
</li></ul>
</li><li data-level="1" class="more"
	role="menuitem" >

	<a class="sub-nav-link" href="/Food/International-Foods/c/RCSS001010000000" tabIndex="-1"  data-auid = "mobile-international-foods">
			International Foods<span class="more-indicator"></span>
			</a>
	<ul class="sub-nav-links" aria-hidden="true">
    <li class="last see-all" role="menuitem" data-level="2" data-auid = "mobile-international-foods">
			<a class="see-all-link" href="/Food/International-Foods/c/RCSS001010000000" tabIndex="-1">
				See all products</a>
		</li>
	<li data-level="2" class="more"
	role="menuitem" >

	<a class="sub-nav-link" href="/Food/International-Foods/Fruits-%26-Vegetables/c/RCSS001010001000" tabIndex="-1"  data-auid = "mobile-fruits-and-vegetables">
			Fruits & Vegetables<span class="more-indicator"></span>
			</a>
	<ul class="sub-nav-links" aria-hidden="true">
    <li class="last see-all" role="menuitem" data-level="3" data-auid = "mobile-fruits-and-vegetables">
			<a class="see-all-link" href="/Food/International-Foods/Fruits-%26-Vegetables/c/RCSS001010001000" tabIndex="-1">
				See all products</a>
		</li>
	<li data-level="3" class=""
	role="menuitem" >

	<a class="sub-nav-link" href="/Food/International-Foods/Fruits-%26-Vegetables/Fruits-Veggies/c/RCSS001010001001" tabIndex="-1"  data-auid = "mobile-fruits/veggies">
			Fruits/Veggies</a>
	</li></ul>
</li><li data-level="2" class="more"
	role="menuitem" >

	<a class="sub-nav-link" href="/Food/International-Foods/Deli-%26-Ready-Meals/c/RCSS001010003000" tabIndex="-1"  data-auid = "mobile-deli-and-ready-meals">
			Deli & Ready Meals<span class="more-indicator"></span>
			</a>
	<ul class="sub-nav-links" aria-hidden="true">
    <li class="last see-all" role="menuitem" data-level="3" data-auid = "mobile-deli-and-ready-meals">
			<a class="see-all-link" href="/Food/International-Foods/Deli-%26-Ready-Meals/c/RCSS001010003000" tabIndex="-1">
				See all products</a>
		</li>
	<li data-level="3" class=""
	role="menuitem" >

	<a class="sub-nav-link" href="/Food/International-Foods/Deli-%26-Ready-Meals/Ready-To-Eat/c/RCSS001010003004" tabIndex="-1"  data-auid = "mobile-ready-to-eat">
			Ready To Eat</a>
	</li><li data-level="3" class=""
	role="menuitem" >

	<a class="sub-nav-link" href="/Food/International-Foods/Deli-%26-Ready-Meals/Gourmet/c/RCSS001010003003" tabIndex="-1"  data-auid = "mobile-gourmet">
			Gourmet</a>
	</li><li data-level="3" class=""
	role="menuitem" >

	<a class="sub-nav-link" href="/Food/International-Foods/Deli-%26-Ready-Meals/Deli-Meats/c/RCSS001010003002" tabIndex="-1"  data-auid = "mobile-deli-meats">
			Deli Meats</a>
	</li></ul>
</li><li data-level="2" class="more"
	role="menuitem" >

	<a class="sub-nav-link" href="/Food/International-Foods/Bakery/c/RCSS001010005000" tabIndex="-1"  data-auid = "mobile-bakery">
			Bakery<span class="more-indicator"></span>
			</a>
	<ul class="sub-nav-links" aria-hidden="true">
    <li class="last see-all" role="menuitem" data-level="3" data-auid = "mobile-bakery">
			<a class="see-all-link" href="/Food/International-Foods/Bakery/c/RCSS001010005000" tabIndex="-1">
				See all products</a>
		</li>
	<li data-level="3" class=""
	role="menuitem" >

	<a class="sub-nav-link" href="/Food/International-Foods/Bakery/Desserts-%26-Pastries/c/RCSS001010005002" tabIndex="-1"  data-auid = "mobile-desserts-and-pastries">
			Desserts & Pastries</a>
	</li><li data-level="3" class=""
	role="menuitem" >

	<a class="sub-nav-link" href="/Food/International-Foods/Bakery/Breads/c/RCSS001010005001" tabIndex="-1"  data-auid = "mobile-breads">
			Breads</a>
	</li></ul>
</li><li data-level="2" class="more"
	role="menuitem" >

	<a class="sub-nav-link" href="/Food/International-Foods/Dairy-%26-Eggs/c/RCSS001010008000" tabIndex="-1"  data-auid = "mobile-dairy-and-eggs">
			Dairy & Eggs<span class="more-indicator"></span>
			</a>
	<ul class="sub-nav-links" aria-hidden="true">
    <li class="last see-all" role="menuitem" data-level="3" data-auid = "mobile-dairy-and-eggs">
			<a class="see-all-link" href="/Food/International-Foods/Dairy-%26-Eggs/c/RCSS001010008000" tabIndex="-1">
				See all products</a>
		</li>
	<li data-level="3" class=""
	role="menuitem" >

	<a class="sub-nav-link" href="/Food/International-Foods/Dairy-%26-Eggs/Milk/c/RCSS001010008002" tabIndex="-1"  data-auid = "mobile-milk">
			Milk</a>
	</li><li data-level="3" class=""
	role="menuitem" >

	<a class="sub-nav-link" href="/Food/International-Foods/Dairy-%26-Eggs/Cheese-Butter-Margerine/c/RCSS001010008001" tabIndex="-1"  data-auid = "mobile-cheese/butter/margerine">
			Cheese/Butter/Margerine</a>
	</li><li data-level="3" class=""
	role="menuitem" >

	<a class="sub-nav-link" href="/Food/International-Foods/Dairy-%26-Eggs/Yogurt/c/RCSS001010008003" tabIndex="-1"  data-auid = "mobile-yogurt">
			Yogurt</a>
	</li></ul>
</li><li data-level="2" class="more"
	role="menuitem" >

	<a class="sub-nav-link" href="/Food/International-Foods/Meat-%26-Seafood/c/RCSS001010006000" tabIndex="-1"  data-auid = "mobile-meat-and-seafood">
			Meat & Seafood<span class="more-indicator"></span>
			</a>
	<ul class="sub-nav-links" aria-hidden="true">
    <li class="last see-all" role="menuitem" data-level="3" data-auid = "mobile-meat-and-seafood">
			<a class="see-all-link" href="/Food/International-Foods/Meat-%26-Seafood/c/RCSS001010006000" tabIndex="-1">
				See all products</a>
		</li>
	<li data-level="3" class=""
	role="menuitem" >

	<a class="sub-nav-link" href="/Food/International-Foods/Meat-%26-Seafood/Meat/c/RCSS001010006001" tabIndex="-1"  data-auid = "mobile-meat">
			Meat</a>
	</li><li data-level="3" class=""
	role="menuitem" >

	<a class="sub-nav-link" href="/Food/International-Foods/Meat-%26-Seafood/Seafood/c/RCSS001010006002" tabIndex="-1"  data-auid = "mobile-seafood">
			Seafood</a>
	</li></ul>
</li><li data-level="2" class="more"
	role="menuitem" >

	<a class="sub-nav-link" href="/Food/International-Foods/Drinks/c/RCSS001010009000" tabIndex="-1"  data-auid = "mobile-drinks">
			Drinks<span class="more-indicator"></span>
			</a>
	<ul class="sub-nav-links" aria-hidden="true">
    <li class="last see-all" role="menuitem" data-level="3" data-auid = "mobile-drinks">
			<a class="see-all-link" href="/Food/International-Foods/Drinks/c/RCSS001010009000" tabIndex="-1">
				See all products</a>
		</li>
	<li data-level="3" class=""
	role="menuitem" >

	<a class="sub-nav-link" href="/Food/International-Foods/Drinks/Hot-Beverages/c/RCSS001010009002" tabIndex="-1"  data-auid = "mobile-hot-beverages">
			Hot Beverages</a>
	</li><li data-level="3" class=""
	role="menuitem" >

	<a class="sub-nav-link" href="/Food/International-Foods/Drinks/Cold-Beverages/c/RCSS001010009001" tabIndex="-1"  data-auid = "mobile-cold-beverages">
			Cold Beverages</a>
	</li></ul>
</li><li data-level="2" class="more"
	role="menuitem" >

	<a class="sub-nav-link" href="/Food/International-Foods/Frozen/c/RCSS001010010000" tabIndex="-1"  data-auid = "mobile-frozen">
			Frozen<span class="more-indicator"></span>
			</a>
	<ul class="sub-nav-links" aria-hidden="true">
    <li class="last see-all" role="menuitem" data-level="3" data-auid = "mobile-frozen">
			<a class="see-all-link" href="/Food/International-Foods/Frozen/c/RCSS001010010000" tabIndex="-1">
				See all products</a>
		</li>
	<li data-level="3" class=""
	role="menuitem" >

	<a class="sub-nav-link" href="/Food/International-Foods/Frozen/Fruits-%26-Veggies/c/RCSS001010010003" tabIndex="-1"  data-auid = "mobile-fruits-and-veggies">
			Fruits & Veggies</a>
	</li><li data-level="3" class=""
	role="menuitem" >

	<a class="sub-nav-link" href="/Food/International-Foods/Frozen/Ice-Cream-%26-Juice/c/RCSS001010010004" tabIndex="-1"  data-auid = "mobile-ice-cream-and-juice">
			Ice Cream & Juice</a>
	</li><li data-level="3" class=""
	role="menuitem" >

	<a class="sub-nav-link" href="/Food/International-Foods/Frozen/Meat-%26-Seafood/c/RCSS001010010005" tabIndex="-1"  data-auid = "mobile-meat-and-seafood">
			Meat & Seafood</a>
	</li><li data-level="3" class=""
	role="menuitem" >

	<a class="sub-nav-link" href="/Food/International-Foods/Frozen/Breakfast/c/RCSS001010010002" tabIndex="-1"  data-auid = "mobile-breakfast">
			Breakfast</a>
	</li><li data-level="3" class=""
	role="menuitem" >

	<a class="sub-nav-link" href="/Food/International-Foods/Frozen/Boxed-Meals-%26-Apps/c/RCSS001010010006" tabIndex="-1"  data-auid = "mobile-boxed-meals-and-apps">
			Boxed Meals & Apps</a>
	</li></ul>
</li><li data-level="2" class="more"
	role="menuitem" >

	<a class="sub-nav-link" href="/Food/International-Foods/Pantry/c/RCSS001010011000" tabIndex="-1"  data-auid = "mobile-pantry">
			Pantry<span class="more-indicator"></span>
			</a>
	<ul class="sub-nav-links" aria-hidden="true">
    <li class="last see-all" role="menuitem" data-level="3" data-auid = "mobile-pantry">
			<a class="see-all-link" href="/Food/International-Foods/Pantry/c/RCSS001010011000" tabIndex="-1">
				See all products</a>
		</li>
	<li data-level="3" class=""
	role="menuitem" >

	<a class="sub-nav-link" href="/Food/International-Foods/Pantry/Meal-Makers/c/RCSS001010011001" tabIndex="-1"  data-auid = "mobile-meal-makers">
			Meal Makers</a>
	</li><li data-level="3" class=""
	role="menuitem" >

	<a class="sub-nav-link" href="/Food/International-Foods/Pantry/Snacks/c/RCSS001010011002" tabIndex="-1"  data-auid = "mobile-snacks">
			Snacks</a>
	</li><li data-level="3" class=""
	role="menuitem" >

	<a class="sub-nav-link" href="/Food/International-Foods/Pantry/Canned-%26-Jarred/c/RCSS001010011003" tabIndex="-1"  data-auid = "mobile-canned-and-jarred">
			Canned & Jarred</a>
	</li><li data-level="3" class=""
	role="menuitem" >

	<a class="sub-nav-link" href="/Food/International-Foods/Pantry/Condiments/c/RCSS001010011005" tabIndex="-1"  data-auid = "mobile-condiments">
			Condiments</a>
	</li><li data-level="3" class=""
	role="menuitem" >

	<a class="sub-nav-link" href="/Food/International-Foods/Pantry/Sauces-%26-Oils/c/RCSS001010011006" tabIndex="-1"  data-auid = "mobile-sauces-and-oils">
			Sauces & Oils</a>
	</li></ul>
</li></ul>
</li><li data-level="1" class="more"
	role="menuitem" >

	<a class="sub-nav-link" href="/Home-%26-Lifestyle/Baby-Care/c/RCSS002001000000" tabIndex="-1"  data-auid = "mobile-baby-care">
			Baby Care<span class="more-indicator"></span>
			</a>
	<ul class="sub-nav-links" aria-hidden="true">
    <li class="last see-all" role="menuitem" data-level="2" data-auid = "mobile-baby-care">
			<a class="see-all-link" href="/Home-%26-Lifestyle/Baby-Care/c/RCSS002001000000" tabIndex="-1">
				See all products</a>
		</li>
	<li data-level="2" class="more"
	role="menuitem" >

	<a class="sub-nav-link" href="/Home-%26-Lifestyle/Baby-Care/Baby-Food/c/RCSS002001015000" tabIndex="-1"  data-auid = "mobile-baby-food">
			Baby Food<span class="more-indicator"></span>
			</a>
	<ul class="sub-nav-links" aria-hidden="true">
    <li class="last see-all" role="menuitem" data-level="3" data-auid = "mobile-baby-food">
			<a class="see-all-link" href="/Home-%26-Lifestyle/Baby-Care/Baby-Food/c/RCSS002001015000" tabIndex="-1">
				See all products</a>
		</li>
	<li data-level="3" class=""
	role="menuitem" >

	<a class="sub-nav-link" href="/Home-%26-Lifestyle/Baby-Care/Baby-Food/POUCH/c/RCSS002001015004" tabIndex="-1"  data-auid = "mobile-pouch">
			POUCH</a>
	</li><li data-level="3" class=""
	role="menuitem" >

	<a class="sub-nav-link" href="/Home-%26-Lifestyle/Baby-Care/Baby-Food/CEREAL/c/RCSS002001015002" tabIndex="-1"  data-auid = "mobile-cereal">
			CEREAL</a>
	</li><li data-level="3" class=""
	role="menuitem" >

	<a class="sub-nav-link" href="/Home-%26-Lifestyle/Baby-Care/Baby-Food/SNACKS/c/RCSS002001015001" tabIndex="-1"  data-auid = "mobile-snacks">
			SNACKS</a>
	</li><li data-level="3" class=""
	role="menuitem" >

	<a class="sub-nav-link" href="/Home-%26-Lifestyle/Baby-Care/Baby-Food/JARS/c/RCSS002001015003" tabIndex="-1"  data-auid = "mobile-jars">
			JARS</a>
	</li></ul>
</li><li data-level="2" class="more"
	role="menuitem" >

	<a class="sub-nav-link" href="/Home-%26-Lifestyle/Baby-Care/Baby-Formula/c/RCSS002001017000" tabIndex="-1"  data-auid = "mobile-baby-formula">
			Baby Formula<span class="more-indicator"></span>
			</a>
	<ul class="sub-nav-links" aria-hidden="true">
    <li class="last see-all" role="menuitem" data-level="3" data-auid = "mobile-baby-formula">
			<a class="see-all-link" href="/Home-%26-Lifestyle/Baby-Care/Baby-Formula/c/RCSS002001017000" tabIndex="-1">
				See all products</a>
		</li>
	<li data-level="3" class=""
	role="menuitem" >

	<a class="sub-nav-link" href="/Home-%26-Lifestyle/Baby-Care/Baby-Formula/Powder/c/RCSS002001017001" tabIndex="-1"  data-auid = "mobile-powder">
			Powder</a>
	</li><li data-level="3" class=""
	role="menuitem" >

	<a class="sub-nav-link" href="/Home-%26-Lifestyle/Baby-Care/Baby-Formula/Liquid/c/RCSS002001017002" tabIndex="-1"  data-auid = "mobile-liquid">
			Liquid</a>
	</li></ul>
</li><li data-level="2" class="more"
	role="menuitem" >

	<a class="sub-nav-link" href="/Home-%26-Lifestyle/Baby-Care/Disposable-Diapers/c/RCSS002001013000" tabIndex="-1"  data-auid = "mobile-disposable-diapers">
			Disposable Diapers<span class="more-indicator"></span>
			</a>
	<ul class="sub-nav-links" aria-hidden="true">
    <li class="last see-all" role="menuitem" data-level="3" data-auid = "mobile-disposable-diapers">
			<a class="see-all-link" href="/Home-%26-Lifestyle/Baby-Care/Disposable-Diapers/c/RCSS002001013000" tabIndex="-1">
				See all products</a>
		</li>
	<li data-level="3" class=""
	role="menuitem" >

	<a class="sub-nav-link" href="/Home-%26-Lifestyle/Baby-Care/Disposable-Diapers/Newborn/c/RCSS002001013007" tabIndex="-1"  data-auid = "mobile-newborn">
			Newborn</a>
	</li><li data-level="3" class=""
	role="menuitem" >

	<a class="sub-nav-link" href="/Home-%26-Lifestyle/Baby-Care/Disposable-Diapers/SIZE-1-Diapers/c/RCSS002001013004" tabIndex="-1"  data-auid = "mobile-size-1-diapers">
			SIZE 1 Diapers</a>
	</li><li data-level="3" class=""
	role="menuitem" >

	<a class="sub-nav-link" href="/Home-%26-Lifestyle/Baby-Care/Disposable-Diapers/SIZE-2-Diapers/c/RCSS002001013005" tabIndex="-1"  data-auid = "mobile-size-2-diapers">
			SIZE 2 Diapers</a>
	</li><li data-level="3" class=""
	role="menuitem" >

	<a class="sub-nav-link" href="/Home-%26-Lifestyle/Baby-Care/Disposable-Diapers/SIZE-3-Diapers/c/RCSS002001013003" tabIndex="-1"  data-auid = "mobile-size-3-diapers">
			SIZE 3 Diapers</a>
	</li><li data-level="3" class=""
	role="menuitem" >

	<a class="sub-nav-link" href="/Home-%26-Lifestyle/Baby-Care/Disposable-Diapers/SIZE-4-Diapers/c/RCSS002001013001" tabIndex="-1"  data-auid = "mobile-size-4-diapers">
			SIZE 4 Diapers</a>
	</li><li data-level="3" class=""
	role="menuitem" >

	<a class="sub-nav-link" href="/Home-%26-Lifestyle/Baby-Care/Disposable-Diapers/SIZE-5-Diapers/c/RCSS002001013002" tabIndex="-1"  data-auid = "mobile-size-5-diapers">
			SIZE 5 Diapers</a>
	</li><li data-level="3" class=""
	role="menuitem" >

	<a class="sub-nav-link" href="/Home-%26-Lifestyle/Baby-Care/Disposable-Diapers/SIZE-6-Diapers/c/RCSS002001013006" tabIndex="-1"  data-auid = "mobile-size-6-diapers">
			SIZE 6 Diapers</a>
	</li><li data-level="3" class=""
	role="menuitem" >

	<a class="sub-nav-link" href="/Home-%26-Lifestyle/Baby-Care/Disposable-Diapers/Swim-Diapers/c/RCSS002001013010" tabIndex="-1"  data-auid = "mobile-swim-diapers">
			Swim Diapers</a>
	</li><li data-level="3" class=""
	role="menuitem" >

	<a class="sub-nav-link" href="/Home-%26-Lifestyle/Baby-Care/Disposable-Diapers/Diaper-Accessories/c/RCSS002001013009" tabIndex="-1"  data-auid = "mobile-diaper-accessories">
			Diaper Accessories</a>
	</li></ul>
</li><li data-level="2" class="more"
	role="menuitem" >

	<a class="sub-nav-link" href="/Home-%26-Lifestyle/Baby-Care/Baby-Wipes/c/RCSS002001016000" tabIndex="-1"  data-auid = "mobile-baby-wipes">
			Baby Wipes<span class="more-indicator"></span>
			</a>
	<ul class="sub-nav-links" aria-hidden="true">
    <li class="last see-all" role="menuitem" data-level="3" data-auid = "mobile-baby-wipes">
			<a class="see-all-link" href="/Home-%26-Lifestyle/Baby-Care/Baby-Wipes/c/RCSS002001016000" tabIndex="-1">
				See all products</a>
		</li>
	<li data-level="3" class=""
	role="menuitem" >

	<a class="sub-nav-link" href="/Home-%26-Lifestyle/Baby-Care/Baby-Wipes/Multi-Pack-Wipes/c/RCSS002001016001" tabIndex="-1"  data-auid = "mobile-multi-pack-wipes">
			Multi-Pack Wipes</a>
	</li><li data-level="3" class=""
	role="menuitem" >

	<a class="sub-nav-link" href="/Home-%26-Lifestyle/Baby-Care/Baby-Wipes/Single-Pack-Wipes/c/RCSS002001016002" tabIndex="-1"  data-auid = "mobile-single-pack-wipes">
			Single Pack Wipes</a>
	</li><li data-level="3" class=""
	role="menuitem" >

	<a class="sub-nav-link" href="/Home-%26-Lifestyle/Baby-Care/Baby-Wipes/ClubPack/c/RCSS002001016003" tabIndex="-1"  data-auid = "mobile-clubpack">
			ClubPack</a>
	</li><li data-level="3" class=""
	role="menuitem" >

	<a class="sub-nav-link" href="/Home-%26-Lifestyle/Baby-Care/Baby-Wipes/Flushable-Wipes/c/RCSS002001016004" tabIndex="-1"  data-auid = "mobile-flushable-wipes">
			Flushable Wipes</a>
	</li></ul>
</li><li data-level="2" class="more"
	role="menuitem" >

	<a class="sub-nav-link" href="/Home-%26-Lifestyle/Baby-Care/Potty-Training/c/RCSS002001014000" tabIndex="-1"  data-auid = "mobile-potty-training">
			Potty Training<span class="more-indicator"></span>
			</a>
	<ul class="sub-nav-links" aria-hidden="true">
    <li class="last see-all" role="menuitem" data-level="3" data-auid = "mobile-potty-training">
			<a class="see-all-link" href="/Home-%26-Lifestyle/Baby-Care/Potty-Training/c/RCSS002001014000" tabIndex="-1">
				See all products</a>
		</li>
	<li data-level="3" class=""
	role="menuitem" >

	<a class="sub-nav-link" href="/Home-%26-Lifestyle/Baby-Care/Potty-Training/Disposable-Training-Pants/c/RCSS002001014001" tabIndex="-1"  data-auid = "mobile-disposable-training-pants">
			Disposable Training Pants</a>
	</li><li data-level="3" class=""
	role="menuitem" >

	<a class="sub-nav-link" href="/Home-%26-Lifestyle/Baby-Care/Potty-Training/Potties-%26-Seats/c/RCSS002001014003" tabIndex="-1"  data-auid = "mobile-potties-and-seats">
			Potties & Seats</a>
	</li><li data-level="3" class=""
	role="menuitem" >

	<a class="sub-nav-link" href="/Home-%26-Lifestyle/Baby-Care/Potty-Training/Bed-Wetters/c/RCSS002001014002" tabIndex="-1"  data-auid = "mobile-bed-wetters">
			Bed Wetters</a>
	</li><li data-level="3" class=""
	role="menuitem" >

	<a class="sub-nav-link" href="/Home-%26-Lifestyle/Baby-Care/Potty-Training/Reusable-Training-Underwear/c/RCSS002001014005" tabIndex="-1"  data-auid = "mobile-reusable-training-underwear">
			Reusable Training Underwear</a>
	</li><li data-level="3" class=""
	role="menuitem" >

	<a class="sub-nav-link" href="/Home-%26-Lifestyle/Baby-Care/Potty-Training/Stool/c/RCSS002001014004" tabIndex="-1"  data-auid = "mobile-stool">
			Stool</a>
	</li></ul>
</li><li data-level="2" class="more"
	role="menuitem" >

	<a class="sub-nav-link" href="/Home-%26-Lifestyle/Baby-Care/Baby-Toiletries/c/RCSS002001012000" tabIndex="-1"  data-auid = "mobile-baby-toiletries">
			Baby Toiletries<span class="more-indicator"></span>
			</a>
	<ul class="sub-nav-links" aria-hidden="true">
    <li class="last see-all" role="menuitem" data-level="3" data-auid = "mobile-baby-toiletries">
			<a class="see-all-link" href="/Home-%26-Lifestyle/Baby-Care/Baby-Toiletries/c/RCSS002001012000" tabIndex="-1">
				See all products</a>
		</li>
	<li data-level="3" class=""
	role="menuitem" >

	<a class="sub-nav-link" href="/Home-%26-Lifestyle/Baby-Care/Baby-Toiletries/Medication/c/RCSS002001012002" tabIndex="-1"  data-auid = "mobile-medication">
			Medication</a>
	</li><li data-level="3" class=""
	role="menuitem" >

	<a class="sub-nav-link" href="/Home-%26-Lifestyle/Baby-Care/Baby-Toiletries/Wash/c/RCSS002001012001" tabIndex="-1"  data-auid = "mobile-wash">
			Wash</a>
	</li><li data-level="3" class=""
	role="menuitem" >

	<a class="sub-nav-link" href="/Home-%26-Lifestyle/Baby-Care/Baby-Toiletries/Lotion-Cream/c/RCSS002001012004" tabIndex="-1"  data-auid = "mobile-lotion/cream">
			Lotion/Cream</a>
	</li><li data-level="3" class=""
	role="menuitem" >

	<a class="sub-nav-link" href="/Home-%26-Lifestyle/Baby-Care/Baby-Toiletries/Diaper-Rash-Cream/c/RCSS002001012003" tabIndex="-1"  data-auid = "mobile-diaper-rash-cream">
			Diaper Rash Cream</a>
	</li><li data-level="3" class=""
	role="menuitem" >

	<a class="sub-nav-link" href="/Home-%26-Lifestyle/Baby-Care/Baby-Toiletries/Facial-Wipes/c/RCSS002001012005" tabIndex="-1"  data-auid = "mobile-facial-wipes">
			Facial Wipes</a>
	</li><li data-level="3" class=""
	role="menuitem" >

	<a class="sub-nav-link" href="/Home-%26-Lifestyle/Baby-Care/Baby-Toiletries/Cotton-Swabs/c/RCSS002001012007" tabIndex="-1"  data-auid = "mobile-cotton-swabs">
			Cotton Swabs</a>
	</li><li data-level="3" class=""
	role="menuitem" >

	<a class="sub-nav-link" href="/Home-%26-Lifestyle/Baby-Care/Baby-Toiletries/powder/c/RCSS002001012006" tabIndex="-1"  data-auid = "mobile-powder">
			powder</a>
	</li><li data-level="3" class=""
	role="menuitem" >

	<a class="sub-nav-link" href="/Home-%26-Lifestyle/Baby-Care/Baby-Toiletries/Accessories/c/RCSS002001012008" tabIndex="-1"  data-auid = "mobile-accessories">
			Accessories</a>
	</li><li data-level="3" class=""
	role="menuitem" >

	<a class="sub-nav-link" href="/Home-%26-Lifestyle/Baby-Care/Baby-Toiletries/Nipple-Cream/c/RCSS002001012009" tabIndex="-1"  data-auid = "mobile-nipple-cream">
			Nipple Cream</a>
	</li><li data-level="3" class=""
	role="menuitem" >

	<a class="sub-nav-link" href="/Home-%26-Lifestyle/Baby-Care/Baby-Toiletries/Oral-Care/c/RCSS002001012010" tabIndex="-1"  data-auid = "mobile-oral-care">
			Oral Care</a>
	</li></ul>
</li><li data-level="2" class="more"
	role="menuitem" >

	<a class="sub-nav-link" href="/Home-%26-Lifestyle/Baby-Care/Baby-Accessories/c/RCSS002001011000" tabIndex="-1"  data-auid = "mobile-baby-accessories">
			Baby Accessories<span class="more-indicator"></span>
			</a>
	<ul class="sub-nav-links" aria-hidden="true">
    <li class="last see-all" role="menuitem" data-level="3" data-auid = "mobile-baby-accessories">
			<a class="see-all-link" href="/Home-%26-Lifestyle/Baby-Care/Baby-Accessories/c/RCSS002001011000" tabIndex="-1">
				See all products</a>
		</li>
	<li data-level="3" class=""
	role="menuitem" >

	<a class="sub-nav-link" href="/Home-%26-Lifestyle/Baby-Care/Baby-Accessories/Mealtime/c/RCSS002001011002" tabIndex="-1"  data-auid = "mobile-mealtime">
			Mealtime</a>
	</li><li data-level="3" class=""
	role="menuitem" >

	<a class="sub-nav-link" href="/Home-%26-Lifestyle/Baby-Care/Baby-Accessories/Safety-Gates-%26-Home-Safety/c/RCSS002001011010" tabIndex="-1"  data-auid = "mobile-safety-gates-and-home-safety">
			Safety Gates & Home Safety</a>
	</li><li data-level="3" class=""
	role="menuitem" >

	<a class="sub-nav-link" href="/Home-%26-Lifestyle/Baby-Care/Baby-Accessories/Breast-Pumps-and-Nursing-Accessories/c/RCSS002001011003" tabIndex="-1"  data-auid = "mobile-breast-pumps-and-nursing-accessories">
			Breast Pumps and Nursing Accessories</a>
	</li><li data-level="3" class=""
	role="menuitem" >

	<a class="sub-nav-link" href="/Home-%26-Lifestyle/Baby-Care/Baby-Accessories/Infant-Chair/c/RCSS002001011011" tabIndex="-1"  data-auid = "mobile-infant-chair">
			Infant Chair</a>
	</li><li data-level="3" class=""
	role="menuitem" >

	<a class="sub-nav-link" href="/Home-%26-Lifestyle/Baby-Care/Baby-Accessories/Cups/c/RCSS002001011006" tabIndex="-1"  data-auid = "mobile-cups">
			Cups</a>
	</li><li data-level="3" class=""
	role="menuitem" >

	<a class="sub-nav-link" href="/Home-%26-Lifestyle/Baby-Care/Baby-Accessories/Blankets-%26-Bibs/c/RCSS002001011004" tabIndex="-1"  data-auid = "mobile-blankets-and-bibs">
			Blankets & Bibs</a>
	</li><li data-level="3" class=""
	role="menuitem" >

	<a class="sub-nav-link" href="/Home-%26-Lifestyle/Baby-Care/Baby-Accessories/Teether-and-Toys/c/RCSS002001011005" tabIndex="-1"  data-auid = "mobile-teether-and-toys">
			Teether and Toys</a>
	</li><li data-level="3" class=""
	role="menuitem" >

	<a class="sub-nav-link" href="/Home-%26-Lifestyle/Baby-Care/Baby-Accessories/Stroller-Accessories/c/RCSS002001011013" tabIndex="-1"  data-auid = "mobile-stroller-accessories">
			Stroller Accessories</a>
	</li><li data-level="3" class=""
	role="menuitem" >

	<a class="sub-nav-link" href="/Home-%26-Lifestyle/Baby-Care/Baby-Accessories/Bottles%2C-Nipples-and-Accessories/c/RCSS002001011001" tabIndex="-1"  data-auid = "mobile-bottles,-nipples-and-accessories">
			Bottles, Nipples and Accessories</a>
	</li><li data-level="3" class=""
	role="menuitem" >

	<a class="sub-nav-link" href="/Home-%26-Lifestyle/Baby-Care/Baby-Accessories/Car-Seats-%26-Car-Acessories-Accessory/c/RCSS002001011012" tabIndex="-1"  data-auid = "mobile-car-seats-and-car-acessories-accessory">
			Car Seats & Car Acessories Accessory</a>
	</li><li data-level="3" class=""
	role="menuitem" >

	<a class="sub-nav-link" href="/Home-%26-Lifestyle/Baby-Care/Baby-Accessories/Pacifiers-and-Clips/c/RCSS002001011007" tabIndex="-1"  data-auid = "mobile-pacifiers-and-clips">
			Pacifiers and Clips</a>
	</li></ul>
</li></ul>
</li><li data-level="1" class=""
	role="menuitem" >

	<a class="sub-nav-link" href="/collections/Shop%20By%20Brand/017042000000?icid=Food_ShopbyBrand" tabIndex="-1"  data-auid = "mobile-shop-by-brand">
			Shop by Brand</a>
	</li></ul>
</li>
						<li class="nav-item listener-clickoutside has-sub-nav"  data-auid = "mobile-home-and-lifestyle">
	                            <button class="nav-item-link more">
	                                            Home & Lifestyle<span class="more-indicator"></span>
	                                                </button>
	                                    <span class="icon-arrow-down"></span>
	                                    <ul class="sub-nav-links" aria-hidden="true">
    <li data-level="1" class="more"
	role="menuitem" >

	<a class="sub-nav-link" href="/Food/Holiday/c/RCSS002014000000" tabIndex="-1"  data-auid = "mobile-holiday">
			Holiday<span class="more-indicator"></span>
			</a>
	<ul class="sub-nav-links" aria-hidden="true">
    <li class="last see-all" role="menuitem" data-level="2" data-auid = "mobile-holiday">
			<a class="see-all-link" href="/Food/Holiday/c/RCSS002014000000" tabIndex="-1">
				See all products</a>
		</li>
	<li data-level="2" class="more"
	role="menuitem" >

	<a class="sub-nav-link" href="/Food/Holiday/Christmas-D%C3%A9cor/c/RCSS015001000000" tabIndex="-1"  data-auid = "mobile-christmas-décor">
			Christmas Décor<span class="more-indicator"></span>
			</a>
	<ul class="sub-nav-links" aria-hidden="true">
    <li class="last see-all" role="menuitem" data-level="3" data-auid = "mobile-christmas-décor">
			<a class="see-all-link" href="/Food/Holiday/Christmas-D%C3%A9cor/c/RCSS015001000000" tabIndex="-1">
				See all products</a>
		</li>
	<li data-level="3" class=""
	role="menuitem" >

	<a class="sub-nav-link" href="/Food/Holiday/Christmas-D%C3%A9cor/Ornaments/c/RCSS015001001000" tabIndex="-1"  data-auid = "mobile-ornaments">
			Ornaments</a>
	</li><li data-level="3" class=""
	role="menuitem" >

	<a class="sub-nav-link" href="/Food/Holiday/Christmas-D%C3%A9cor/Trees/c/RCSS015001002000" tabIndex="-1"  data-auid = "mobile-trees">
			Trees</a>
	</li><li data-level="3" class=""
	role="menuitem" >

	<a class="sub-nav-link" href="/Food/Holiday/Christmas-D%C3%A9cor/Home-D%C3%A9cor/c/RCSS015001003000" tabIndex="-1"  data-auid = "mobile-home-décor">
			Home Décor</a>
	</li><li data-level="3" class=""
	role="menuitem" >

	<a class="sub-nav-link" href="/Food/Holiday/Christmas-D%C3%A9cor/Stockings-%26-Wreaths/c/RCSS015001004000" tabIndex="-1"  data-auid = "mobile-stockings-and-wreaths">
			Stockings & Wreaths</a>
	</li><li data-level="3" class=""
	role="menuitem" >

	<a class="sub-nav-link" href="/Food/Holiday/Christmas-D%C3%A9cor/Indoor-Christmas-Lights/c/RCSS015001005002" tabIndex="-1"  data-auid = "mobile-indoor-christmas-lights">
			Indoor Christmas Lights</a>
	</li><li data-level="3" class=""
	role="menuitem" >

	<a class="sub-nav-link" href="/Food/Holiday/Christmas-D%C3%A9cor/Wrap/c/RCSS015001006000" tabIndex="-1"  data-auid = "mobile-wrap">
			Wrap</a>
	</li><li data-level="3" class=""
	role="menuitem" >

	<a class="sub-nav-link" href="/Food/Holiday/Christmas-D%C3%A9cor/Crackers/c/RCSS015001009000" tabIndex="-1"  data-auid = "mobile-crackers">
			Crackers</a>
	</li><li data-level="3" class=""
	role="menuitem" >

	<a class="sub-nav-link" href="/Food/Holiday/Christmas-D%C3%A9cor/Garland/c/RCSS015001010000" tabIndex="-1"  data-auid = "mobile-garland">
			Garland</a>
	</li></ul>
</li><li data-level="2" class="more"
	role="menuitem" >

	<a class="sub-nav-link" href="/Food/Holiday/Entertaining-Ware/c/RCSS002014001000" tabIndex="-1"  data-auid = "mobile-entertaining-ware">
			Entertaining Ware<span class="more-indicator"></span>
			</a>
	<ul class="sub-nav-links" aria-hidden="true">
    <li class="last see-all" role="menuitem" data-level="3" data-auid = "mobile-entertaining-ware">
			<a class="see-all-link" href="/Food/Holiday/Entertaining-Ware/c/RCSS002014001000" tabIndex="-1">
				See all products</a>
		</li>
	<li data-level="3" class=""
	role="menuitem" >

	<a class="sub-nav-link" href="/Food/Holiday/Entertaining-Ware/Serveware/c/RCSS002014001005" tabIndex="-1"  data-auid = "mobile-serveware">
			Serveware</a>
	</li><li data-level="3" class=""
	role="menuitem" >

	<a class="sub-nav-link" href="/Food/Holiday/Entertaining-Ware/Glassware/c/RCSS002014001003" tabIndex="-1"  data-auid = "mobile-glassware">
			Glassware</a>
	</li><li data-level="3" class=""
	role="menuitem" >

	<a class="sub-nav-link" href="/Food/Holiday/Entertaining-Ware/Tableware/c/RCSS002014001004" tabIndex="-1"  data-auid = "mobile-tableware">
			Tableware</a>
	</li><li data-level="3" class=""
	role="menuitem" >

	<a class="sub-nav-link" href="/Food/Holiday/Entertaining-Ware/Cookware-%26-Bakeware/c/RCSS002014001001" tabIndex="-1"  data-auid = "mobile-cookware-and-bakeware">
			Cookware & Bakeware</a>
	</li><li data-level="3" class=""
	role="menuitem" >

	<a class="sub-nav-link" href="/Food/Holiday/Entertaining-Ware/Kitchen-Linens/c/RCSS002014001002" tabIndex="-1"  data-auid = "mobile-kitchen-linens">
			Kitchen Linens</a>
	</li></ul>
</li><li data-level="2" class="more"
	role="menuitem" >

	<a class="sub-nav-link" href="/Food/Holiday/Appetizers/c/RCSS002014002000" tabIndex="-1"  data-auid = "mobile-appetizers">
			Appetizers<span class="more-indicator"></span>
			</a>
	<ul class="sub-nav-links" aria-hidden="true">
    <li class="last see-all" role="menuitem" data-level="3" data-auid = "mobile-appetizers">
			<a class="see-all-link" href="/Food/Holiday/Appetizers/c/RCSS002014002000" tabIndex="-1">
				See all products</a>
		</li>
	<li data-level="3" class=""
	role="menuitem" >

	<a class="sub-nav-link" href="/Food/Holiday/Appetizers/Chips-%26-Dips/c/RCSS002014002001" tabIndex="-1"  data-auid = "mobile-chips-and-dips">
			Chips & Dips</a>
	</li><li data-level="3" class=""
	role="menuitem" >

	<a class="sub-nav-link" href="/Food/Holiday/Appetizers/Party-Trays/c/RCSS002014002002" tabIndex="-1"  data-auid = "mobile-party-trays">
			Party Trays</a>
	</li><li data-level="3" class=""
	role="menuitem" >

	<a class="sub-nav-link" href="/Food/Holiday/Appetizers/Hot-Apps/c/RCSS002014002003" tabIndex="-1"  data-auid = "mobile-hot-apps">
			Hot Apps</a>
	</li></ul>
</li><li data-level="2" class="more"
	role="menuitem" >

	<a class="sub-nav-link" href="/Food/Holiday/Charcuterie-Board/c/RCSS002014003000" tabIndex="-1"  data-auid = "mobile-charcuterie-board">
			Charcuterie Board<span class="more-indicator"></span>
			</a>
	<ul class="sub-nav-links" aria-hidden="true">
    <li class="last see-all" role="menuitem" data-level="3" data-auid = "mobile-charcuterie-board">
			<a class="see-all-link" href="/Food/Holiday/Charcuterie-Board/c/RCSS002014003000" tabIndex="-1">
				See all products</a>
		</li>
	<li data-level="3" class=""
	role="menuitem" >

	<a class="sub-nav-link" href="/Food/Holiday/Charcuterie-Board/Cured-Meats-%26-Salami/c/RCSS002014003001" tabIndex="-1"  data-auid = "mobile-cured-meats-and-salami">
			Cured Meats & Salami</a>
	</li><li data-level="3" class=""
	role="menuitem" >

	<a class="sub-nav-link" href="/Food/Holiday/Charcuterie-Board/Cheese/c/RCSS002014003002" tabIndex="-1"  data-auid = "mobile-cheese">
			Cheese</a>
	</li><li data-level="3" class=""
	role="menuitem" >

	<a class="sub-nav-link" href="/Food/Holiday/Charcuterie-Board/Something-Pickled/c/RCSS002014003003" tabIndex="-1"  data-auid = "mobile-something-pickled">
			Something Pickled</a>
	</li><li data-level="3" class=""
	role="menuitem" >

	<a class="sub-nav-link" href="/Food/Holiday/Charcuterie-Board/Dips-%26-Spreads/c/RCSS002014003004" tabIndex="-1"  data-auid = "mobile-dips-and-spreads">
			Dips & Spreads</a>
	</li><li data-level="3" class=""
	role="menuitem" >

	<a class="sub-nav-link" href="/Food/Holiday/Charcuterie-Board/Fruits-%26-Nuts/c/RCSS002014003005" tabIndex="-1"  data-auid = "mobile-fruits-and-nuts">
			Fruits & Nuts</a>
	</li><li data-level="3" class=""
	role="menuitem" >

	<a class="sub-nav-link" href="/Food/Holiday/Charcuterie-Board/Serveware/c/RCSS002014003006" tabIndex="-1"  data-auid = "mobile-serveware">
			Serveware</a>
	</li></ul>
</li><li data-level="2" class="more"
	role="menuitem" >

	<a class="sub-nav-link" href="/Food/Holiday/Turkey-%26-Main/c/RCSS002014004000" tabIndex="-1"  data-auid = "mobile-turkey-and-main">
			Turkey & Main<span class="more-indicator"></span>
			</a>
	<ul class="sub-nav-links" aria-hidden="true">
    <li class="last see-all" role="menuitem" data-level="3" data-auid = "mobile-turkey-and-main">
			<a class="see-all-link" href="/Food/Holiday/Turkey-%26-Main/c/RCSS002014004000" tabIndex="-1">
				See all products</a>
		</li>
	<li data-level="3" class=""
	role="menuitem" >

	<a class="sub-nav-link" href="/Food/Holiday/Turkey-%26-Main/Turkey-%26-Chicken/c/RCSS002014004001" tabIndex="-1"  data-auid = "mobile-turkey-and-chicken">
			Turkey & Chicken</a>
	</li><li data-level="3" class=""
	role="menuitem" >

	<a class="sub-nav-link" href="/Food/Holiday/Turkey-%26-Main/Beef-%26-Veal/c/RCSS002014004002" tabIndex="-1"  data-auid = "mobile-beef-and-veal">
			Beef & Veal</a>
	</li><li data-level="3" class=""
	role="menuitem" >

	<a class="sub-nav-link" href="/Food/Holiday/Turkey-%26-Main/Fish-%26-Seafood/c/RCSS002014004005" tabIndex="-1"  data-auid = "mobile-fish-and-seafood">
			Fish & Seafood</a>
	</li><li data-level="3" class=""
	role="menuitem" >

	<a class="sub-nav-link" href="/Food/Holiday/Turkey-%26-Main/Lamb-%26-Exotic/c/RCSS002014004004" tabIndex="-1"  data-auid = "mobile-lamb-and-exotic">
			Lamb & Exotic</a>
	</li><li data-level="3" class=""
	role="menuitem" >

	<a class="sub-nav-link" href="/Food/Holiday/Turkey-%26-Main/Pork-%26-Ham/c/RCSS002014004003" tabIndex="-1"  data-auid = "mobile-pork-and-ham">
			Pork & Ham</a>
	</li><li data-level="3" class=""
	role="menuitem" >

	<a class="sub-nav-link" href="/Food/Holiday/Turkey-%26-Main/Sides/c/RCSS002014004007" tabIndex="-1"  data-auid = "mobile-sides">
			Sides</a>
	</li><li data-level="3" class=""
	role="menuitem" >

	<a class="sub-nav-link" href="/Food/Holiday/Turkey-%26-Main/Sauce-%26-Spices/c/RCSS002014004006" tabIndex="-1"  data-auid = "mobile-sauce-and-spices">
			Sauce & Spices</a>
	</li></ul>
</li><li data-level="2" class="more"
	role="menuitem" >

	<a class="sub-nav-link" href="/Food/Holiday/Chocolates-%26-Desserts/c/RCSS002014005000" tabIndex="-1"  data-auid = "mobile-chocolates-and-desserts">
			Chocolates & Desserts<span class="more-indicator"></span>
			</a>
	<ul class="sub-nav-links" aria-hidden="true">
    <li class="last see-all" role="menuitem" data-level="3" data-auid = "mobile-chocolates-and-desserts">
			<a class="see-all-link" href="/Food/Holiday/Chocolates-%26-Desserts/c/RCSS002014005000" tabIndex="-1">
				See all products</a>
		</li>
	<li data-level="3" class=""
	role="menuitem" >

	<a class="sub-nav-link" href="/Food/Holiday/Chocolates-%26-Desserts/Cakes-%26-Puddings/c/RCSS002014005002" tabIndex="-1"  data-auid = "mobile-cakes-and-puddings">
			Cakes & Puddings</a>
	</li><li data-level="3" class=""
	role="menuitem" >

	<a class="sub-nav-link" href="/Food/Holiday/Chocolates-%26-Desserts/Chocolates-%26-Candies/c/RCSS002014005004" tabIndex="-1"  data-auid = "mobile-chocolates-and-candies">
			Chocolates & Candies</a>
	</li><li data-level="3" class=""
	role="menuitem" >

	<a class="sub-nav-link" href="/Food/Holiday/Chocolates-%26-Desserts/Gingerbread-%26-Pies/c/RCSS002014005001" tabIndex="-1"  data-auid = "mobile-gingerbread-and-pies">
			Gingerbread & Pies</a>
	</li><li data-level="3" class=""
	role="menuitem" >

	<a class="sub-nav-link" href="/Food/Holiday/Chocolates-%26-Desserts/Cookies-%26-Biscuits/c/RCSS002014005003" tabIndex="-1"  data-auid = "mobile-cookies-and-biscuits">
			Cookies & Biscuits</a>
	</li></ul>
</li><li data-level="2" class="more"
	role="menuitem" >

	<a class="sub-nav-link" href="/Food/Holiday/Drinks/c/RCSS002014006000" tabIndex="-1"  data-auid = "mobile-drinks">
			Drinks<span class="more-indicator"></span>
			</a>
	<ul class="sub-nav-links" aria-hidden="true">
    <li class="last see-all" role="menuitem" data-level="3" data-auid = "mobile-drinks">
			<a class="see-all-link" href="/Food/Holiday/Drinks/c/RCSS002014006000" tabIndex="-1">
				See all products</a>
		</li>
	<li data-level="3" class=""
	role="menuitem" >

	<a class="sub-nav-link" href="/Food/Holiday/Drinks/Soft-Drinks/c/RCSS002014006003" tabIndex="-1"  data-auid = "mobile-soft-drinks">
			Soft Drinks</a>
	</li><li data-level="3" class=""
	role="menuitem" >

	<a class="sub-nav-link" href="/Food/Holiday/Drinks/Eggnogs/c/RCSS002014006001" tabIndex="-1"  data-auid = "mobile-eggnogs">
			Eggnogs</a>
	</li><li data-level="3" class=""
	role="menuitem" >

	<a class="sub-nav-link" href="/Food/Holiday/Drinks/Water/c/RCSS002014006005" tabIndex="-1"  data-auid = "mobile-water">
			Water</a>
	</li><li data-level="3" class=""
	role="menuitem" >

	<a class="sub-nav-link" href="/Food/Holiday/Drinks/Coffee-%26-Tea/c/RCSS002014006004" tabIndex="-1"  data-auid = "mobile-coffee-and-tea">
			Coffee & Tea</a>
	</li><li data-level="3" class=""
	role="menuitem" >

	<a class="sub-nav-link" href="/Food/Holiday/Drinks/Juices/c/RCSS002014006002" tabIndex="-1"  data-auid = "mobile-juices">
			Juices</a>
	</li></ul>
</li><li data-level="2" class="more"
	role="menuitem" >

	<a class="sub-nav-link" href="/Food/Holiday/Gifts/c/RCSS002014007000" tabIndex="-1"  data-auid = "mobile-gifts">
			Gifts<span class="more-indicator"></span>
			</a>
	<ul class="sub-nav-links" aria-hidden="true">
    <li class="last see-all" role="menuitem" data-level="3" data-auid = "mobile-gifts">
			<a class="see-all-link" href="/Food/Holiday/Gifts/c/RCSS002014007000" tabIndex="-1">
				See all products</a>
		</li>
	<li data-level="3" class=""
	role="menuitem" >

	<a class="sub-nav-link" href="/Food/Holiday/Gifts/Gift-For-Her/c/RCSS002014007002" tabIndex="-1"  data-auid = "mobile-gift-for-her">
			Gift For Her</a>
	</li><li data-level="3" class=""
	role="menuitem" >

	<a class="sub-nav-link" href="/Food/Holiday/Gifts/Gift-For-Him/c/RCSS002014007003" tabIndex="-1"  data-auid = "mobile-gift-for-him">
			Gift For Him</a>
	</li><li data-level="3" class=""
	role="menuitem" >

	<a class="sub-nav-link" href="/Food/Holiday/Gifts/Gift-For-Kid-%26-Toys/c/RCSS002014007001" tabIndex="-1"  data-auid = "mobile-gift-for-kid-and-toys">
			Gift For Kid & Toys</a>
	</li><li data-level="3" class=""
	role="menuitem" >

	<a class="sub-nav-link" href="/Food/Holiday/Gifts/Flowers/c/RCSS002014007004" tabIndex="-1"  data-auid = "mobile-flowers">
			Flowers</a>
	</li><li data-level="3" class=""
	role="menuitem" >

	<a class="sub-nav-link" href="/Food/Holiday/Gifts/Holiday-Personal-Care/c/RCSS002014007005NAV" tabIndex="-1"  data-auid = "mobile-holiday-personal-care">
			Holiday Personal Care</a>
	</li></ul>
</li></ul>
</li><li data-level="1" class="more"
	role="menuitem" >

	<a class="sub-nav-link" href="/Home-%26-Lifestyle/Baby-Care/c/RCSS002001000000" tabIndex="-1"  data-auid = "mobile-baby-care">
			Baby Care<span class="more-indicator"></span>
			</a>
	<ul class="sub-nav-links" aria-hidden="true">
    <li class="last see-all" role="menuitem" data-level="2" data-auid = "mobile-baby-care">
			<a class="see-all-link" href="/Home-%26-Lifestyle/Baby-Care/c/RCSS002001000000" tabIndex="-1">
				See all products</a>
		</li>
	<li data-level="2" class="more"
	role="menuitem" >

	<a class="sub-nav-link" href="/Home-%26-Lifestyle/Baby-Care/Baby-Food/c/RCSS002001015000" tabIndex="-1"  data-auid = "mobile-baby-food">
			Baby Food<span class="more-indicator"></span>
			</a>
	<ul class="sub-nav-links" aria-hidden="true">
    <li class="last see-all" role="menuitem" data-level="3" data-auid = "mobile-baby-food">
			<a class="see-all-link" href="/Home-%26-Lifestyle/Baby-Care/Baby-Food/c/RCSS002001015000" tabIndex="-1">
				See all products</a>
		</li>
	<li data-level="3" class=""
	role="menuitem" >

	<a class="sub-nav-link" href="/Home-%26-Lifestyle/Baby-Care/Baby-Food/POUCH/c/RCSS002001015004" tabIndex="-1"  data-auid = "mobile-pouch">
			POUCH</a>
	</li><li data-level="3" class=""
	role="menuitem" >

	<a class="sub-nav-link" href="/Home-%26-Lifestyle/Baby-Care/Baby-Food/CEREAL/c/RCSS002001015002" tabIndex="-1"  data-auid = "mobile-cereal">
			CEREAL</a>
	</li><li data-level="3" class=""
	role="menuitem" >

	<a class="sub-nav-link" href="/Home-%26-Lifestyle/Baby-Care/Baby-Food/SNACKS/c/RCSS002001015001" tabIndex="-1"  data-auid = "mobile-snacks">
			SNACKS</a>
	</li><li data-level="3" class=""
	role="menuitem" >

	<a class="sub-nav-link" href="/Home-%26-Lifestyle/Baby-Care/Baby-Food/JARS/c/RCSS002001015003" tabIndex="-1"  data-auid = "mobile-jars">
			JARS</a>
	</li></ul>
</li><li data-level="2" class="more"
	role="menuitem" >

	<a class="sub-nav-link" href="/Home-%26-Lifestyle/Baby-Care/Baby-Formula/c/RCSS002001017000" tabIndex="-1"  data-auid = "mobile-baby-formula">
			Baby Formula<span class="more-indicator"></span>
			</a>
	<ul class="sub-nav-links" aria-hidden="true">
    <li class="last see-all" role="menuitem" data-level="3" data-auid = "mobile-baby-formula">
			<a class="see-all-link" href="/Home-%26-Lifestyle/Baby-Care/Baby-Formula/c/RCSS002001017000" tabIndex="-1">
				See all products</a>
		</li>
	<li data-level="3" class=""
	role="menuitem" >

	<a class="sub-nav-link" href="/Home-%26-Lifestyle/Baby-Care/Baby-Formula/Powder/c/RCSS002001017001" tabIndex="-1"  data-auid = "mobile-powder">
			Powder</a>
	</li><li data-level="3" class=""
	role="menuitem" >

	<a class="sub-nav-link" href="/Home-%26-Lifestyle/Baby-Care/Baby-Formula/Liquid/c/RCSS002001017002" tabIndex="-1"  data-auid = "mobile-liquid">
			Liquid</a>
	</li></ul>
</li><li data-level="2" class="more"
	role="menuitem" >

	<a class="sub-nav-link" href="/Home-%26-Lifestyle/Baby-Care/Disposable-Diapers/c/RCSS002001013000" tabIndex="-1"  data-auid = "mobile-disposable-diapers">
			Disposable Diapers<span class="more-indicator"></span>
			</a>
	<ul class="sub-nav-links" aria-hidden="true">
    <li class="last see-all" role="menuitem" data-level="3" data-auid = "mobile-disposable-diapers">
			<a class="see-all-link" href="/Home-%26-Lifestyle/Baby-Care/Disposable-Diapers/c/RCSS002001013000" tabIndex="-1">
				See all products</a>
		</li>
	<li data-level="3" class=""
	role="menuitem" >

	<a class="sub-nav-link" href="/Home-%26-Lifestyle/Baby-Care/Disposable-Diapers/Newborn/c/RCSS002001013007" tabIndex="-1"  data-auid = "mobile-newborn">
			Newborn</a>
	</li><li data-level="3" class=""
	role="menuitem" >

	<a class="sub-nav-link" href="/Home-%26-Lifestyle/Baby-Care/Disposable-Diapers/SIZE-1-Diapers/c/RCSS002001013004" tabIndex="-1"  data-auid = "mobile-size-1-diapers">
			SIZE 1 Diapers</a>
	</li><li data-level="3" class=""
	role="menuitem" >

	<a class="sub-nav-link" href="/Home-%26-Lifestyle/Baby-Care/Disposable-Diapers/SIZE-2-Diapers/c/RCSS002001013005" tabIndex="-1"  data-auid = "mobile-size-2-diapers">
			SIZE 2 Diapers</a>
	</li><li data-level="3" class=""
	role="menuitem" >

	<a class="sub-nav-link" href="/Home-%26-Lifestyle/Baby-Care/Disposable-Diapers/SIZE-3-Diapers/c/RCSS002001013003" tabIndex="-1"  data-auid = "mobile-size-3-diapers">
			SIZE 3 Diapers</a>
	</li><li data-level="3" class=""
	role="menuitem" >

	<a class="sub-nav-link" href="/Home-%26-Lifestyle/Baby-Care/Disposable-Diapers/SIZE-4-Diapers/c/RCSS002001013001" tabIndex="-1"  data-auid = "mobile-size-4-diapers">
			SIZE 4 Diapers</a>
	</li><li data-level="3" class=""
	role="menuitem" >

	<a class="sub-nav-link" href="/Home-%26-Lifestyle/Baby-Care/Disposable-Diapers/SIZE-5-Diapers/c/RCSS002001013002" tabIndex="-1"  data-auid = "mobile-size-5-diapers">
			SIZE 5 Diapers</a>
	</li><li data-level="3" class=""
	role="menuitem" >

	<a class="sub-nav-link" href="/Home-%26-Lifestyle/Baby-Care/Disposable-Diapers/SIZE-6-Diapers/c/RCSS002001013006" tabIndex="-1"  data-auid = "mobile-size-6-diapers">
			SIZE 6 Diapers</a>
	</li><li data-level="3" class=""
	role="menuitem" >

	<a class="sub-nav-link" href="/Home-%26-Lifestyle/Baby-Care/Disposable-Diapers/Swim-Diapers/c/RCSS002001013010" tabIndex="-1"  data-auid = "mobile-swim-diapers">
			Swim Diapers</a>
	</li><li data-level="3" class=""
	role="menuitem" >

	<a class="sub-nav-link" href="/Home-%26-Lifestyle/Baby-Care/Disposable-Diapers/Diaper-Accessories/c/RCSS002001013009" tabIndex="-1"  data-auid = "mobile-diaper-accessories">
			Diaper Accessories</a>
	</li></ul>
</li><li data-level="2" class="more"
	role="menuitem" >

	<a class="sub-nav-link" href="/Home-%26-Lifestyle/Baby-Care/Baby-Wipes/c/RCSS002001016000" tabIndex="-1"  data-auid = "mobile-baby-wipes">
			Baby Wipes<span class="more-indicator"></span>
			</a>
	<ul class="sub-nav-links" aria-hidden="true">
    <li class="last see-all" role="menuitem" data-level="3" data-auid = "mobile-baby-wipes">
			<a class="see-all-link" href="/Home-%26-Lifestyle/Baby-Care/Baby-Wipes/c/RCSS002001016000" tabIndex="-1">
				See all products</a>
		</li>
	<li data-level="3" class=""
	role="menuitem" >

	<a class="sub-nav-link" href="/Home-%26-Lifestyle/Baby-Care/Baby-Wipes/Multi-Pack-Wipes/c/RCSS002001016001" tabIndex="-1"  data-auid = "mobile-multi-pack-wipes">
			Multi-Pack Wipes</a>
	</li><li data-level="3" class=""
	role="menuitem" >

	<a class="sub-nav-link" href="/Home-%26-Lifestyle/Baby-Care/Baby-Wipes/Single-Pack-Wipes/c/RCSS002001016002" tabIndex="-1"  data-auid = "mobile-single-pack-wipes">
			Single Pack Wipes</a>
	</li><li data-level="3" class=""
	role="menuitem" >

	<a class="sub-nav-link" href="/Home-%26-Lifestyle/Baby-Care/Baby-Wipes/ClubPack/c/RCSS002001016003" tabIndex="-1"  data-auid = "mobile-clubpack">
			ClubPack</a>
	</li><li data-level="3" class=""
	role="menuitem" >

	<a class="sub-nav-link" href="/Home-%26-Lifestyle/Baby-Care/Baby-Wipes/Flushable-Wipes/c/RCSS002001016004" tabIndex="-1"  data-auid = "mobile-flushable-wipes">
			Flushable Wipes</a>
	</li></ul>
</li><li data-level="2" class="more"
	role="menuitem" >

	<a class="sub-nav-link" href="/Home-%26-Lifestyle/Baby-Care/Potty-Training/c/RCSS002001014000" tabIndex="-1"  data-auid = "mobile-potty-training">
			Potty Training<span class="more-indicator"></span>
			</a>
	<ul class="sub-nav-links" aria-hidden="true">
    <li class="last see-all" role="menuitem" data-level="3" data-auid = "mobile-potty-training">
			<a class="see-all-link" href="/Home-%26-Lifestyle/Baby-Care/Potty-Training/c/RCSS002001014000" tabIndex="-1">
				See all products</a>
		</li>
	<li data-level="3" class=""
	role="menuitem" >

	<a class="sub-nav-link" href="/Home-%26-Lifestyle/Baby-Care/Potty-Training/Disposable-Training-Pants/c/RCSS002001014001" tabIndex="-1"  data-auid = "mobile-disposable-training-pants">
			Disposable Training Pants</a>
	</li><li data-level="3" class=""
	role="menuitem" >

	<a class="sub-nav-link" href="/Home-%26-Lifestyle/Baby-Care/Potty-Training/Potties-%26-Seats/c/RCSS002001014003" tabIndex="-1"  data-auid = "mobile-potties-and-seats">
			Potties & Seats</a>
	</li><li data-level="3" class=""
	role="menuitem" >

	<a class="sub-nav-link" href="/Home-%26-Lifestyle/Baby-Care/Potty-Training/Bed-Wetters/c/RCSS002001014002" tabIndex="-1"  data-auid = "mobile-bed-wetters">
			Bed Wetters</a>
	</li><li data-level="3" class=""
	role="menuitem" >

	<a class="sub-nav-link" href="/Home-%26-Lifestyle/Baby-Care/Potty-Training/Reusable-Training-Underwear/c/RCSS002001014005" tabIndex="-1"  data-auid = "mobile-reusable-training-underwear">
			Reusable Training Underwear</a>
	</li><li data-level="3" class=""
	role="menuitem" >

	<a class="sub-nav-link" href="/Home-%26-Lifestyle/Baby-Care/Potty-Training/Stool/c/RCSS002001014004" tabIndex="-1"  data-auid = "mobile-stool">
			Stool</a>
	</li></ul>
</li><li data-level="2" class="more"
	role="menuitem" >

	<a class="sub-nav-link" href="/Home-%26-Lifestyle/Baby-Care/Baby-Toiletries/c/RCSS002001012000" tabIndex="-1"  data-auid = "mobile-baby-toiletries">
			Baby Toiletries<span class="more-indicator"></span>
			</a>
	<ul class="sub-nav-links" aria-hidden="true">
    <li class="last see-all" role="menuitem" data-level="3" data-auid = "mobile-baby-toiletries">
			<a class="see-all-link" href="/Home-%26-Lifestyle/Baby-Care/Baby-Toiletries/c/RCSS002001012000" tabIndex="-1">
				See all products</a>
		</li>
	<li data-level="3" class=""
	role="menuitem" >

	<a class="sub-nav-link" href="/Home-%26-Lifestyle/Baby-Care/Baby-Toiletries/Medication/c/RCSS002001012002" tabIndex="-1"  data-auid = "mobile-medication">
			Medication</a>
	</li><li data-level="3" class=""
	role="menuitem" >

	<a class="sub-nav-link" href="/Home-%26-Lifestyle/Baby-Care/Baby-Toiletries/Wash/c/RCSS002001012001" tabIndex="-1"  data-auid = "mobile-wash">
			Wash</a>
	</li><li data-level="3" class=""
	role="menuitem" >

	<a class="sub-nav-link" href="/Home-%26-Lifestyle/Baby-Care/Baby-Toiletries/Lotion-Cream/c/RCSS002001012004" tabIndex="-1"  data-auid = "mobile-lotion/cream">
			Lotion/Cream</a>
	</li><li data-level="3" class=""
	role="menuitem" >

	<a class="sub-nav-link" href="/Home-%26-Lifestyle/Baby-Care/Baby-Toiletries/Diaper-Rash-Cream/c/RCSS002001012003" tabIndex="-1"  data-auid = "mobile-diaper-rash-cream">
			Diaper Rash Cream</a>
	</li><li data-level="3" class=""
	role="menuitem" >

	<a class="sub-nav-link" href="/Home-%26-Lifestyle/Baby-Care/Baby-Toiletries/Facial-Wipes/c/RCSS002001012005" tabIndex="-1"  data-auid = "mobile-facial-wipes">
			Facial Wipes</a>
	</li><li data-level="3" class=""
	role="menuitem" >

	<a class="sub-nav-link" href="/Home-%26-Lifestyle/Baby-Care/Baby-Toiletries/Cotton-Swabs/c/RCSS002001012007" tabIndex="-1"  data-auid = "mobile-cotton-swabs">
			Cotton Swabs</a>
	</li><li data-level="3" class=""
	role="menuitem" >

	<a class="sub-nav-link" href="/Home-%26-Lifestyle/Baby-Care/Baby-Toiletries/powder/c/RCSS002001012006" tabIndex="-1"  data-auid = "mobile-powder">
			powder</a>
	</li><li data-level="3" class=""
	role="menuitem" >

	<a class="sub-nav-link" href="/Home-%26-Lifestyle/Baby-Care/Baby-Toiletries/Accessories/c/RCSS002001012008" tabIndex="-1"  data-auid = "mobile-accessories">
			Accessories</a>
	</li><li data-level="3" class=""
	role="menuitem" >

	<a class="sub-nav-link" href="/Home-%26-Lifestyle/Baby-Care/Baby-Toiletries/Nipple-Cream/c/RCSS002001012009" tabIndex="-1"  data-auid = "mobile-nipple-cream">
			Nipple Cream</a>
	</li><li data-level="3" class=""
	role="menuitem" >

	<a class="sub-nav-link" href="/Home-%26-Lifestyle/Baby-Care/Baby-Toiletries/Oral-Care/c/RCSS002001012010" tabIndex="-1"  data-auid = "mobile-oral-care">
			Oral Care</a>
	</li></ul>
</li><li data-level="2" class="more"
	role="menuitem" >

	<a class="sub-nav-link" href="/Home-%26-Lifestyle/Baby-Care/Baby-Accessories/c/RCSS002001011000" tabIndex="-1"  data-auid = "mobile-baby-accessories">
			Baby Accessories<span class="more-indicator"></span>
			</a>
	<ul class="sub-nav-links" aria-hidden="true">
    <li class="last see-all" role="menuitem" data-level="3" data-auid = "mobile-baby-accessories">
			<a class="see-all-link" href="/Home-%26-Lifestyle/Baby-Care/Baby-Accessories/c/RCSS002001011000" tabIndex="-1">
				See all products</a>
		</li>
	<li data-level="3" class=""
	role="menuitem" >

	<a class="sub-nav-link" href="/Home-%26-Lifestyle/Baby-Care/Baby-Accessories/Mealtime/c/RCSS002001011002" tabIndex="-1"  data-auid = "mobile-mealtime">
			Mealtime</a>
	</li><li data-level="3" class=""
	role="menuitem" >

	<a class="sub-nav-link" href="/Home-%26-Lifestyle/Baby-Care/Baby-Accessories/Safety-Gates-%26-Home-Safety/c/RCSS002001011010" tabIndex="-1"  data-auid = "mobile-safety-gates-and-home-safety">
			Safety Gates & Home Safety</a>
	</li><li data-level="3" class=""
	role="menuitem" >

	<a class="sub-nav-link" href="/Home-%26-Lifestyle/Baby-Care/Baby-Accessories/Breast-Pumps-and-Nursing-Accessories/c/RCSS002001011003" tabIndex="-1"  data-auid = "mobile-breast-pumps-and-nursing-accessories">
			Breast Pumps and Nursing Accessories</a>
	</li><li data-level="3" class=""
	role="menuitem" >

	<a class="sub-nav-link" href="/Home-%26-Lifestyle/Baby-Care/Baby-Accessories/Infant-Chair/c/RCSS002001011011" tabIndex="-1"  data-auid = "mobile-infant-chair">
			Infant Chair</a>
	</li><li data-level="3" class=""
	role="menuitem" >

	<a class="sub-nav-link" href="/Home-%26-Lifestyle/Baby-Care/Baby-Accessories/Cups/c/RCSS002001011006" tabIndex="-1"  data-auid = "mobile-cups">
			Cups</a>
	</li><li data-level="3" class=""
	role="menuitem" >

	<a class="sub-nav-link" href="/Home-%26-Lifestyle/Baby-Care/Baby-Accessories/Blankets-%26-Bibs/c/RCSS002001011004" tabIndex="-1"  data-auid = "mobile-blankets-and-bibs">
			Blankets & Bibs</a>
	</li><li data-level="3" class=""
	role="menuitem" >

	<a class="sub-nav-link" href="/Home-%26-Lifestyle/Baby-Care/Baby-Accessories/Teether-and-Toys/c/RCSS002001011005" tabIndex="-1"  data-auid = "mobile-teether-and-toys">
			Teether and Toys</a>
	</li><li data-level="3" class=""
	role="menuitem" >

	<a class="sub-nav-link" href="/Home-%26-Lifestyle/Baby-Care/Baby-Accessories/Stroller-Accessories/c/RCSS002001011013" tabIndex="-1"  data-auid = "mobile-stroller-accessories">
			Stroller Accessories</a>
	</li><li data-level="3" class=""
	role="menuitem" >

	<a class="sub-nav-link" href="/Home-%26-Lifestyle/Baby-Care/Baby-Accessories/Bottles%2C-Nipples-and-Accessories/c/RCSS002001011001" tabIndex="-1"  data-auid = "mobile-bottles,-nipples-and-accessories">
			Bottles, Nipples and Accessories</a>
	</li><li data-level="3" class=""
	role="menuitem" >

	<a class="sub-nav-link" href="/Home-%26-Lifestyle/Baby-Care/Baby-Accessories/Car-Seats-%26-Car-Acessories-Accessory/c/RCSS002001011012" tabIndex="-1"  data-auid = "mobile-car-seats-and-car-acessories-accessory">
			Car Seats & Car Acessories Accessory</a>
	</li><li data-level="3" class=""
	role="menuitem" >

	<a class="sub-nav-link" href="/Home-%26-Lifestyle/Baby-Care/Baby-Accessories/Pacifiers-and-Clips/c/RCSS002001011007" tabIndex="-1"  data-auid = "mobile-pacifiers-and-clips">
			Pacifiers and Clips</a>
	</li></ul>
</li></ul>
</li><li data-level="1" class="more"
	role="menuitem" >

	<a class="sub-nav-link" href="/Home-%26-Lifestyle/Pet-Food-%26-Accessories/c/RCSS002002000000" tabIndex="-1"  data-auid = "mobile-pet-food-and-accessories">
			Pet Food & Accessories<span class="more-indicator"></span>
			</a>
	<ul class="sub-nav-links" aria-hidden="true">
    <li class="last see-all" role="menuitem" data-level="2" data-auid = "mobile-pet-food-and-accessories">
			<a class="see-all-link" href="/Home-%26-Lifestyle/Pet-Food-%26-Accessories/c/RCSS002002000000" tabIndex="-1">
				See all products</a>
		</li>
	<li data-level="2" class="more"
	role="menuitem" >

	<a class="sub-nav-link" href="/Home-%26-Lifestyle/Pet-Food-%26-Accessories/Dog-Food-%26-Accessories/c/RCSS002002001000" tabIndex="-1"  data-auid = "mobile-dog-food-and-accessories">
			Dog Food & Accessories<span class="more-indicator"></span>
			</a>
	<ul class="sub-nav-links" aria-hidden="true">
    <li class="last see-all" role="menuitem" data-level="3" data-auid = "mobile-dog-food-and-accessories">
			<a class="see-all-link" href="/Home-%26-Lifestyle/Pet-Food-%26-Accessories/Dog-Food-%26-Accessories/c/RCSS002002001000" tabIndex="-1">
				See all products</a>
		</li>
	<li data-level="3" class=""
	role="menuitem" >

	<a class="sub-nav-link" href="/Home-%26-Lifestyle/Pet-Food-%26-Accessories/Dog-Food-%26-Accessories/Food-%26-Treats/c/RCSS002002001006" tabIndex="-1"  data-auid = "mobile-food-and-treats">
			Food & Treats</a>
	</li><li data-level="3" class=""
	role="menuitem" >

	<a class="sub-nav-link" href="/Home-%26-Lifestyle/Pet-Food-%26-Accessories/Dog-Food-%26-Accessories/Dog-Treats/c/RCSS002002001012" tabIndex="-1"  data-auid = "mobile-dog-treats">
			Dog Treats</a>
	</li><li data-level="3" class=""
	role="menuitem" >

	<a class="sub-nav-link" href="/Home-%26-Lifestyle/Pet-Food-%26-Accessories/Dog-Food-%26-Accessories/Dental-%26-Grooming/c/RCSS002002001003" tabIndex="-1"  data-auid = "mobile-dental-and-grooming">
			Dental & Grooming</a>
	</li><li data-level="3" class=""
	role="menuitem" >

	<a class="sub-nav-link" href="/Home-%26-Lifestyle/Pet-Food-%26-Accessories/Dog-Food-%26-Accessories/Apparel-%26-Accessories/c/RCSS002002001001" tabIndex="-1"  data-auid = "mobile-apparel-and-accessories">
			Apparel & Accessories</a>
	</li><li data-level="3" class=""
	role="menuitem" >

	<a class="sub-nav-link" href="/Home-%26-Lifestyle/Pet-Food-%26-Accessories/Dog-Food-%26-Accessories/Toys/c/RCSS002002001008" tabIndex="-1"  data-auid = "mobile-toys">
			Toys</a>
	</li><li data-level="3" class=""
	role="menuitem" >

	<a class="sub-nav-link" href="/Home-%26-Lifestyle/Pet-Food-%26-Accessories/Dog-Food-%26-Accessories/Training/c/RCSS002002001009" tabIndex="-1"  data-auid = "mobile-training">
			Training</a>
	</li><li data-level="3" class=""
	role="menuitem" >

	<a class="sub-nav-link" href="/Home-%26-Lifestyle/Pet-Food-%26-Accessories/Dog-Food-%26-Accessories/Flea-%26-Tick/c/RCSS002002001007" tabIndex="-1"  data-auid = "mobile-flea-and-tick">
			Flea & Tick</a>
	</li></ul>
</li><li data-level="2" class="more"
	role="menuitem" >

	<a class="sub-nav-link" href="/Home-%26-Lifestyle/Pet-Food-%26-Accessories/Cat-Food-%26-Accessories/c/RCSS002002002000" tabIndex="-1"  data-auid = "mobile-cat-food-and-accessories">
			Cat Food & Accessories<span class="more-indicator"></span>
			</a>
	<ul class="sub-nav-links" aria-hidden="true">
    <li class="last see-all" role="menuitem" data-level="3" data-auid = "mobile-cat-food-and-accessories">
			<a class="see-all-link" href="/Home-%26-Lifestyle/Pet-Food-%26-Accessories/Cat-Food-%26-Accessories/c/RCSS002002002000" tabIndex="-1">
				See all products</a>
		</li>
	<li data-level="3" class=""
	role="menuitem" >

	<a class="sub-nav-link" href="/Home-%26-Lifestyle/Pet-Food-%26-Accessories/Cat-Food-%26-Accessories/Food-%26-Treats/c/RCSS002002002009" tabIndex="-1"  data-auid = "mobile-food-and-treats">
			Food & Treats</a>
	</li><li data-level="3" class=""
	role="menuitem" >

	<a class="sub-nav-link" href="/Home-%26-Lifestyle/Pet-Food-%26-Accessories/Cat-Food-%26-Accessories/Cat-Treats/c/RCSS002002002012" tabIndex="-1"  data-auid = "mobile-cat-treats">
			Cat Treats</a>
	</li><li data-level="3" class=""
	role="menuitem" >

	<a class="sub-nav-link" href="/Home-%26-Lifestyle/Pet-Food-%26-Accessories/Cat-Food-%26-Accessories/Toys-%26-Accessories/c/RCSS002002002004" tabIndex="-1"  data-auid = "mobile-toys-and-accessories">
			Toys & Accessories</a>
	</li><li data-level="3" class=""
	role="menuitem" >

	<a class="sub-nav-link" href="/Home-%26-Lifestyle/Pet-Food-%26-Accessories/Cat-Food-%26-Accessories/Litter-%26-Litter-Box/c/RCSS002002002011" tabIndex="-1"  data-auid = "mobile-litter-and-litter-box">
			Litter & Litter Box</a>
	</li><li data-level="3" class=""
	role="menuitem" >

	<a class="sub-nav-link" href="/Home-%26-Lifestyle/Pet-Food-%26-Accessories/Cat-Food-%26-Accessories/Flea-%26-Tick/c/RCSS002002002005" tabIndex="-1"  data-auid = "mobile-flea-and-tick">
			Flea & Tick</a>
	</li></ul>
</li><li data-level="2" class=""
	role="menuitem" >

	<a class="sub-nav-link" href="/Home-%26-Lifestyle/Pet-Food-%26-Accessories/Small-Animals-Food-%26-Accessories/c/RCSS002002007000" tabIndex="-1"  data-auid = "mobile-small-animals-food-and-accessories">
			Small Animals Food & Accessories</a>
	</li><li data-level="2" class=""
	role="menuitem" >

	<a class="sub-nav-link" href="/Home-%26-Lifestyle/Pet-Food-%26-Accessories/Bird-Food-%26-Accessories/c/RCSS002002003000" tabIndex="-1"  data-auid = "mobile-bird-food-and-accessories">
			Bird Food & Accessories</a>
	</li></ul>
</li><li data-level="1" class="more"
	role="menuitem" >

	<a class="sub-nav-link" href="/Home-%26-Lifestyle/Household-Supplies/c/RCSS002003000000" tabIndex="-1"  data-auid = "mobile-household-supplies">
			Household Supplies<span class="more-indicator"></span>
			</a>
	<ul class="sub-nav-links" aria-hidden="true">
    <li class="last see-all" role="menuitem" data-level="2" data-auid = "mobile-household-supplies">
			<a class="see-all-link" href="/Home-%26-Lifestyle/Household-Supplies/c/RCSS002003000000" tabIndex="-1">
				See all products</a>
		</li>
	<li data-level="2" class="more"
	role="menuitem" >

	<a class="sub-nav-link" href="/Home-%26-Lifestyle/Household-Supplies/Paper/c/RCSS002003009000" tabIndex="-1"  data-auid = "mobile-paper">
			Paper<span class="more-indicator"></span>
			</a>
	<ul class="sub-nav-links" aria-hidden="true">
    <li class="last see-all" role="menuitem" data-level="3" data-auid = "mobile-paper">
			<a class="see-all-link" href="/Home-%26-Lifestyle/Household-Supplies/Paper/c/RCSS002003009000" tabIndex="-1">
				See all products</a>
		</li>
	<li data-level="3" class=""
	role="menuitem" >

	<a class="sub-nav-link" href="/Home-%26-Lifestyle/Household-Supplies/Paper/Toilet-Paper/c/RCSS002003009001" tabIndex="-1"  data-auid = "mobile-toilet-paper">
			Toilet Paper</a>
	</li><li data-level="3" class=""
	role="menuitem" >

	<a class="sub-nav-link" href="/Home-%26-Lifestyle/Household-Supplies/Paper/Facial-Tissue/c/RCSS002003009002" tabIndex="-1"  data-auid = "mobile-facial-tissue">
			Facial Tissue</a>
	</li><li data-level="3" class=""
	role="menuitem" >

	<a class="sub-nav-link" href="/Home-%26-Lifestyle/Household-Supplies/Paper/Paper-Towels-%26-Napkins/c/RCSS002003009003" tabIndex="-1"  data-auid = "mobile-paper-towels-and-napkins">
			Paper Towels & Napkins</a>
	</li></ul>
</li><li data-level="2" class="more"
	role="menuitem" >

	<a class="sub-nav-link" href="/Home-%26-Lifestyle/Household-Supplies/Laundry-Needs/c/RCSS002003005000" tabIndex="-1"  data-auid = "mobile-laundry-needs">
			Laundry Needs<span class="more-indicator"></span>
			</a>
	<ul class="sub-nav-links" aria-hidden="true">
    <li class="last see-all" role="menuitem" data-level="3" data-auid = "mobile-laundry-needs">
			<a class="see-all-link" href="/Home-%26-Lifestyle/Household-Supplies/Laundry-Needs/c/RCSS002003005000" tabIndex="-1">
				See all products</a>
		</li>
	<li data-level="3" class=""
	role="menuitem" >

	<a class="sub-nav-link" href="/Home-%26-Lifestyle/Household-Supplies/Laundry-Needs/Laundry-Detergent/c/RCSS002003005005" tabIndex="-1"  data-auid = "mobile-laundry-detergent">
			Laundry Detergent</a>
	</li><li data-level="3" class=""
	role="menuitem" >

	<a class="sub-nav-link" href="/Home-%26-Lifestyle/Household-Supplies/Laundry-Needs/Fabric-Softener/c/RCSS002003005003" tabIndex="-1"  data-auid = "mobile-fabric-softener">
			Fabric Softener</a>
	</li><li data-level="3" class=""
	role="menuitem" >

	<a class="sub-nav-link" href="/Home-%26-Lifestyle/Household-Supplies/Laundry-Needs/Bleach/c/RCSS002003005001" tabIndex="-1"  data-auid = "mobile-bleach">
			Bleach</a>
	</li><li data-level="3" class=""
	role="menuitem" >

	<a class="sub-nav-link" href="/Home-%26-Lifestyle/Household-Supplies/Laundry-Needs/Stain-Remover/c/RCSS002003005006" tabIndex="-1"  data-auid = "mobile-stain-remover">
			Stain Remover</a>
	</li><li data-level="3" class=""
	role="menuitem" >

	<a class="sub-nav-link" href="/Home-%26-Lifestyle/Household-Supplies/Laundry-Needs/Lint-Removal/c/RCSS002003005004" tabIndex="-1"  data-auid = "mobile-lint-removal">
			Lint Removal</a>
	</li><li data-level="3" class=""
	role="menuitem" >

	<a class="sub-nav-link" href="/Home-%26-Lifestyle/Household-Supplies/Laundry-Needs/Fabric-Deodorizer/c/RCSS002003005002" tabIndex="-1"  data-auid = "mobile-fabric-deodorizer">
			Fabric Deodorizer</a>
	</li></ul>
</li><li data-level="2" class="more"
	role="menuitem" >

	<a class="sub-nav-link" href="/Home-%26-Lifestyle/Household-Supplies/Cooking-%26-Kitchen-Supplies/c/RCSS002003006000" tabIndex="-1"  data-auid = "mobile-cooking-and-kitchen-supplies">
			Cooking & Kitchen Supplies<span class="more-indicator"></span>
			</a>
	<ul class="sub-nav-links" aria-hidden="true">
    <li class="last see-all" role="menuitem" data-level="3" data-auid = "mobile-cooking-and-kitchen-supplies">
			<a class="see-all-link" href="/Home-%26-Lifestyle/Household-Supplies/Cooking-%26-Kitchen-Supplies/c/RCSS002003006000" tabIndex="-1">
				See all products</a>
		</li>
	<li data-level="3" class=""
	role="menuitem" >

	<a class="sub-nav-link" href="/Home-%26-Lifestyle/Household-Supplies/Cooking-%26-Kitchen-Supplies/Food-Storage/c/RCSS002003006005" tabIndex="-1"  data-auid = "mobile-food-storage">
			Food Storage</a>
	</li><li data-level="3" class=""
	role="menuitem" >

	<a class="sub-nav-link" href="/Home-%26-Lifestyle/Household-Supplies/Cooking-%26-Kitchen-Supplies/Foilware/c/RCSS002003006006" tabIndex="-1"  data-auid = "mobile-foilware">
			Foilware</a>
	</li><li data-level="3" class=""
	role="menuitem" >

	<a class="sub-nav-link" href="/Home-%26-Lifestyle/Household-Supplies/Cooking-%26-Kitchen-Supplies/Disposable-Plates-%26-Bowls/c/RCSS002003006008" tabIndex="-1"  data-auid = "mobile-disposable-plates-and-bowls">
			Disposable Plates & Bowls</a>
	</li><li data-level="3" class=""
	role="menuitem" >

	<a class="sub-nav-link" href="/Home-%26-Lifestyle/Household-Supplies/Cooking-%26-Kitchen-Supplies/Disposable-Cutlery/c/RCSS002003006009" tabIndex="-1"  data-auid = "mobile-disposable-cutlery">
			Disposable Cutlery</a>
	</li><li data-level="3" class=""
	role="menuitem" >

	<a class="sub-nav-link" href="/Home-%26-Lifestyle/Household-Supplies/Cooking-%26-Kitchen-Supplies/Baking-Cups-%26-Liners/c/RCSS002003006011" tabIndex="-1"  data-auid = "mobile-baking-cups-and-liners">
			Baking Cups & Liners</a>
	</li><li data-level="3" class=""
	role="menuitem" >

	<a class="sub-nav-link" href="/Home-%26-Lifestyle/Household-Supplies/Cooking-%26-Kitchen-Supplies/Disposable-Cups-%26-Straws/c/RCSS002003006002" tabIndex="-1"  data-auid = "mobile-disposable-cups--and-straws">
			Disposable Cups  & Straws</a>
	</li><li data-level="3" class=""
	role="menuitem" >

	<a class="sub-nav-link" href="/Home-%26-Lifestyle/Household-Supplies/Cooking-%26-Kitchen-Supplies/Cooking-Foils-%26-Papers/c/RCSS002003006003" tabIndex="-1"  data-auid = "mobile-cooking-foils-and-papers">
			Cooking Foils & Papers</a>
	</li><li data-level="3" class=""
	role="menuitem" >

	<a class="sub-nav-link" href="/Home-%26-Lifestyle/Household-Supplies/Cooking-%26-Kitchen-Supplies/Garbage-Bags/c/RCSS002003006010" tabIndex="-1"  data-auid = "mobile-garbage-bags">
			Garbage Bags</a>
	</li></ul>
</li><li data-level="2" class="more"
	role="menuitem" >

	<a class="sub-nav-link" href="/Home-%26-Lifestyle/Household-Supplies/Dishwashing/c/RCSS002003002000" tabIndex="-1"  data-auid = "mobile-dishwashing">
			Dishwashing<span class="more-indicator"></span>
			</a>
	<ul class="sub-nav-links" aria-hidden="true">
    <li class="last see-all" role="menuitem" data-level="3" data-auid = "mobile-dishwashing">
			<a class="see-all-link" href="/Home-%26-Lifestyle/Household-Supplies/Dishwashing/c/RCSS002003002000" tabIndex="-1">
				See all products</a>
		</li>
	<li data-level="3" class=""
	role="menuitem" >

	<a class="sub-nav-link" href="/Home-%26-Lifestyle/Household-Supplies/Dishwashing/Dishwashing-Liquid/c/RCSS002003002001" tabIndex="-1"  data-auid = "mobile-dishwashing-liquid">
			Dishwashing Liquid</a>
	</li><li data-level="3" class=""
	role="menuitem" >

	<a class="sub-nav-link" href="/Home-%26-Lifestyle/Household-Supplies/Dishwashing/Dishwasher-Detergent/c/RCSS002003002002" tabIndex="-1"  data-auid = "mobile-dishwasher-detergent">
			Dishwasher Detergent</a>
	</li><li data-level="3" class=""
	role="menuitem" >

	<a class="sub-nav-link" href="/Home-%26-Lifestyle/Household-Supplies/Dishwashing/Scouring-Pads/c/RCSS002003002004" tabIndex="-1"  data-auid = "mobile-scouring-pads">
			Scouring Pads</a>
	</li><li data-level="3" class=""
	role="menuitem" >

	<a class="sub-nav-link" href="/Home-%26-Lifestyle/Household-Supplies/Dishwashing/Sponges-%26-Brushes/c/RCSS002003002003" tabIndex="-1"  data-auid = "mobile-sponges-and-brushes">
			Sponges & Brushes</a>
	</li></ul>
</li><li data-level="2" class="more"
	role="menuitem" >

	<a class="sub-nav-link" href="/Home-%26-Lifestyle/Household-Supplies/Household-Cleaning/c/RCSS002003004000" tabIndex="-1"  data-auid = "mobile-household-cleaning">
			Household Cleaning<span class="more-indicator"></span>
			</a>
	<ul class="sub-nav-links" aria-hidden="true">
    <li class="last see-all" role="menuitem" data-level="3" data-auid = "mobile-household-cleaning">
			<a class="see-all-link" href="/Home-%26-Lifestyle/Household-Supplies/Household-Cleaning/c/RCSS002003004000" tabIndex="-1">
				See all products</a>
		</li>
	<li data-level="3" class=""
	role="menuitem" >

	<a class="sub-nav-link" href="/Home-%26-Lifestyle/Household-Supplies/Household-Cleaning/All-Purpose-Cleaners/c/RCSS002003004001" tabIndex="-1"  data-auid = "mobile-all-purpose-cleaners">
			All-Purpose Cleaners</a>
	</li><li data-level="3" class=""
	role="menuitem" >

	<a class="sub-nav-link" href="/Home-%26-Lifestyle/Household-Supplies/Household-Cleaning/Bathroom-Cleaners/c/RCSS002003004002" tabIndex="-1"  data-auid = "mobile-bathroom-cleaners">
			Bathroom Cleaners</a>
	</li><li data-level="3" class=""
	role="menuitem" >

	<a class="sub-nav-link" href="/Home-%26-Lifestyle/Household-Supplies/Household-Cleaning/Glass-Cleaners/c/RCSS002003004010" tabIndex="-1"  data-auid = "mobile-glass-cleaners">
			Glass Cleaners</a>
	</li><li data-level="3" class=""
	role="menuitem" >

	<a class="sub-nav-link" href="/Home-%26-Lifestyle/Household-Supplies/Household-Cleaning/Floor-Cleaners/c/RCSS002003004007" tabIndex="-1"  data-auid = "mobile-floor-cleaners">
			Floor Cleaners</a>
	</li><li data-level="3" class=""
	role="menuitem" >

	<a class="sub-nav-link" href="/Home-%26-Lifestyle/Household-Supplies/Household-Cleaning/Drain-Openers/c/RCSS002003004006" tabIndex="-1"  data-auid = "mobile-drain-openers">
			Drain Openers</a>
	</li><li data-level="3" class=""
	role="menuitem" >

	<a class="sub-nav-link" href="/Home-%26-Lifestyle/Household-Supplies/Household-Cleaning/Carpet-Cleaners/c/RCSS002003004003" tabIndex="-1"  data-auid = "mobile-carpet-cleaners">
			Carpet Cleaners</a>
	</li><li data-level="3" class=""
	role="menuitem" >

	<a class="sub-nav-link" href="/Home-%26-Lifestyle/Household-Supplies/Household-Cleaning/Kitchen-Cleaners/c/RCSS002003004011" tabIndex="-1"  data-auid = "mobile-kitchen-cleaners">
			Kitchen Cleaners</a>
	</li><li data-level="3" class=""
	role="menuitem" >

	<a class="sub-nav-link" href="/Home-%26-Lifestyle/Household-Supplies/Household-Cleaning/Furniture-Polish/c/RCSS002003004008" tabIndex="-1"  data-auid = "mobile-furniture-polish">
			Furniture Polish</a>
	</li><li data-level="3" class=""
	role="menuitem" >

	<a class="sub-nav-link" href="/Home-%26-Lifestyle/Household-Supplies/Household-Cleaning/Dusting/c/RCSS002003004012" tabIndex="-1"  data-auid = "mobile-dusting">
			Dusting</a>
	</li></ul>
</li><li data-level="2" class="more"
	role="menuitem" >

	<a class="sub-nav-link" href="/Home-%26-Lifestyle/Household-Supplies/General-Household/c/RCSS002003003000" tabIndex="-1"  data-auid = "mobile-general-household">
			General Household<span class="more-indicator"></span>
			</a>
	<ul class="sub-nav-links" aria-hidden="true">
    <li class="last see-all" role="menuitem" data-level="3" data-auid = "mobile-general-household">
			<a class="see-all-link" href="/Home-%26-Lifestyle/Household-Supplies/General-Household/c/RCSS002003003000" tabIndex="-1">
				See all products</a>
		</li>
	<li data-level="3" class=""
	role="menuitem" >

	<a class="sub-nav-link" href="/Home-%26-Lifestyle/Household-Supplies/General-Household/Preserving-Supplies/c/RCSS002003003006" tabIndex="-1"  data-auid = "mobile-preserving-supplies">
			Preserving Supplies</a>
	</li><li data-level="3" class=""
	role="menuitem" >

	<a class="sub-nav-link" href="/Home-%26-Lifestyle/Household-Supplies/General-Household/Air-Fresheners/c/RCSS002003003001" tabIndex="-1"  data-auid = "mobile-air-fresheners">
			Air Fresheners</a>
	</li><li data-level="3" class=""
	role="menuitem" >

	<a class="sub-nav-link" href="/Home-%26-Lifestyle/Household-Supplies/General-Household/Light-Bulbs/c/RCSS002003003004" tabIndex="-1"  data-auid = "mobile-light-bulbs">
			Light Bulbs</a>
	</li><li data-level="3" class=""
	role="menuitem" >

	<a class="sub-nav-link" href="/Home-%26-Lifestyle/Household-Supplies/General-Household/Batteries/c/RCSS002003003002" tabIndex="-1"  data-auid = "mobile-batteries">
			Batteries</a>
	</li><li data-level="3" class=""
	role="menuitem" >

	<a class="sub-nav-link" href="/Home-%26-Lifestyle/Household-Supplies/General-Household/Home-Alarms/c/RCSS002003003009" tabIndex="-1"  data-auid = "mobile-home-alarms">
			Home Alarms</a>
	</li><li data-level="3" class=""
	role="menuitem" >

	<a class="sub-nav-link" href="/Home-%26-Lifestyle/Household-Supplies/General-Household/Insect-Extermination/c/RCSS002003003007" tabIndex="-1"  data-auid = "mobile-insect-extermination">
			Insect Extermination</a>
	</li><li data-level="3" class=""
	role="menuitem" >

	<a class="sub-nav-link" href="/Home-%26-Lifestyle/Household-Supplies/General-Household/Stationery-%26-Crafts/c/RCSS002003003011" tabIndex="-1"  data-auid = "mobile-stationery-and-crafts">
			Stationery & Crafts</a>
	</li><li data-level="3" class=""
	role="menuitem" >

	<a class="sub-nav-link" href="/Home-%26-Lifestyle/Household-Supplies/General-Household/Snow-%26-Ice-Removal/c/RCSS002011006005" tabIndex="-1"  data-auid = "mobile-snow-and-ice-removal">
			Snow & Ice Removal</a>
	</li></ul>
</li><li data-level="2" class="more"
	role="menuitem" >

	<a class="sub-nav-link" href="/Home-%26-Lifestyle/Household-Supplies/Cleaning-Tools/c/RCSS002003001000" tabIndex="-1"  data-auid = "mobile-cleaning-tools">
			Cleaning Tools<span class="more-indicator"></span>
			</a>
	<ul class="sub-nav-links" aria-hidden="true">
    <li class="last see-all" role="menuitem" data-level="3" data-auid = "mobile-cleaning-tools">
			<a class="see-all-link" href="/Home-%26-Lifestyle/Household-Supplies/Cleaning-Tools/c/RCSS002003001000" tabIndex="-1">
				See all products</a>
		</li>
	<li data-level="3" class=""
	role="menuitem" >

	<a class="sub-nav-link" href="/Home-%26-Lifestyle/Household-Supplies/Cleaning-Tools/Brushes/c/RCSS002003001001" tabIndex="-1"  data-auid = "mobile-brushes">
			Brushes</a>
	</li><li data-level="3" class=""
	role="menuitem" >

	<a class="sub-nav-link" href="/Home-%26-Lifestyle/Household-Supplies/Cleaning-Tools/Sweeping-%26-Vacuuming/c/RCSS002003001007" tabIndex="-1"  data-auid = "mobile-sweeping-and-vacuuming">
			Sweeping & Vacuuming</a>
	</li><li data-level="3" class=""
	role="menuitem" >

	<a class="sub-nav-link" href="/Home-%26-Lifestyle/Household-Supplies/Cleaning-Tools/Sponges-%26-Cloths/c/RCSS002003001005" tabIndex="-1"  data-auid = "mobile-sponges-and-cloths">
			Sponges & Cloths</a>
	</li><li data-level="3" class=""
	role="menuitem" >

	<a class="sub-nav-link" href="/Home-%26-Lifestyle/Household-Supplies/Cleaning-Tools/Dusting/c/RCSS002003001002" tabIndex="-1"  data-auid = "mobile-dusting">
			Dusting</a>
	</li><li data-level="3" class=""
	role="menuitem" >

	<a class="sub-nav-link" href="/Home-%26-Lifestyle/Household-Supplies/Cleaning-Tools/Gloves/c/RCSS002003001003" tabIndex="-1"  data-auid = "mobile-gloves">
			Gloves</a>
	</li><li data-level="3" class=""
	role="menuitem" >

	<a class="sub-nav-link" href="/Home-%26-Lifestyle/Household-Supplies/Cleaning-Tools/Mopping/c/RCSS002003001004" tabIndex="-1"  data-auid = "mobile-mopping">
			Mopping</a>
	</li><li data-level="3" class=""
	role="menuitem" >

	<a class="sub-nav-link" href="/Home-%26-Lifestyle/Household-Supplies/Cleaning-Tools/Bathroom-Tools/c/RCSS002003001008" tabIndex="-1"  data-auid = "mobile-bathroom-tools">
			Bathroom Tools</a>
	</li></ul>
</li><li data-level="2" class="more"
	role="menuitem" >

	<a class="sub-nav-link" href="/Home-%26-Lifestyle/Household-Supplies/Air-Fresheners/c/RCSS002003007000" tabIndex="-1"  data-auid = "mobile-air-fresheners">
			Air Fresheners<span class="more-indicator"></span>
			</a>
	<ul class="sub-nav-links" aria-hidden="true">
    <li class="last see-all" role="menuitem" data-level="3" data-auid = "mobile-air-fresheners">
			<a class="see-all-link" href="/Home-%26-Lifestyle/Household-Supplies/Air-Fresheners/c/RCSS002003007000" tabIndex="-1">
				See all products</a>
		</li>
	<li data-level="3" class=""
	role="menuitem" >

	<a class="sub-nav-link" href="/Home-%26-Lifestyle/Household-Supplies/Air-Fresheners/Air-Freshener-Systems/c/RCSS002003007002" tabIndex="-1"  data-auid = "mobile-air-freshener-systems">
			Air Freshener Systems</a>
	</li><li data-level="3" class=""
	role="menuitem" >

	<a class="sub-nav-link" href="/Home-%26-Lifestyle/Household-Supplies/Air-Fresheners/Aerosol/c/RCSS002003007001" tabIndex="-1"  data-auid = "mobile-aerosol">
			Aerosol</a>
	</li><li data-level="3" class=""
	role="menuitem" >

	<a class="sub-nav-link" href="/Home-%26-Lifestyle/Household-Supplies/Air-Fresheners/Car-Fresheners/c/RCSS002003007003" tabIndex="-1"  data-auid = "mobile-car-fresheners">
			Car Fresheners</a>
	</li><li data-level="3" class=""
	role="menuitem" >

	<a class="sub-nav-link" href="/Home-%26-Lifestyle/Household-Supplies/Air-Fresheners/Scented-Candles/c/RCSS002003007004" tabIndex="-1"  data-auid = "mobile-scented-candles">
			Scented Candles</a>
	</li></ul>
</li><li data-level="2" class=""
	role="menuitem" >

	<a class="sub-nav-link" href="/Home-%26-Lifestyle/Household-Supplies/Club-Packs/c/RCSS002003012000" tabIndex="-1"  data-auid = "mobile-club-packs">
			Club Packs</a>
	</li></ul>
</li><li data-level="1" class="more"
	role="menuitem" >

	<a class="sub-nav-link" href="/Home-%26-Lifestyle/Beauty/c/RCSS002004000000" tabIndex="-1"  data-auid = "mobile-beauty">
			Beauty<span class="more-indicator"></span>
			</a>
	<ul class="sub-nav-links" aria-hidden="true">
    <li class="last see-all" role="menuitem" data-level="2" data-auid = "mobile-beauty">
			<a class="see-all-link" href="/Home-%26-Lifestyle/Beauty/c/RCSS002004000000" tabIndex="-1">
				See all products</a>
		</li>
	<li data-level="2" class="more"
	role="menuitem" >

	<a class="sub-nav-link" href="/Home-%26-Lifestyle/Beauty/Hair-Care/c/RCSS002004003000" tabIndex="-1"  data-auid = "mobile-hair-care">
			Hair Care<span class="more-indicator"></span>
			</a>
	<ul class="sub-nav-links" aria-hidden="true">
    <li class="last see-all" role="menuitem" data-level="3" data-auid = "mobile-hair-care">
			<a class="see-all-link" href="/Home-%26-Lifestyle/Beauty/Hair-Care/c/RCSS002004003000" tabIndex="-1">
				See all products</a>
		</li>
	<li data-level="3" class=""
	role="menuitem" >

	<a class="sub-nav-link" href="/Home-%26-Lifestyle/Beauty/Hair-Care/Shampoos/c/RCSS002004003001" tabIndex="-1"  data-auid = "mobile-shampoos">
			Shampoos</a>
	</li><li data-level="3" class=""
	role="menuitem" >

	<a class="sub-nav-link" href="/Home-%26-Lifestyle/Beauty/Hair-Care/Conditioners/c/RCSS002004003002" tabIndex="-1"  data-auid = "mobile-conditioners">
			Conditioners</a>
	</li><li data-level="3" class=""
	role="menuitem" >

	<a class="sub-nav-link" href="/Home-%26-Lifestyle/Beauty/Hair-Care/Shampoos-%26-Conditioner/c/RCSS002004003011" tabIndex="-1"  data-auid = "mobile-shampoos-and-conditioner">
			Shampoos & Conditioner</a>
	</li><li data-level="3" class=""
	role="menuitem" >

	<a class="sub-nav-link" href="/Home-%26-Lifestyle/Beauty/Hair-Care/Styling-Products/c/RCSS002004003008" tabIndex="-1"  data-auid = "mobile-styling-products">
			Styling Products</a>
	</li><li data-level="3" class=""
	role="menuitem" >

	<a class="sub-nav-link" href="/Home-%26-Lifestyle/Beauty/Hair-Care/Hair-Colour/c/RCSS002004003004" tabIndex="-1"  data-auid = "mobile-hair-colour">
			Hair Colour</a>
	</li><li data-level="3" class=""
	role="menuitem" >

	<a class="sub-nav-link" href="/Home-%26-Lifestyle/Beauty/Hair-Care/Hair-Accessories/c/RCSS002004003007" tabIndex="-1"  data-auid = "mobile-hair-accessories">
			Hair Accessories</a>
	</li><li data-level="3" class=""
	role="menuitem" >

	<a class="sub-nav-link" href="/Home-%26-Lifestyle/Beauty/Hair-Care/Styling-Tools/c/RCSS002004003009" tabIndex="-1"  data-auid = "mobile-styling-tools">
			Styling Tools</a>
	</li><li data-level="3" class=""
	role="menuitem" >

	<a class="sub-nav-link" href="/Home-%26-Lifestyle/Beauty/Hair-Care/Hair-Masks-%26-Treatments/c/RCSS002004003003" tabIndex="-1"  data-auid = "mobile-hair-masks-and-treatments">
			Hair Masks & Treatments</a>
	</li></ul>
</li><li data-level="2" class="more"
	role="menuitem" >

	<a class="sub-nav-link" href="/Home-%26-Lifestyle/Beauty/Skin-Care/c/RCSS002004005000" tabIndex="-1"  data-auid = "mobile-skin-care">
			Skin Care<span class="more-indicator"></span>
			</a>
	<ul class="sub-nav-links" aria-hidden="true">
    <li class="last see-all" role="menuitem" data-level="3" data-auid = "mobile-skin-care">
			<a class="see-all-link" href="/Home-%26-Lifestyle/Beauty/Skin-Care/c/RCSS002004005000" tabIndex="-1">
				See all products</a>
		</li>
	<li data-level="3" class=""
	role="menuitem" >

	<a class="sub-nav-link" href="/Home-%26-Lifestyle/Beauty/Skin-Care/Face-Cleansers/c/RCSS002004005011" tabIndex="-1"  data-auid = "mobile-face-cleansers">
			Face Cleansers</a>
	</li><li data-level="3" class=""
	role="menuitem" >

	<a class="sub-nav-link" href="/Home-%26-Lifestyle/Beauty/Skin-Care/Face-Moisturizers/c/RCSS002004005012" tabIndex="-1"  data-auid = "mobile-face-moisturizers">
			Face Moisturizers</a>
	</li><li data-level="3" class=""
	role="menuitem" >

	<a class="sub-nav-link" href="/Home-%26-Lifestyle/Beauty/Skin-Care/Eye-Skin-Care/c/RCSS002004005010" tabIndex="-1"  data-auid = "mobile-eye-skin-care">
			Eye Skin Care</a>
	</li><li data-level="3" class=""
	role="menuitem" >

	<a class="sub-nav-link" href="/Home-%26-Lifestyle/Beauty/Skin-Care/Lip-Care/c/RCSS002004005002" tabIndex="-1"  data-auid = "mobile-lip-care">
			Lip Care</a>
	</li><li data-level="3" class=""
	role="menuitem" >

	<a class="sub-nav-link" href="/Home-%26-Lifestyle/Beauty/Skin-Care/Sun-Care/c/RCSS002004005006" tabIndex="-1"  data-auid = "mobile-sun-care">
			Sun Care</a>
	</li><li data-level="3" class=""
	role="menuitem" >

	<a class="sub-nav-link" href="/Home-%26-Lifestyle/Beauty/Skin-Care/Self-Tanning/c/RCSS002004005007" tabIndex="-1"  data-auid = "mobile-self-tanning">
			Self Tanning</a>
	</li></ul>
</li><li data-level="2" class="more"
	role="menuitem" >

	<a class="sub-nav-link" href="/Home-%26-Lifestyle/Beauty/Cosmetics/c/RCSS002004001000" tabIndex="-1"  data-auid = "mobile-cosmetics">
			Cosmetics<span class="more-indicator"></span>
			</a>
	<ul class="sub-nav-links" aria-hidden="true">
    <li class="last see-all" role="menuitem" data-level="3" data-auid = "mobile-cosmetics">
			<a class="see-all-link" href="/Home-%26-Lifestyle/Beauty/Cosmetics/c/RCSS002004001000" tabIndex="-1">
				See all products</a>
		</li>
	<li data-level="3" class=""
	role="menuitem" >

	<a class="sub-nav-link" href="/Home-%26-Lifestyle/Beauty/Cosmetics/Cosmetic-Accessories/c/RCSS002004001006" tabIndex="-1"  data-auid = "mobile-cosmetic-accessories">
			Cosmetic Accessories</a>
	</li><li data-level="3" class=""
	role="menuitem" >

	<a class="sub-nav-link" href="/Home-%26-Lifestyle/Beauty/Cosmetics/Eyes/c/RCSS002004001001" tabIndex="-1"  data-auid = "mobile-eyes">
			Eyes</a>
	</li><li data-level="3" class=""
	role="menuitem" >

	<a class="sub-nav-link" href="/Home-%26-Lifestyle/Beauty/Cosmetics/Face/c/RCSS002004001002" tabIndex="-1"  data-auid = "mobile-face">
			Face</a>
	</li><li data-level="3" class=""
	role="menuitem" >

	<a class="sub-nav-link" href="/Home-%26-Lifestyle/Beauty/Cosmetics/Lips/c/RCSS002004001003" tabIndex="-1"  data-auid = "mobile-lips">
			Lips</a>
	</li></ul>
</li><li data-level="2" class="more"
	role="menuitem" >

	<a class="sub-nav-link" href="/Home-%26-Lifestyle/Beauty/Hand-%26-Nail-Care/c/RCSS002004004000" tabIndex="-1"  data-auid = "mobile-hand-and-nail-care">
			Hand & Nail Care<span class="more-indicator"></span>
			</a>
	<ul class="sub-nav-links" aria-hidden="true">
    <li class="last see-all" role="menuitem" data-level="3" data-auid = "mobile-hand-and-nail-care">
			<a class="see-all-link" href="/Home-%26-Lifestyle/Beauty/Hand-%26-Nail-Care/c/RCSS002004004000" tabIndex="-1">
				See all products</a>
		</li>
	<li data-level="3" class=""
	role="menuitem" >

	<a class="sub-nav-link" href="/Home-%26-Lifestyle/Beauty/Hand-%26-Nail-Care/Nail-Polishes/c/RCSS002004004001" tabIndex="-1"  data-auid = "mobile-nail-polishes">
			Nail Polishes</a>
	</li><li data-level="3" class=""
	role="menuitem" >

	<a class="sub-nav-link" href="/Home-%26-Lifestyle/Beauty/Hand-%26-Nail-Care/Gel-Nails-Polish/c/RCSS002004004004" tabIndex="-1"  data-auid = "mobile-gel-nails-polish">
			Gel Nails Polish</a>
	</li><li data-level="3" class=""
	role="menuitem" >

	<a class="sub-nav-link" href="/Home-%26-Lifestyle/Beauty/Hand-%26-Nail-Care/Manicure-%26-Pedicure/c/RCSS002004004007" tabIndex="-1"  data-auid = "mobile-manicure-and-pedicure">
			Manicure & Pedicure</a>
	</li><li data-level="3" class=""
	role="menuitem" >

	<a class="sub-nav-link" href="/Home-%26-Lifestyle/Beauty/Hand-%26-Nail-Care/Nail-Tools/c/RCSS002004004006" tabIndex="-1"  data-auid = "mobile-nail-tools">
			Nail Tools</a>
	</li><li data-level="3" class=""
	role="menuitem" >

	<a class="sub-nav-link" href="/Home-%26-Lifestyle/Beauty/Hand-%26-Nail-Care/Nail-Treatments/c/RCSS002004004002" tabIndex="-1"  data-auid = "mobile-nail-treatments">
			Nail Treatments</a>
	</li><li data-level="3" class=""
	role="menuitem" >

	<a class="sub-nav-link" href="/Home-%26-Lifestyle/Beauty/Hand-%26-Nail-Care/Hand-%26-Foot-Lotions/c/RCSS002004004008" tabIndex="-1"  data-auid = "mobile-hand-and-foot-lotions">
			Hand & Foot Lotions</a>
	</li></ul>
</li></ul>
</li><li data-level="1" class="more"
	role="menuitem" >

	<a class="sub-nav-link" href="/Home-%26-Lifestyle/Personal-Care/c/RCSS002005000000" tabIndex="-1"  data-auid = "mobile-personal-care">
			Personal Care<span class="more-indicator"></span>
			</a>
	<ul class="sub-nav-links" aria-hidden="true">
    <li class="last see-all" role="menuitem" data-level="2" data-auid = "mobile-personal-care">
			<a class="see-all-link" href="/Home-%26-Lifestyle/Personal-Care/c/RCSS002005000000" tabIndex="-1">
				See all products</a>
		</li>
	<li data-level="2" class="more"
	role="menuitem" >

	<a class="sub-nav-link" href="/Home-%26-Lifestyle/Personal-Care/Bath-%26-Body/c/RCSS002005001000" tabIndex="-1"  data-auid = "mobile-bath-and-body">
			Bath & Body<span class="more-indicator"></span>
			</a>
	<ul class="sub-nav-links" aria-hidden="true">
    <li class="last see-all" role="menuitem" data-level="3" data-auid = "mobile-bath-and-body">
			<a class="see-all-link" href="/Home-%26-Lifestyle/Personal-Care/Bath-%26-Body/c/RCSS002005001000" tabIndex="-1">
				See all products</a>
		</li>
	<li data-level="3" class=""
	role="menuitem" >

	<a class="sub-nav-link" href="/Home-%26-Lifestyle/Personal-Care/Bath-%26-Body/Soaps-%26-Bodywash/c/RCSS002005001001" tabIndex="-1"  data-auid = "mobile-soaps-and-bodywash">
			Soaps & Bodywash</a>
	</li><li data-level="3" class=""
	role="menuitem" >

	<a class="sub-nav-link" href="/Home-%26-Lifestyle/Personal-Care/Bath-%26-Body/Deodorant-%26-Antiperspirant/c/RCSS002005001005" tabIndex="-1"  data-auid = "mobile-deodorant-and-antiperspirant">
			Deodorant & Antiperspirant</a>
	</li><li data-level="3" class=""
	role="menuitem" >

	<a class="sub-nav-link" href="/Home-%26-Lifestyle/Personal-Care/Bath-%26-Body/Hand-Soap-%26-Sanitizers/c/RCSS002005001002" tabIndex="-1"  data-auid = "mobile-hand-soap-and-sanitizers">
			Hand Soap & Sanitizers</a>
	</li><li data-level="3" class=""
	role="menuitem" >

	<a class="sub-nav-link" href="/Home-%26-Lifestyle/Personal-Care/Bath-%26-Body/Cotton-Balls-%26-Swabs/c/RCSS002005001006" tabIndex="-1"  data-auid = "mobile-cotton-balls-and-swabs">
			Cotton Balls & Swabs</a>
	</li><li data-level="3" class=""
	role="menuitem" >

	<a class="sub-nav-link" href="/Home-%26-Lifestyle/Personal-Care/Bath-%26-Body/Massage-%26-Relaxation/c/RCSS002005001007" tabIndex="-1"  data-auid = "mobile-massage-and-relaxation">
			Massage & Relaxation</a>
	</li><li data-level="3" class=""
	role="menuitem" >

	<a class="sub-nav-link" href="/Home-%26-Lifestyle/Personal-Care/Bath-%26-Body/Children%27s-Bath-Time/c/RCSS002005001008" tabIndex="-1"  data-auid = "mobile-children's-bath-time">
			Children's Bath Time</a>
	</li><li data-level="3" class=""
	role="menuitem" >

	<a class="sub-nav-link" href="/Home-%26-Lifestyle/Personal-Care/Bath-%26-Body/Bath-Accessories/c/RCSS002005001003" tabIndex="-1"  data-auid = "mobile-bath-accessories">
			Bath Accessories</a>
	</li><li data-level="3" class=""
	role="menuitem" >

	<a class="sub-nav-link" href="/Home-%26-Lifestyle/Personal-Care/Bath-%26-Body/Salts%2C-Soaks-%26-Scrubs/c/RCSS002005001009" tabIndex="-1"  data-auid = "mobile-salts,-soaks-and-scrubs">
			Salts, Soaks & Scrubs</a>
	</li></ul>
</li><li data-level="2" class="more"
	role="menuitem" >

	<a class="sub-nav-link" href="/Home-%26-Lifestyle/Personal-Care/Skin-Care/c/RCSS002005009000" tabIndex="-1"  data-auid = "mobile-skin-care">
			Skin Care<span class="more-indicator"></span>
			</a>
	<ul class="sub-nav-links" aria-hidden="true">
    <li class="last see-all" role="menuitem" data-level="3" data-auid = "mobile-skin-care">
			<a class="see-all-link" href="/Home-%26-Lifestyle/Personal-Care/Skin-Care/c/RCSS002005009000" tabIndex="-1">
				See all products</a>
		</li>
	<li data-level="3" class=""
	role="menuitem" >

	<a class="sub-nav-link" href="/Home-%26-Lifestyle/Personal-Care/Skin-Care/Hand-%26-Foot-Care/c/RCSS002005009003" tabIndex="-1"  data-auid = "mobile-hand-and-foot-care">
			Hand & Foot Care</a>
	</li><li data-level="3" class=""
	role="menuitem" >

	<a class="sub-nav-link" href="/Home-%26-Lifestyle/Personal-Care/Skin-Care/Lip-Care/c/RCSS002005009002" tabIndex="-1"  data-auid = "mobile-lip-care">
			Lip Care</a>
	</li><li data-level="3" class=""
	role="menuitem" >

	<a class="sub-nav-link" href="/Home-%26-Lifestyle/Personal-Care/Skin-Care/Body-Care/c/RCSS002005009004" tabIndex="-1"  data-auid = "mobile-body-care">
			Body Care</a>
	</li><li data-level="3" class=""
	role="menuitem" >

	<a class="sub-nav-link" href="/Home-%26-Lifestyle/Personal-Care/Skin-Care/Sun-Care/c/RCSS002005009006" tabIndex="-1"  data-auid = "mobile-sun-care">
			Sun Care</a>
	</li><li data-level="3" class=""
	role="menuitem" >

	<a class="sub-nav-link" href="/Home-%26-Lifestyle/Personal-Care/Skin-Care/Facial-Skin-Care/c/RCSS002005009001" tabIndex="-1"  data-auid = "mobile-facial-skin-care">
			Facial Skin Care</a>
	</li><li data-level="3" class=""
	role="menuitem" >

	<a class="sub-nav-link" href="/Home-%26-Lifestyle/Personal-Care/Skin-Care/Self-Tanning/c/RCSS002005009007" tabIndex="-1"  data-auid = "mobile-self-tanning">
			Self Tanning</a>
	</li><li data-level="3" class=""
	role="menuitem" >

	<a class="sub-nav-link" href="/Home-%26-Lifestyle/Personal-Care/Skin-Care/Eye-Skin-Care/c/RCSS002005009010" tabIndex="-1"  data-auid = "mobile-eye-skin-care">
			Eye Skin Care</a>
	</li><li data-level="3" class=""
	role="menuitem" >

	<a class="sub-nav-link" href="/Home-%26-Lifestyle/Personal-Care/Skin-Care/Face-Cleansers/c/RCSS002005009011" tabIndex="-1"  data-auid = "mobile-face-cleansers">
			Face Cleansers</a>
	</li><li data-level="3" class=""
	role="menuitem" >

	<a class="sub-nav-link" href="/Home-%26-Lifestyle/Personal-Care/Skin-Care/Face-Moisturizers/c/RCSS002005009012" tabIndex="-1"  data-auid = "mobile-face-moisturizers">
			Face Moisturizers</a>
	</li></ul>
</li><li data-level="2" class="more"
	role="menuitem" >

	<a class="sub-nav-link" href="/Home-%26-Lifestyle/Personal-Care/Oral-Care/c/RCSS002005008000" tabIndex="-1"  data-auid = "mobile-oral-care">
			Oral Care<span class="more-indicator"></span>
			</a>
	<ul class="sub-nav-links" aria-hidden="true">
    <li class="last see-all" role="menuitem" data-level="3" data-auid = "mobile-oral-care">
			<a class="see-all-link" href="/Home-%26-Lifestyle/Personal-Care/Oral-Care/c/RCSS002005008000" tabIndex="-1">
				See all products</a>
		</li>
	<li data-level="3" class=""
	role="menuitem" >

	<a class="sub-nav-link" href="/Home-%26-Lifestyle/Personal-Care/Oral-Care/Toothpaste/c/RCSS002005008009" tabIndex="-1"  data-auid = "mobile-toothpaste">
			Toothpaste</a>
	</li><li data-level="3" class=""
	role="menuitem" >

	<a class="sub-nav-link" href="/Home-%26-Lifestyle/Personal-Care/Oral-Care/Manual-Toothbrushes/c/RCSS002005008004" tabIndex="-1"  data-auid = "mobile-manual-toothbrushes">
			Manual Toothbrushes</a>
	</li><li data-level="3" class=""
	role="menuitem" >

	<a class="sub-nav-link" href="/Home-%26-Lifestyle/Personal-Care/Oral-Care/Electric-Toothbrushes/c/RCSS002005008003" tabIndex="-1"  data-auid = "mobile-electric-toothbrushes">
			Electric Toothbrushes</a>
	</li><li data-level="3" class=""
	role="menuitem" >

	<a class="sub-nav-link" href="/Home-%26-Lifestyle/Personal-Care/Oral-Care/Mouthwash/c/RCSS002005008005" tabIndex="-1"  data-auid = "mobile-mouthwash">
			Mouthwash</a>
	</li><li data-level="3" class=""
	role="menuitem" >

	<a class="sub-nav-link" href="/Home-%26-Lifestyle/Personal-Care/Oral-Care/Dental-Floss/c/RCSS002005008001" tabIndex="-1"  data-auid = "mobile-dental-floss">
			Dental Floss</a>
	</li><li data-level="3" class=""
	role="menuitem" >

	<a class="sub-nav-link" href="/Home-%26-Lifestyle/Personal-Care/Oral-Care/Denture-Care/c/RCSS002005008002" tabIndex="-1"  data-auid = "mobile-denture-care">
			Denture Care</a>
	</li><li data-level="3" class=""
	role="menuitem" >

	<a class="sub-nav-link" href="/Home-%26-Lifestyle/Personal-Care/Oral-Care/Teeth-Whitening/c/RCSS002005008007" tabIndex="-1"  data-auid = "mobile-teeth-whitening">
			Teeth Whitening</a>
	</li><li data-level="3" class=""
	role="menuitem" >

	<a class="sub-nav-link" href="/Home-%26-Lifestyle/Personal-Care/Oral-Care/Kids-Toothbrushes/c/RCSS002005008011" tabIndex="-1"  data-auid = "mobile-kids-toothbrushes">
			Kids Toothbrushes</a>
	</li></ul>
</li><li data-level="2" class="more"
	role="menuitem" >

	<a class="sub-nav-link" href="/Home-%26-Lifestyle/Personal-Care/Feminine-Hygiene/c/RCSS002005005000" tabIndex="-1"  data-auid = "mobile-feminine-hygiene">
			Feminine Hygiene<span class="more-indicator"></span>
			</a>
	<ul class="sub-nav-links" aria-hidden="true">
    <li class="last see-all" role="menuitem" data-level="3" data-auid = "mobile-feminine-hygiene">
			<a class="see-all-link" href="/Home-%26-Lifestyle/Personal-Care/Feminine-Hygiene/c/RCSS002005005000" tabIndex="-1">
				See all products</a>
		</li>
	<li data-level="3" class=""
	role="menuitem" >

	<a class="sub-nav-link" href="/Home-%26-Lifestyle/Personal-Care/Feminine-Hygiene/Maxi-Pads/c/RCSS002005005005" tabIndex="-1"  data-auid = "mobile-maxi-pads">
			Maxi Pads</a>
	</li><li data-level="3" class=""
	role="menuitem" >

	<a class="sub-nav-link" href="/Home-%26-Lifestyle/Personal-Care/Feminine-Hygiene/Pantiliners/c/RCSS002005005007" tabIndex="-1"  data-auid = "mobile-pantiliners">
			Pantiliners</a>
	</li><li data-level="3" class=""
	role="menuitem" >

	<a class="sub-nav-link" href="/Home-%26-Lifestyle/Personal-Care/Feminine-Hygiene/Tampons/c/RCSS002005005008" tabIndex="-1"  data-auid = "mobile-tampons">
			Tampons</a>
	</li><li data-level="3" class=""
	role="menuitem" >

	<a class="sub-nav-link" href="/Home-%26-Lifestyle/Personal-Care/Feminine-Hygiene/Yeast-Infection-Treatments/c/RCSS002005005009" tabIndex="-1"  data-auid = "mobile-yeast-infection-treatments">
			Yeast Infection Treatments</a>
	</li><li data-level="3" class=""
	role="menuitem" >

	<a class="sub-nav-link" href="/Home-%26-Lifestyle/Personal-Care/Feminine-Hygiene/Feminine-Cleansing-%26-Wipes/c/RCSS002005005003" tabIndex="-1"  data-auid = "mobile-feminine-cleansing-and-wipes">
			Feminine Cleansing & Wipes</a>
	</li></ul>
</li><li data-level="2" class="more"
	role="menuitem" >

	<a class="sub-nav-link" href="/Home-%26-Lifestyle/Personal-Care/Hair-Removal/c/RCSS002005007000" tabIndex="-1"  data-auid = "mobile-hair-removal">
			Hair Removal<span class="more-indicator"></span>
			</a>
	<ul class="sub-nav-links" aria-hidden="true">
    <li class="last see-all" role="menuitem" data-level="3" data-auid = "mobile-hair-removal">
			<a class="see-all-link" href="/Home-%26-Lifestyle/Personal-Care/Hair-Removal/c/RCSS002005007000" tabIndex="-1">
				See all products</a>
		</li>
	<li data-level="3" class=""
	role="menuitem" >

	<a class="sub-nav-link" href="/Home-%26-Lifestyle/Personal-Care/Hair-Removal/Shaving-Creams-%26-Lotions/c/RCSS002005007002" tabIndex="-1"  data-auid = "mobile-shaving-creams-and-lotions">
			Shaving Creams & Lotions</a>
	</li><li data-level="3" class=""
	role="menuitem" >

	<a class="sub-nav-link" href="/Home-%26-Lifestyle/Personal-Care/Hair-Removal/Razors-%26-Replacement-Blades/c/RCSS002005007001" tabIndex="-1"  data-auid = "mobile-razors-and-replacement-blades">
			Razors & Replacement Blades</a>
	</li><li data-level="3" class=""
	role="menuitem" >

	<a class="sub-nav-link" href="/Home-%26-Lifestyle/Personal-Care/Hair-Removal/Epilators/c/RCSS002005007004" tabIndex="-1"  data-auid = "mobile-epilators">
			Epilators</a>
	</li></ul>
</li><li data-level="2" class="more"
	role="menuitem" >

	<a class="sub-nav-link" href="/Home-%26-Lifestyle/Personal-Care/Eye-Care/c/RCSS002005004000" tabIndex="-1"  data-auid = "mobile-eye-care">
			Eye Care<span class="more-indicator"></span>
			</a>
	<ul class="sub-nav-links" aria-hidden="true">
    <li class="last see-all" role="menuitem" data-level="3" data-auid = "mobile-eye-care">
			<a class="see-all-link" href="/Home-%26-Lifestyle/Personal-Care/Eye-Care/c/RCSS002005004000" tabIndex="-1">
				See all products</a>
		</li>
	<li data-level="3" class=""
	role="menuitem" >

	<a class="sub-nav-link" href="/Home-%26-Lifestyle/Personal-Care/Eye-Care/Ointments-%26-Eye-Drops/c/RCSS002005004001" tabIndex="-1"  data-auid = "mobile-ointments-and-eye-drops">
			Ointments & Eye Drops</a>
	</li><li data-level="3" class=""
	role="menuitem" >

	<a class="sub-nav-link" href="/Home-%26-Lifestyle/Personal-Care/Eye-Care/Contact-Lens-Care/c/RCSS002005004002" tabIndex="-1"  data-auid = "mobile-contact-lens-care">
			Contact Lens Care</a>
	</li></ul>
</li><li data-level="2" class="more"
	role="menuitem" >

	<a class="sub-nav-link" href="/Home-%26-Lifestyle/Personal-Care/Essentials-for-him/c/RCSS002005011000" tabIndex="-1"  data-auid = "mobile-essentials-for-him">
			Essentials for him<span class="more-indicator"></span>
			</a>
	<ul class="sub-nav-links" aria-hidden="true">
    <li class="last see-all" role="menuitem" data-level="3" data-auid = "mobile-essentials-for-him">
			<a class="see-all-link" href="/Home-%26-Lifestyle/Personal-Care/Essentials-for-him/c/RCSS002005011000" tabIndex="-1">
				See all products</a>
		</li>
	<li data-level="3" class=""
	role="menuitem" >

	<a class="sub-nav-link" href="/Home-%26-Lifestyle/Personal-Care/Essentials-for-him/Shaving/c/RCSS002005011001" tabIndex="-1"  data-auid = "mobile-shaving">
			Shaving</a>
	</li><li data-level="3" class=""
	role="menuitem" >

	<a class="sub-nav-link" href="/Home-%26-Lifestyle/Personal-Care/Essentials-for-him/Shaving-Creams-%26-Aftershave/c/RCSS002005011009" tabIndex="-1"  data-auid = "mobile-shaving-creams-and-aftershave">
			Shaving Creams & Aftershave</a>
	</li><li data-level="3" class=""
	role="menuitem" >

	<a class="sub-nav-link" href="/Home-%26-Lifestyle/Personal-Care/Essentials-for-him/Facial-Skin-Care/c/RCSS002005011003" tabIndex="-1"  data-auid = "mobile-facial-skin-care">
			Facial Skin Care</a>
	</li><li data-level="3" class=""
	role="menuitem" >

	<a class="sub-nav-link" href="/Home-%26-Lifestyle/Personal-Care/Essentials-for-him/Hair-Care/c/RCSS002005011002" tabIndex="-1"  data-auid = "mobile-hair-care">
			Hair Care</a>
	</li><li data-level="3" class=""
	role="menuitem" >

	<a class="sub-nav-link" href="/Home-%26-Lifestyle/Personal-Care/Essentials-for-him/Bath-%26-Body/c/RCSS002005011004" tabIndex="-1"  data-auid = "mobile-bath-and-body">
			Bath & Body</a>
	</li><li data-level="3" class=""
	role="menuitem" >

	<a class="sub-nav-link" href="/Home-%26-Lifestyle/Personal-Care/Essentials-for-him/Antiperspirant-%26-Deodorant/c/RCSS002005011007" tabIndex="-1"  data-auid = "mobile-antiperspirant-and-deodorant">
			Antiperspirant & Deodorant</a>
	</li><li data-level="3" class=""
	role="menuitem" >

	<a class="sub-nav-link" href="/Home-%26-Lifestyle/Personal-Care/Essentials-for-him/Cologne/c/RCSS002005011005" tabIndex="-1"  data-auid = "mobile-cologne">
			Cologne</a>
	</li></ul>
</li><li data-level="2" class=""
	role="menuitem" >

	<a class="sub-nav-link" href="/Home-%26-Lifestyle/Personal-Care/Club-Packs/c/RCSS002005012000" tabIndex="-1"  data-auid = "mobile-club-packs">
			Club Packs</a>
	</li></ul>
</li><li data-level="1" class="more"
	role="menuitem" >

	<a class="sub-nav-link" href="/Home-%26-Lifestyle/Medicine-%26-Health/c/RCSS002006000000" tabIndex="-1"  data-auid = "mobile-medicine-and-health">
			Medicine & Health<span class="more-indicator"></span>
			</a>
	<ul class="sub-nav-links" aria-hidden="true">
    <li class="last see-all" role="menuitem" data-level="2" data-auid = "mobile-medicine-and-health">
			<a class="see-all-link" href="/Home-%26-Lifestyle/Medicine-%26-Health/c/RCSS002006000000" tabIndex="-1">
				See all products</a>
		</li>
	<li data-level="2" class="more"
	role="menuitem" >

	<a class="sub-nav-link" href="/Home-%26-Lifestyle/Medicine-%26-Health/Adult-Health/c/RCSS002006001000" tabIndex="-1"  data-auid = "mobile-adult-health">
			Adult Health<span class="more-indicator"></span>
			</a>
	<ul class="sub-nav-links" aria-hidden="true">
    <li class="last see-all" role="menuitem" data-level="3" data-auid = "mobile-adult-health">
			<a class="see-all-link" href="/Home-%26-Lifestyle/Medicine-%26-Health/Adult-Health/c/RCSS002006001000" tabIndex="-1">
				See all products</a>
		</li>
	<li data-level="3" class=""
	role="menuitem" >

	<a class="sub-nav-link" href="/Home-%26-Lifestyle/Medicine-%26-Health/Adult-Health/Sexual-Health/c/RCSS002006001003" tabIndex="-1"  data-auid = "mobile-sexual-health">
			Sexual Health</a>
	</li><li data-level="3" class=""
	role="menuitem" >

	<a class="sub-nav-link" href="/Home-%26-Lifestyle/Medicine-%26-Health/Adult-Health/Incontinence-Aids/c/RCSS002006001001" tabIndex="-1"  data-auid = "mobile-incontinence-aids">
			Incontinence Aids</a>
	</li><li data-level="3" class=""
	role="menuitem" >

	<a class="sub-nav-link" href="/Home-%26-Lifestyle/Medicine-%26-Health/Adult-Health/Stop-Smoking-Aids/c/RCSS002006001002" tabIndex="-1"  data-auid = "mobile-stop-smoking-aids">
			Stop Smoking Aids</a>
	</li><li data-level="3" class=""
	role="menuitem" >

	<a class="sub-nav-link" href="/Home-%26-Lifestyle/Medicine-%26-Health/Adult-Health/Family-Planning/c/RCSS002006001004" tabIndex="-1"  data-auid = "mobile-family-planning">
			Family Planning</a>
	</li><li data-level="3" class=""
	role="menuitem" >

	<a class="sub-nav-link" href="/Home-%26-Lifestyle/Medicine-%26-Health/Adult-Health/Personal-Lubricants/c/RCSS002006001005" tabIndex="-1"  data-auid = "mobile-personal-lubricants">
			Personal Lubricants</a>
	</li></ul>
</li><li data-level="2" class="more"
	role="menuitem" >

	<a class="sub-nav-link" href="/Home-%26-Lifestyle/Medicine-%26-Health/Allergy-%26-Sinus/c/RCSS002006002000" tabIndex="-1"  data-auid = "mobile-allergy-and-sinus">
			Allergy & Sinus<span class="more-indicator"></span>
			</a>
	<ul class="sub-nav-links" aria-hidden="true">
    <li class="last see-all" role="menuitem" data-level="3" data-auid = "mobile-allergy-and-sinus">
			<a class="see-all-link" href="/Home-%26-Lifestyle/Medicine-%26-Health/Allergy-%26-Sinus/c/RCSS002006002000" tabIndex="-1">
				See all products</a>
		</li>
	<li data-level="3" class=""
	role="menuitem" >

	<a class="sub-nav-link" href="/Home-%26-Lifestyle/Medicine-%26-Health/Allergy-%26-Sinus/Allergy-%26-Sinus-Medicine/c/RCSS002006002001" tabIndex="-1"  data-auid = "mobile-allergy-and-sinus-medicine">
			Allergy & Sinus Medicine</a>
	</li><li data-level="3" class=""
	role="menuitem" >

	<a class="sub-nav-link" href="/Home-%26-Lifestyle/Medicine-%26-Health/Allergy-%26-Sinus/Baby-%26-Kids/c/RCSS002006002004" tabIndex="-1"  data-auid = "mobile-baby-and-kids">
			Baby & Kids</a>
	</li></ul>
</li><li data-level="2" class="more"
	role="menuitem" >

	<a class="sub-nav-link" href="/Home-%26-Lifestyle/Medicine-%26-Health/Cough%2C-Cold-%26-Flu/c/RCSS002006003000" tabIndex="-1"  data-auid = "mobile-cough,-cold-and-flu">
			Cough, Cold & Flu<span class="more-indicator"></span>
			</a>
	<ul class="sub-nav-links" aria-hidden="true">
    <li class="last see-all" role="menuitem" data-level="3" data-auid = "mobile-cough,-cold-and-flu">
			<a class="see-all-link" href="/Home-%26-Lifestyle/Medicine-%26-Health/Cough%2C-Cold-%26-Flu/c/RCSS002006003000" tabIndex="-1">
				See all products</a>
		</li>
	<li data-level="3" class=""
	role="menuitem" >

	<a class="sub-nav-link" href="/Home-%26-Lifestyle/Medicine-%26-Health/Cough%2C-Cold-%26-Flu/Cough-Drops-And-Sore-Throat/c/RCSS002006003004" tabIndex="-1"  data-auid = "mobile-cough-drops-and-sore-throat">
			Cough Drops And Sore Throat</a>
	</li><li data-level="3" class=""
	role="menuitem" >

	<a class="sub-nav-link" href="/Home-%26-Lifestyle/Medicine-%26-Health/Cough%2C-Cold-%26-Flu/Adult-Cold-Medicine/c/RCSS002006003001" tabIndex="-1"  data-auid = "mobile-adult-cold-medicine">
			Adult Cold Medicine</a>
	</li><li data-level="3" class=""
	role="menuitem" >

	<a class="sub-nav-link" href="/Home-%26-Lifestyle/Medicine-%26-Health/Cough%2C-Cold-%26-Flu/Chest-Rubs/c/RCSS002006003002" tabIndex="-1"  data-auid = "mobile-chest-rubs">
			Chest Rubs</a>
	</li><li data-level="3" class=""
	role="menuitem" >

	<a class="sub-nav-link" href="/Home-%26-Lifestyle/Medicine-%26-Health/Cough%2C-Cold-%26-Flu/Uv-Sanitizers-%26-Vapour-Fans/c/RCSS002006003009" tabIndex="-1"  data-auid = "mobile-uv-sanitizers-and-vapour-fans">
			Uv Sanitizers & Vapour Fans</a>
	</li></ul>
</li><li data-level="2" class="more"
	role="menuitem" >

	<a class="sub-nav-link" href="/Home-%26-Lifestyle/Medicine-%26-Health/Diabetes-Management/c/RCSS002006004000" tabIndex="-1"  data-auid = "mobile-diabetes-management">
			Diabetes Management<span class="more-indicator"></span>
			</a>
	<ul class="sub-nav-links" aria-hidden="true">
    <li class="last see-all" role="menuitem" data-level="3" data-auid = "mobile-diabetes-management">
			<a class="see-all-link" href="/Home-%26-Lifestyle/Medicine-%26-Health/Diabetes-Management/c/RCSS002006004000" tabIndex="-1">
				See all products</a>
		</li>
	<li data-level="3" class=""
	role="menuitem" >

	<a class="sub-nav-link" href="/Home-%26-Lifestyle/Medicine-%26-Health/Diabetes-Management/Glucose-Foods/c/RCSS002006004006" tabIndex="-1"  data-auid = "mobile-glucose-foods">
			Glucose Foods</a>
	</li><li data-level="3" class=""
	role="menuitem" >

	<a class="sub-nav-link" href="/Home-%26-Lifestyle/Medicine-%26-Health/Diabetes-Management/Supplements/c/RCSS002006004009" tabIndex="-1"  data-auid = "mobile-supplements">
			Supplements</a>
	</li><li data-level="3" class=""
	role="menuitem" >

	<a class="sub-nav-link" href="/Home-%26-Lifestyle/Medicine-%26-Health/Diabetes-Management/Foot-%26-Wound-Care/c/RCSS002006004005" tabIndex="-1"  data-auid = "mobile-foot-and-wound-care">
			Foot & Wound Care</a>
	</li><li data-level="3" class=""
	role="menuitem" >

	<a class="sub-nav-link" href="/Home-%26-Lifestyle/Medicine-%26-Health/Diabetes-Management/Sugar-Free-Medicines/c/RCSS002006004008" tabIndex="-1"  data-auid = "mobile-sugar-free-medicines">
			Sugar-Free Medicines</a>
	</li></ul>
</li><li data-level="2" class="more"
	role="menuitem" >

	<a class="sub-nav-link" href="/Home-%26-Lifestyle/Medicine-%26-Health/Digestion-%26-Nausea/c/RCSS002006005000" tabIndex="-1"  data-auid = "mobile-digestion-and-nausea">
			Digestion & Nausea<span class="more-indicator"></span>
			</a>
	<ul class="sub-nav-links" aria-hidden="true">
    <li class="last see-all" role="menuitem" data-level="3" data-auid = "mobile-digestion-and-nausea">
			<a class="see-all-link" href="/Home-%26-Lifestyle/Medicine-%26-Health/Digestion-%26-Nausea/c/RCSS002006005000" tabIndex="-1">
				See all products</a>
		</li>
	<li data-level="3" class=""
	role="menuitem" >

	<a class="sub-nav-link" href="/Home-%26-Lifestyle/Medicine-%26-Health/Digestion-%26-Nausea/Laxatives-%26-Stool-Softeners/c/RCSS002006005008" tabIndex="-1"  data-auid = "mobile-laxatives-and-stool-softeners">
			Laxatives & Stool Softeners</a>
	</li><li data-level="3" class=""
	role="menuitem" >

	<a class="sub-nav-link" href="/Home-%26-Lifestyle/Medicine-%26-Health/Digestion-%26-Nausea/Antacid-Liquid/c/RCSS002006005001" tabIndex="-1"  data-auid = "mobile-antacid-liquid">
			Antacid Liquid</a>
	</li><li data-level="3" class=""
	role="menuitem" >

	<a class="sub-nav-link" href="/Home-%26-Lifestyle/Medicine-%26-Health/Digestion-%26-Nausea/Anti-Diarrheals-%26-Gas/c/RCSS002006005003" tabIndex="-1"  data-auid = "mobile-anti-diarrheals-and-gas">
			Anti-Diarrheals & Gas</a>
	</li><li data-level="3" class=""
	role="menuitem" >

	<a class="sub-nav-link" href="/Home-%26-Lifestyle/Medicine-%26-Health/Digestion-%26-Nausea/Nausea-%26-Motion-Sickness/c/RCSS002006005010" tabIndex="-1"  data-auid = "mobile-nausea-and-motion-sickness">
			Nausea & Motion Sickness</a>
	</li><li data-level="3" class=""
	role="menuitem" >

	<a class="sub-nav-link" href="/Home-%26-Lifestyle/Medicine-%26-Health/Digestion-%26-Nausea/Lactose-Intolerance/c/RCSS002006005007" tabIndex="-1"  data-auid = "mobile-lactose-intolerance">
			Lactose Intolerance</a>
	</li></ul>
</li><li data-level="2" class="more"
	role="menuitem" >

	<a class="sub-nav-link" href="/Home-%26-Lifestyle/Medicine-%26-Health/First-Aid/c/RCSS002006006000" tabIndex="-1"  data-auid = "mobile-first-aid">
			First Aid<span class="more-indicator"></span>
			</a>
	<ul class="sub-nav-links" aria-hidden="true">
    <li class="last see-all" role="menuitem" data-level="3" data-auid = "mobile-first-aid">
			<a class="see-all-link" href="/Home-%26-Lifestyle/Medicine-%26-Health/First-Aid/c/RCSS002006006000" tabIndex="-1">
				See all products</a>
		</li>
	<li data-level="3" class=""
	role="menuitem" >

	<a class="sub-nav-link" href="/Home-%26-Lifestyle/Medicine-%26-Health/First-Aid/Bandages-%26-Supplies/c/RCSS002006006002" tabIndex="-1"  data-auid = "mobile-bandages-and-supplies">
			Bandages & Supplies</a>
	</li><li data-level="3" class=""
	role="menuitem" >

	<a class="sub-nav-link" href="/Home-%26-Lifestyle/Medicine-%26-Health/First-Aid/Burn-Care-%26-Antiseptics/c/RCSS002006006003" tabIndex="-1"  data-auid = "mobile-burn-care-and-antiseptics">
			Burn Care & Antiseptics</a>
	</li><li data-level="3" class=""
	role="menuitem" >

	<a class="sub-nav-link" href="/Home-%26-Lifestyle/Medicine-%26-Health/First-Aid/Itch-%26-Rash/c/RCSS002006006008" tabIndex="-1"  data-auid = "mobile-itch-and-rash">
			Itch & Rash</a>
	</li><li data-level="3" class=""
	role="menuitem" >

	<a class="sub-nav-link" href="/Home-%26-Lifestyle/Medicine-%26-Health/First-Aid/Supports-%26-Braces/c/RCSS002006006004" tabIndex="-1"  data-auid = "mobile-supports-and-braces">
			Supports & Braces</a>
	</li><li data-level="3" class=""
	role="menuitem" >

	<a class="sub-nav-link" href="/Home-%26-Lifestyle/Medicine-%26-Health/First-Aid/Thermometers-%26-Hot-%26-Cold-Help/c/RCSS002006006005" tabIndex="-1"  data-auid = "mobile-thermometers-and-hot-and-cold-help">
			Thermometers & Hot & Cold Help</a>
	</li><li data-level="3" class=""
	role="menuitem" >

	<a class="sub-nav-link" href="/Home-%26-Lifestyle/Medicine-%26-Health/First-Aid/First-Aid-Kits-And-Supplies/c/RCSS002006006006" tabIndex="-1"  data-auid = "mobile-first-aid-kits-and-supplies">
			First Aid Kits And Supplies</a>
	</li><li data-level="3" class=""
	role="menuitem" >

	<a class="sub-nav-link" href="/Home-%26-Lifestyle/Medicine-%26-Health/First-Aid/Ear-%26-Eye-Care/c/RCSS002006006001" tabIndex="-1"  data-auid = "mobile-ear-and-eye-care">
			Ear & Eye Care</a>
	</li></ul>
</li><li data-level="2" class="more"
	role="menuitem" >

	<a class="sub-nav-link" href="/Home-%26-Lifestyle/Medicine-%26-Health/Foot-Care/c/RCSS002006007000" tabIndex="-1"  data-auid = "mobile-foot-care">
			Foot Care<span class="more-indicator"></span>
			</a>
	<ul class="sub-nav-links" aria-hidden="true">
    <li class="last see-all" role="menuitem" data-level="3" data-auid = "mobile-foot-care">
			<a class="see-all-link" href="/Home-%26-Lifestyle/Medicine-%26-Health/Foot-Care/c/RCSS002006007000" tabIndex="-1">
				See all products</a>
		</li>
	<li data-level="3" class=""
	role="menuitem" >

	<a class="sub-nav-link" href="/Home-%26-Lifestyle/Medicine-%26-Health/Foot-Care/Comfort-Insoles-%26-Cushions/c/RCSS002006007003" tabIndex="-1"  data-auid = "mobile-comfort-insoles-and-cushions">
			Comfort Insoles & Cushions</a>
	</li><li data-level="3" class=""
	role="menuitem" >

	<a class="sub-nav-link" href="/Home-%26-Lifestyle/Medicine-%26-Health/Foot-Care/Athlete%27S-Foot-%26-Antifungal/c/RCSS002006007001" tabIndex="-1"  data-auid = "mobile-athlete's-foot-and-antifungal">
			Athlete'S Foot & Antifungal</a>
	</li><li data-level="3" class=""
	role="menuitem" >

	<a class="sub-nav-link" href="/Home-%26-Lifestyle/Medicine-%26-Health/Foot-Care/Wart-Remover/c/RCSS002006007010" tabIndex="-1"  data-auid = "mobile-wart-remover">
			Wart Remover</a>
	</li><li data-level="3" class=""
	role="menuitem" >

	<a class="sub-nav-link" href="/Home-%26-Lifestyle/Medicine-%26-Health/Foot-Care/Shoe-Accessories-%26-Polish/c/RCSS002006007009" tabIndex="-1"  data-auid = "mobile-shoe-accessories-and-polish">
			Shoe Accessories & Polish</a>
	</li></ul>
</li><li data-level="2" class="more"
	role="menuitem" >

	<a class="sub-nav-link" href="/Home-%26-Lifestyle/Medicine-%26-Health/Home-Health-Care/c/RCSS002006008000" tabIndex="-1"  data-auid = "mobile-home-health-care">
			Home Health Care<span class="more-indicator"></span>
			</a>
	<ul class="sub-nav-links" aria-hidden="true">
    <li class="last see-all" role="menuitem" data-level="3" data-auid = "mobile-home-health-care">
			<a class="see-all-link" href="/Home-%26-Lifestyle/Medicine-%26-Health/Home-Health-Care/c/RCSS002006008000" tabIndex="-1">
				See all products</a>
		</li>
	<li data-level="3" class=""
	role="menuitem" >

	<a class="sub-nav-link" href="/Home-%26-Lifestyle/Medicine-%26-Health/Home-Health-Care/Pill-Cases-%26-Splitters/c/RCSS002006008004" tabIndex="-1"  data-auid = "mobile-pill-cases-and-splitters">
			Pill Cases & Splitters</a>
	</li><li data-level="3" class=""
	role="menuitem" >

	<a class="sub-nav-link" href="/Home-%26-Lifestyle/Medicine-%26-Health/Home-Health-Care/Canes-%26-Crutches/c/RCSS002006008003" tabIndex="-1"  data-auid = "mobile-canes-and-crutches">
			Canes & Crutches</a>
	</li><li data-level="3" class=""
	role="menuitem" >

	<a class="sub-nav-link" href="/Home-%26-Lifestyle/Medicine-%26-Health/Home-Health-Care/Blood-Pressure-Monitors/c/RCSS002006008002" tabIndex="-1"  data-auid = "mobile-blood-pressure-monitors">
			Blood Pressure Monitors</a>
	</li></ul>
</li><li data-level="2" class="more"
	role="menuitem" >

	<a class="sub-nav-link" href="/Home-%26-Lifestyle/Medicine-%26-Health/Natural-%26-Homeopathic/c/RCSS002006009000" tabIndex="-1"  data-auid = "mobile-natural-and-homeopathic">
			Natural & Homeopathic<span class="more-indicator"></span>
			</a>
	<ul class="sub-nav-links" aria-hidden="true">
    <li class="last see-all" role="menuitem" data-level="3" data-auid = "mobile-natural-and-homeopathic">
			<a class="see-all-link" href="/Home-%26-Lifestyle/Medicine-%26-Health/Natural-%26-Homeopathic/c/RCSS002006009000" tabIndex="-1">
				See all products</a>
		</li>
	<li data-level="3" class=""
	role="menuitem" >

	<a class="sub-nav-link" href="/Home-%26-Lifestyle/Medicine-%26-Health/Natural-%26-Homeopathic/Natural-Allergy-%26-Sinus/c/RCSS002006009003" tabIndex="-1"  data-auid = "mobile-natural-allergy-and-sinus">
			Natural Allergy & Sinus</a>
	</li><li data-level="3" class=""
	role="menuitem" >

	<a class="sub-nav-link" href="/Home-%26-Lifestyle/Medicine-%26-Health/Natural-%26-Homeopathic/Natural-Pain-%26-Fever-Relief/c/RCSS002006009008" tabIndex="-1"  data-auid = "mobile-natural-pain-and-fever-relief">
			Natural Pain & Fever Relief</a>
	</li></ul>
</li><li data-level="2" class="more"
	role="menuitem" >

	<a class="sub-nav-link" href="/Home-%26-Lifestyle/Medicine-%26-Health/Pain-%26-Fever-Relief/c/RCSS002006010000" tabIndex="-1"  data-auid = "mobile-pain-and-fever-relief">
			Pain & Fever Relief<span class="more-indicator"></span>
			</a>
	<ul class="sub-nav-links" aria-hidden="true">
    <li class="last see-all" role="menuitem" data-level="3" data-auid = "mobile-pain-and-fever-relief">
			<a class="see-all-link" href="/Home-%26-Lifestyle/Medicine-%26-Health/Pain-%26-Fever-Relief/c/RCSS002006010000" tabIndex="-1">
				See all products</a>
		</li>
	<li data-level="3" class=""
	role="menuitem" >

	<a class="sub-nav-link" href="/Home-%26-Lifestyle/Medicine-%26-Health/Pain-%26-Fever-Relief/Pain-%26-Fever-Relief-Medications/c/RCSS002006010007" tabIndex="-1"  data-auid = "mobile-pain-and-fever-relief-medications">
			Pain & Fever Relief Medications</a>
	</li><li data-level="3" class=""
	role="menuitem" >

	<a class="sub-nav-link" href="/Home-%26-Lifestyle/Medicine-%26-Health/Pain-%26-Fever-Relief/Children%27S-Pain-Relief/c/RCSS002006010002" tabIndex="-1"  data-auid = "mobile-children's-pain-relief">
			Children'S Pain Relief</a>
	</li><li data-level="3" class=""
	role="menuitem" >

	<a class="sub-nav-link" href="/Home-%26-Lifestyle/Medicine-%26-Health/Pain-%26-Fever-Relief/Hemorrhoids/c/RCSS002006010004" tabIndex="-1"  data-auid = "mobile-hemorrhoids">
			Hemorrhoids</a>
	</li><li data-level="3" class=""
	role="menuitem" >

	<a class="sub-nav-link" href="/Home-%26-Lifestyle/Medicine-%26-Health/Pain-%26-Fever-Relief/Arthritis-Pain-Relief/c/RCSS002006010001" tabIndex="-1"  data-auid = "mobile-arthritis-pain-relief">
			Arthritis Pain Relief</a>
	</li><li data-level="3" class=""
	role="menuitem" >

	<a class="sub-nav-link" href="/Home-%26-Lifestyle/Medicine-%26-Health/Pain-%26-Fever-Relief/Rubs-%26-Ointments/c/RCSS002006010009" tabIndex="-1"  data-auid = "mobile-rubs-and-ointments">
			Rubs & Ointments</a>
	</li><li data-level="3" class=""
	role="menuitem" >

	<a class="sub-nav-link" href="/Home-%26-Lifestyle/Medicine-%26-Health/Pain-%26-Fever-Relief/Oral-Pain-Relief/c/RCSS002006010008" tabIndex="-1"  data-auid = "mobile-oral-pain-relief">
			Oral Pain Relief</a>
	</li></ul>
</li><li data-level="2" class="more"
	role="menuitem" >

	<a class="sub-nav-link" href="/Home-%26-Lifestyle/Medicine-%26-Health/Sleep-%26-Snoring-Aids/c/RCSS002006011000" tabIndex="-1"  data-auid = "mobile-sleep-and-snoring-aids">
			Sleep & Snoring Aids<span class="more-indicator"></span>
			</a>
	<ul class="sub-nav-links" aria-hidden="true">
    <li class="last see-all" role="menuitem" data-level="3" data-auid = "mobile-sleep-and-snoring-aids">
			<a class="see-all-link" href="/Home-%26-Lifestyle/Medicine-%26-Health/Sleep-%26-Snoring-Aids/c/RCSS002006011000" tabIndex="-1">
				See all products</a>
		</li>
	<li data-level="3" class=""
	role="menuitem" >

	<a class="sub-nav-link" href="/Home-%26-Lifestyle/Medicine-%26-Health/Sleep-%26-Snoring-Aids/Sleep-Aids/c/RCSS002006011003" tabIndex="-1"  data-auid = "mobile-sleep-aids">
			Sleep Aids</a>
	</li><li data-level="3" class=""
	role="menuitem" >

	<a class="sub-nav-link" href="/Home-%26-Lifestyle/Medicine-%26-Health/Sleep-%26-Snoring-Aids/Stimulants/c/RCSS002006011005" tabIndex="-1"  data-auid = "mobile-stimulants">
			Stimulants</a>
	</li></ul>
</li></ul>
</li><li data-level="1" class="more"
	role="menuitem" >

	<a class="sub-nav-link" href="/Home-%26-Lifestyle/Diet-%26-Nutrition/c/RCSS002007000000" tabIndex="-1"  data-auid = "mobile-diet-and-nutrition">
			Diet & Nutrition<span class="more-indicator"></span>
			</a>
	<ul class="sub-nav-links" aria-hidden="true">
    <li class="last see-all" role="menuitem" data-level="2" data-auid = "mobile-diet-and-nutrition">
			<a class="see-all-link" href="/Home-%26-Lifestyle/Diet-%26-Nutrition/c/RCSS002007000000" tabIndex="-1">
				See all products</a>
		</li>
	<li data-level="2" class="more"
	role="menuitem" >

	<a class="sub-nav-link" href="/Home-%26-Lifestyle/Diet-%26-Nutrition/Vitamins/c/RCSS002007001000" tabIndex="-1"  data-auid = "mobile-vitamins">
			Vitamins<span class="more-indicator"></span>
			</a>
	<ul class="sub-nav-links" aria-hidden="true">
    <li class="last see-all" role="menuitem" data-level="3" data-auid = "mobile-vitamins">
			<a class="see-all-link" href="/Home-%26-Lifestyle/Diet-%26-Nutrition/Vitamins/c/RCSS002007001000" tabIndex="-1">
				See all products</a>
		</li>
	<li data-level="3" class=""
	role="menuitem" >

	<a class="sub-nav-link" href="/Home-%26-Lifestyle/Diet-%26-Nutrition/Vitamins/Vitamin-A/c/RCSS002007001001" tabIndex="-1"  data-auid = "mobile-vitamin-a">
			Vitamin A</a>
	</li><li data-level="3" class=""
	role="menuitem" >

	<a class="sub-nav-link" href="/Home-%26-Lifestyle/Diet-%26-Nutrition/Vitamins/Vitamin-B-%26-B-Complex/c/RCSS002007001002" tabIndex="-1"  data-auid = "mobile-vitamin-b-and-b-complex">
			Vitamin B & B Complex</a>
	</li><li data-level="3" class=""
	role="menuitem" >

	<a class="sub-nav-link" href="/Home-%26-Lifestyle/Diet-%26-Nutrition/Vitamins/Vitamin-C/c/RCSS002007001003" tabIndex="-1"  data-auid = "mobile-vitamin-c">
			Vitamin C</a>
	</li><li data-level="3" class=""
	role="menuitem" >

	<a class="sub-nav-link" href="/Home-%26-Lifestyle/Diet-%26-Nutrition/Vitamins/Vitamin-D/c/RCSS002007001004" tabIndex="-1"  data-auid = "mobile-vitamin-d">
			Vitamin D</a>
	</li><li data-level="3" class=""
	role="menuitem" >

	<a class="sub-nav-link" href="/Home-%26-Lifestyle/Diet-%26-Nutrition/Vitamins/Vitamin-E/c/RCSS002007001005" tabIndex="-1"  data-auid = "mobile-vitamin-e">
			Vitamin E</a>
	</li><li data-level="3" class=""
	role="menuitem" >

	<a class="sub-nav-link" href="/Home-%26-Lifestyle/Diet-%26-Nutrition/Vitamins/Adult-Multi-Vitamins/c/RCSS002007001006" tabIndex="-1"  data-auid = "mobile-adult-multi-vitamins">
			Adult Multi Vitamins</a>
	</li><li data-level="3" class=""
	role="menuitem" >

	<a class="sub-nav-link" href="/Home-%26-Lifestyle/Diet-%26-Nutrition/Vitamins/Eye-Health-Vitamins/c/RCSS002007001007" tabIndex="-1"  data-auid = "mobile-eye-health-vitamins">
			Eye Health Vitamins</a>
	</li><li data-level="3" class=""
	role="menuitem" >

	<a class="sub-nav-link" href="/Home-%26-Lifestyle/Diet-%26-Nutrition/Vitamins/Prenatal-Multivitamins/c/RCSS002007001008" tabIndex="-1"  data-auid = "mobile-prenatal-multivitamins">
			Prenatal Multivitamins</a>
	</li><li data-level="3" class=""
	role="menuitem" >

	<a class="sub-nav-link" href="/Home-%26-Lifestyle/Diet-%26-Nutrition/Vitamins/Powder-Multivitamins/c/RCSS002007001010" tabIndex="-1"  data-auid = "mobile-powder-multivitamins">
			Powder Multivitamins</a>
	</li></ul>
</li><li data-level="2" class="more"
	role="menuitem" >

	<a class="sub-nav-link" href="/Home-%26-Lifestyle/Diet-%26-Nutrition/Minerals/c/RCSS002007002000" tabIndex="-1"  data-auid = "mobile-minerals">
			Minerals<span class="more-indicator"></span>
			</a>
	<ul class="sub-nav-links" aria-hidden="true">
    <li class="last see-all" role="menuitem" data-level="3" data-auid = "mobile-minerals">
			<a class="see-all-link" href="/Home-%26-Lifestyle/Diet-%26-Nutrition/Minerals/c/RCSS002007002000" tabIndex="-1">
				See all products</a>
		</li>
	<li data-level="3" class=""
	role="menuitem" >

	<a class="sub-nav-link" href="/Home-%26-Lifestyle/Diet-%26-Nutrition/Minerals/Calcium/c/RCSS002007002001" tabIndex="-1"  data-auid = "mobile-calcium">
			Calcium</a>
	</li><li data-level="3" class=""
	role="menuitem" >

	<a class="sub-nav-link" href="/Home-%26-Lifestyle/Diet-%26-Nutrition/Minerals/Chromium/c/RCSS002007002006" tabIndex="-1"  data-auid = "mobile-chromium">
			Chromium</a>
	</li><li data-level="3" class=""
	role="menuitem" >

	<a class="sub-nav-link" href="/Home-%26-Lifestyle/Diet-%26-Nutrition/Minerals/Magnesium/c/RCSS002007002002" tabIndex="-1"  data-auid = "mobile-magnesium">
			Magnesium</a>
	</li><li data-level="3" class=""
	role="menuitem" >

	<a class="sub-nav-link" href="/Home-%26-Lifestyle/Diet-%26-Nutrition/Minerals/Potassium/c/RCSS002007002003" tabIndex="-1"  data-auid = "mobile-potassium">
			Potassium</a>
	</li><li data-level="3" class=""
	role="menuitem" >

	<a class="sub-nav-link" href="/Home-%26-Lifestyle/Diet-%26-Nutrition/Minerals/Selenium/c/RCSS002007002004" tabIndex="-1"  data-auid = "mobile-selenium">
			Selenium</a>
	</li><li data-level="3" class=""
	role="menuitem" >

	<a class="sub-nav-link" href="/Home-%26-Lifestyle/Diet-%26-Nutrition/Minerals/Zinc/c/RCSS002007002005" tabIndex="-1"  data-auid = "mobile-zinc">
			Zinc</a>
	</li></ul>
</li><li data-level="2" class="more"
	role="menuitem" >

	<a class="sub-nav-link" href="/Home-%26-Lifestyle/Diet-%26-Nutrition/Diet-%26-Weight-Supplements/c/RCSS002007005000" tabIndex="-1"  data-auid = "mobile-diet-and-weight-supplements">
			Diet & Weight Supplements<span class="more-indicator"></span>
			</a>
	<ul class="sub-nav-links" aria-hidden="true">
    <li class="last see-all" role="menuitem" data-level="3" data-auid = "mobile-diet-and-weight-supplements">
			<a class="see-all-link" href="/Home-%26-Lifestyle/Diet-%26-Nutrition/Diet-%26-Weight-Supplements/c/RCSS002007005000" tabIndex="-1">
				See all products</a>
		</li>
	<li data-level="3" class=""
	role="menuitem" >

	<a class="sub-nav-link" href="/Home-%26-Lifestyle/Diet-%26-Nutrition/Diet-%26-Weight-Supplements/Bars-%26-Snacks/c/RCSS002007005001" tabIndex="-1"  data-auid = "mobile-bars-and-snacks">
			Bars & Snacks</a>
	</li><li data-level="3" class=""
	role="menuitem" >

	<a class="sub-nav-link" href="/Home-%26-Lifestyle/Diet-%26-Nutrition/Diet-%26-Weight-Supplements/Powders/c/RCSS002007005002" tabIndex="-1"  data-auid = "mobile-powders">
			Powders</a>
	</li><li data-level="3" class=""
	role="menuitem" >

	<a class="sub-nav-link" href="/Home-%26-Lifestyle/Diet-%26-Nutrition/Diet-%26-Weight-Supplements/Ready-To-Drink/c/RCSS002007005003" tabIndex="-1"  data-auid = "mobile-ready-to-drink">
			Ready To Drink</a>
	</li><li data-level="3" class=""
	role="menuitem" >

	<a class="sub-nav-link" href="/Home-%26-Lifestyle/Diet-%26-Nutrition/Diet-%26-Weight-Supplements/Supplements/c/RCSS002007005004" tabIndex="-1"  data-auid = "mobile-supplements">
			Supplements</a>
	</li><li data-level="3" class=""
	role="menuitem" >

	<a class="sub-nav-link" href="/Home-%26-Lifestyle/Diet-%26-Nutrition/Diet-%26-Weight-Supplements/Meal-Replacements/c/RCSS002007005005" tabIndex="-1"  data-auid = "mobile-meal-replacements">
			Meal Replacements</a>
	</li></ul>
</li><li data-level="2" class=""
	role="menuitem" >

	<a class="sub-nav-link" href="/Home-%26-Lifestyle/Diet-%26-Nutrition/Fish-Oils-%26-Omegas/c/RCSS002007011000" tabIndex="-1"  data-auid = "mobile-fish-oils-and-omegas">
			Fish Oils & Omegas</a>
	</li><li data-level="2" class="more"
	role="menuitem" >

	<a class="sub-nav-link" href="/Home-%26-Lifestyle/Diet-%26-Nutrition/Herbal-%26-Natural-Supplements/c/RCSS002007003000" tabIndex="-1"  data-auid = "mobile-herbal-and-natural-supplements">
			Herbal & Natural Supplements<span class="more-indicator"></span>
			</a>
	<ul class="sub-nav-links" aria-hidden="true">
    <li class="last see-all" role="menuitem" data-level="3" data-auid = "mobile-herbal-and-natural-supplements">
			<a class="see-all-link" href="/Home-%26-Lifestyle/Diet-%26-Nutrition/Herbal-%26-Natural-Supplements/c/RCSS002007003000" tabIndex="-1">
				See all products</a>
		</li>
	<li data-level="3" class=""
	role="menuitem" >

	<a class="sub-nav-link" href="/Home-%26-Lifestyle/Diet-%26-Nutrition/Herbal-%26-Natural-Supplements/Antioxidant/c/RCSS002007003001" tabIndex="-1"  data-auid = "mobile-antioxidant">
			Antioxidant</a>
	</li><li data-level="3" class=""
	role="menuitem" >

	<a class="sub-nav-link" href="/Home-%26-Lifestyle/Diet-%26-Nutrition/Herbal-%26-Natural-Supplements/Joint-%26-Glucosamine/c/RCSS002007003008" tabIndex="-1"  data-auid = "mobile-joint-and-glucosamine">
			Joint & Glucosamine</a>
	</li><li data-level="3" class=""
	role="menuitem" >

	<a class="sub-nav-link" href="/Home-%26-Lifestyle/Diet-%26-Nutrition/Herbal-%26-Natural-Supplements/Digestive/c/RCSS002007003003" tabIndex="-1"  data-auid = "mobile-digestive">
			Digestive</a>
	</li><li data-level="3" class=""
	role="menuitem" >

	<a class="sub-nav-link" href="/Home-%26-Lifestyle/Diet-%26-Nutrition/Herbal-%26-Natural-Supplements/Fish-Oils-%26-Omegas/c/RCSS002007003006" tabIndex="-1"  data-auid = "mobile-fish-oils-and-omegas">
			Fish Oils & Omegas</a>
	</li><li data-level="3" class=""
	role="menuitem" >

	<a class="sub-nav-link" href="/Home-%26-Lifestyle/Diet-%26-Nutrition/Herbal-%26-Natural-Supplements/Garlic%2C-Ginkgo-%26-Ginseng/c/RCSS002007003007" tabIndex="-1"  data-auid = "mobile-garlic,-ginkgo-and-ginseng">
			Garlic, Ginkgo & Ginseng</a>
	</li><li data-level="3" class=""
	role="menuitem" >

	<a class="sub-nav-link" href="/Home-%26-Lifestyle/Diet-%26-Nutrition/Herbal-%26-Natural-Supplements/Herbal-Alternatives/c/RCSS002007003009" tabIndex="-1"  data-auid = "mobile-herbal-alternatives">
			Herbal Alternatives</a>
	</li><li data-level="3" class=""
	role="menuitem" >

	<a class="sub-nav-link" href="/Home-%26-Lifestyle/Diet-%26-Nutrition/Herbal-%26-Natural-Supplements/Echinacea/c/RCSS002007003004" tabIndex="-1"  data-auid = "mobile-echinacea">
			Echinacea</a>
	</li><li data-level="3" class=""
	role="menuitem" >

	<a class="sub-nav-link" href="/Home-%26-Lifestyle/Diet-%26-Nutrition/Herbal-%26-Natural-Supplements/Coq10/c/RCSS002007003002" tabIndex="-1"  data-auid = "mobile-coq10">
			Coq10</a>
	</li><li data-level="3" class=""
	role="menuitem" >

	<a class="sub-nav-link" href="/Home-%26-Lifestyle/Diet-%26-Nutrition/Herbal-%26-Natural-Supplements/Evening-Primrose-Oil/c/RCSS002007003005" tabIndex="-1"  data-auid = "mobile-evening-primrose-oil">
			Evening Primrose Oil</a>
	</li><li data-level="3" class=""
	role="menuitem" >

	<a class="sub-nav-link" href="/Home-%26-Lifestyle/Diet-%26-Nutrition/Herbal-%26-Natural-Supplements/Valerian-%26-Melatonin/c/RCSS002007003010" tabIndex="-1"  data-auid = "mobile-valerian-and-melatonin">
			Valerian & Melatonin</a>
	</li></ul>
</li><li data-level="2" class=""
	role="menuitem" >

	<a class="sub-nav-link" href="/Home-%26-Lifestyle/Diet-%26-Nutrition/Probiotics/c/RCSS002007009000" tabIndex="-1"  data-auid = "mobile-probiotics">
			Probiotics</a>
	</li><li data-level="2" class="more"
	role="menuitem" >

	<a class="sub-nav-link" href="/Home-%26-Lifestyle/Diet-%26-Nutrition/Sports-Nutrition/c/RCSS002007004000" tabIndex="-1"  data-auid = "mobile-sports-nutrition">
			Sports Nutrition<span class="more-indicator"></span>
			</a>
	<ul class="sub-nav-links" aria-hidden="true">
    <li class="last see-all" role="menuitem" data-level="3" data-auid = "mobile-sports-nutrition">
			<a class="see-all-link" href="/Home-%26-Lifestyle/Diet-%26-Nutrition/Sports-Nutrition/c/RCSS002007004000" tabIndex="-1">
				See all products</a>
		</li>
	<li data-level="3" class=""
	role="menuitem" >

	<a class="sub-nav-link" href="/Home-%26-Lifestyle/Diet-%26-Nutrition/Sports-Nutrition/Protein-Powders/c/RCSS002007004003" tabIndex="-1"  data-auid = "mobile-protein-powders">
			Protein Powders</a>
	</li><li data-level="3" class=""
	role="menuitem" >

	<a class="sub-nav-link" href="/Home-%26-Lifestyle/Diet-%26-Nutrition/Sports-Nutrition/Sports-Bars/c/RCSS002007004001" tabIndex="-1"  data-auid = "mobile-sports-bars">
			Sports Bars</a>
	</li><li data-level="3" class=""
	role="menuitem" >

	<a class="sub-nav-link" href="/Home-%26-Lifestyle/Diet-%26-Nutrition/Sports-Nutrition/Supplements/c/RCSS002007004004" tabIndex="-1"  data-auid = "mobile-supplements">
			Supplements</a>
	</li></ul>
</li><li data-level="2" class=""
	role="menuitem" >

	<a class="sub-nav-link" href="/Home-%26-Lifestyle/Diet-%26-Nutrition/For-Men/c/RCSS002007007000" tabIndex="-1"  data-auid = "mobile-for-men">
			For Men</a>
	</li><li data-level="2" class="more"
	role="menuitem" >

	<a class="sub-nav-link" href="/Home-%26-Lifestyle/Diet-%26-Nutrition/For-Women/c/RCSS002007006000" tabIndex="-1"  data-auid = "mobile-for-women">
			For Women<span class="more-indicator"></span>
			</a>
	<ul class="sub-nav-links" aria-hidden="true">
    <li class="last see-all" role="menuitem" data-level="3" data-auid = "mobile-for-women">
			<a class="see-all-link" href="/Home-%26-Lifestyle/Diet-%26-Nutrition/For-Women/c/RCSS002007006000" tabIndex="-1">
				See all products</a>
		</li>
	<li data-level="3" class=""
	role="menuitem" >

	<a class="sub-nav-link" href="/Home-%26-Lifestyle/Diet-%26-Nutrition/For-Women/Menopause-%26-Hormone-Balance/c/RCSS002007006002" tabIndex="-1"  data-auid = "mobile-menopause-and-hormone-balance">
			Menopause & Hormone Balance</a>
	</li><li data-level="3" class=""
	role="menuitem" >

	<a class="sub-nav-link" href="/Home-%26-Lifestyle/Diet-%26-Nutrition/For-Women/PMS/c/RCSS002007006003" tabIndex="-1"  data-auid = "mobile-pms">
			PMS</a>
	</li><li data-level="3" class=""
	role="menuitem" >

	<a class="sub-nav-link" href="/Home-%26-Lifestyle/Diet-%26-Nutrition/For-Women/Prenatal-Multivitamins/c/RCSS002007006004" tabIndex="-1"  data-auid = "mobile-prenatal-multivitamins">
			Prenatal Multivitamins</a>
	</li><li data-level="3" class=""
	role="menuitem" >

	<a class="sub-nav-link" href="/Home-%26-Lifestyle/Diet-%26-Nutrition/For-Women/Women%27s-Multivitamins/c/RCSS002007006006" tabIndex="-1"  data-auid = "mobile-women's-multivitamins">
			Women's Multivitamins</a>
	</li></ul>
</li><li data-level="2" class=""
	role="menuitem" >

	<a class="sub-nav-link" href="/Home-%26-Lifestyle/Diet-%26-Nutrition/For-Childrens/c/RCSS002007008000" tabIndex="-1"  data-auid = "mobile-for-childrens">
			For Childrens</a>
	</li></ul>
</li><li data-level="1" class="more"
	role="menuitem" >

	<a class="sub-nav-link" href="/Home-%26-Lifestyle/Home-%26-Outdoors/c/RCSS002009000000" tabIndex="-1"  data-auid = "mobile-home-and-outdoors">
			Home & Outdoors<span class="more-indicator"></span>
			</a>
	<ul class="sub-nav-links" aria-hidden="true">
    <li class="last see-all" role="menuitem" data-level="2" data-auid = "mobile-home-and-outdoors">
			<a class="see-all-link" href="/Home-%26-Lifestyle/Home-%26-Outdoors/c/RCSS002009000000" tabIndex="-1">
				See all products</a>
		</li>
	<li data-level="2" class="more"
	role="menuitem" >

	<a class="sub-nav-link" href="/Home-%26-Lifestyle/Home-%26-Outdoors/Furniture/c/RCSS002009006000" tabIndex="-1"  data-auid = "mobile-furniture">
			Furniture<span class="more-indicator"></span>
			</a>
	<ul class="sub-nav-links" aria-hidden="true">
    <li class="last see-all" role="menuitem" data-level="3" data-auid = "mobile-furniture">
			<a class="see-all-link" href="/Home-%26-Lifestyle/Home-%26-Outdoors/Furniture/c/RCSS002009006000" tabIndex="-1">
				See all products</a>
		</li>
	<li data-level="3" class=""
	role="menuitem" >

	<a class="sub-nav-link" href="/Home-%26-Lifestyle/Home-%26-Outdoors/Furniture/Storage-%26-Organization/c/RCSS002009006008" tabIndex="-1"  data-auid = "mobile-storage-and-organization">
			Storage & Organization</a>
	</li></ul>
</li><li data-level="2" class="more"
	role="menuitem" >

	<a class="sub-nav-link" href="/Home-%26-Lifestyle/Home-%26-Outdoors/Tools-%26-Hardware/c/RCSS002009008000" tabIndex="-1"  data-auid = "mobile-tools-and-hardware">
			Tools & Hardware<span class="more-indicator"></span>
			</a>
	<ul class="sub-nav-links" aria-hidden="true">
    <li class="last see-all" role="menuitem" data-level="3" data-auid = "mobile-tools-and-hardware">
			<a class="see-all-link" href="/Home-%26-Lifestyle/Home-%26-Outdoors/Tools-%26-Hardware/c/RCSS002009008000" tabIndex="-1">
				See all products</a>
		</li>
	<li data-level="3" class=""
	role="menuitem" >

	<a class="sub-nav-link" href="/Home-%26-Lifestyle/Home-%26-Outdoors/Tools-%26-Hardware/Accessories-%26-Gear/c/RCSS002009008006" tabIndex="-1"  data-auid = "mobile-accessories-and-gear">
			Accessories & Gear</a>
	</li><li data-level="3" class=""
	role="menuitem" >

	<a class="sub-nav-link" href="/Home-%26-Lifestyle/Home-%26-Outdoors/Tools-%26-Hardware/Hand-%26-Power-Tools/c/RCSS002009008003" tabIndex="-1"  data-auid = "mobile-hand-and-power-tools">
			Hand & Power Tools</a>
	</li><li data-level="3" class=""
	role="menuitem" >

	<a class="sub-nav-link" href="/Home-%26-Lifestyle/Home-%26-Outdoors/Tools-%26-Hardware/Safety-Gear-%26-Equipment/c/RCSS002009008005" tabIndex="-1"  data-auid = "mobile-safety-gear-and-equipment">
			Safety Gear & Equipment</a>
	</li></ul>
</li><li data-level="2" class="more"
	role="menuitem" >

	<a class="sub-nav-link" href="/Home-%26-Lifestyle/Home-%26-Outdoors/Lighting/c/RCSS002009009000" tabIndex="-1"  data-auid = "mobile-lighting">
			Lighting<span class="more-indicator"></span>
			</a>
	<ul class="sub-nav-links" aria-hidden="true">
    <li class="last see-all" role="menuitem" data-level="3" data-auid = "mobile-lighting">
			<a class="see-all-link" href="/Home-%26-Lifestyle/Home-%26-Outdoors/Lighting/c/RCSS002009009000" tabIndex="-1">
				See all products</a>
		</li>
	<li data-level="3" class=""
	role="menuitem" >

	<a class="sub-nav-link" href="/Home-%26-Lifestyle/Home-%26-Outdoors/Lighting/Wall-Fixtures/c/RCSS002009009009" tabIndex="-1"  data-auid = "mobile-wall-fixtures">
			Wall Fixtures</a>
	</li></ul>
</li><li data-level="2" class="more"
	role="menuitem" >

	<a class="sub-nav-link" href="/Home-%26-Lifestyle/Home-%26-Outdoors/Automotive/c/RCSS002009010000" tabIndex="-1"  data-auid = "mobile-automotive">
			Automotive<span class="more-indicator"></span>
			</a>
	<ul class="sub-nav-links" aria-hidden="true">
    <li class="last see-all" role="menuitem" data-level="3" data-auid = "mobile-automotive">
			<a class="see-all-link" href="/Home-%26-Lifestyle/Home-%26-Outdoors/Automotive/c/RCSS002009010000" tabIndex="-1">
				See all products</a>
		</li>
	<li data-level="3" class=""
	role="menuitem" >

	<a class="sub-nav-link" href="/Home-%26-Lifestyle/Home-%26-Outdoors/Automotive/Interior-%26-Auto-Accessories/c/RCSS002009010007" tabIndex="-1"  data-auid = "mobile-interior-and-auto-accessories">
			Interior & Auto Accessories</a>
	</li></ul>
</li><li data-level="2" class="more"
	role="menuitem" >

	<a class="sub-nav-link" href="/Home-%26-Lifestyle/Home-%26-Outdoors/Toys/c/RCSS002010010000" tabIndex="-1"  data-auid = "mobile-toys">
			Toys<span class="more-indicator"></span>
			</a>
	<ul class="sub-nav-links" aria-hidden="true">
    <li class="last see-all" role="menuitem" data-level="3" data-auid = "mobile-toys">
			<a class="see-all-link" href="/Home-%26-Lifestyle/Home-%26-Outdoors/Toys/c/RCSS002010010000" tabIndex="-1">
				See all products</a>
		</li>
	<li data-level="3" class=""
	role="menuitem" >

	<a class="sub-nav-link" href="/Home-%26-Lifestyle/Home-%26-Outdoors/Toys/Hobby-%26-Craft/c/RCSS002010010014" tabIndex="-1"  data-auid = "mobile-hobby-and-craft">
			Hobby & Craft</a>
	</li><li data-level="3" class=""
	role="menuitem" >

	<a class="sub-nav-link" href="/Home-%26-Lifestyle/Home-%26-Outdoors/Toys/Building-Sets-%26-Blocks/c/RCSS002010010015" tabIndex="-1"  data-auid = "mobile-building-sets-and-blocks">
			Building Sets & Blocks</a>
	</li><li data-level="3" class=""
	role="menuitem" >

	<a class="sub-nav-link" href="/Home-%26-Lifestyle/Home-%26-Outdoors/Toys/Dolls-%26-Accessories/c/RCSS002010010017" tabIndex="-1"  data-auid = "mobile-dolls-and-accessories">
			Dolls & Accessories</a>
	</li><li data-level="3" class=""
	role="menuitem" >

	<a class="sub-nav-link" href="/Home-%26-Lifestyle/Home-%26-Outdoors/Toys/Plush-Stuffed-Animals-%26-Toys/c/RCSS002010010018" tabIndex="-1"  data-auid = "mobile-plush-stuffed-animals-and-toys">
			Plush Stuffed Animals & Toys</a>
	</li><li data-level="3" class=""
	role="menuitem" >

	<a class="sub-nav-link" href="/Home-%26-Lifestyle/Home-%26-Outdoors/Toys/Games/c/RCSS002010010019" tabIndex="-1"  data-auid = "mobile-games">
			Games</a>
	</li><li data-level="3" class=""
	role="menuitem" >

	<a class="sub-nav-link" href="/Home-%26-Lifestyle/Home-%26-Outdoors/Toys/Toddler-Toys/c/RCSS002010010020" tabIndex="-1"  data-auid = "mobile-toddler-toys">
			Toddler Toys</a>
	</li><li data-level="3" class=""
	role="menuitem" >

	<a class="sub-nav-link" href="/Home-%26-Lifestyle/Home-%26-Outdoors/Toys/Play-Vehicles/c/RCSS002010010021" tabIndex="-1"  data-auid = "mobile-play-vehicles">
			Play Vehicles</a>
	</li></ul>
</li><li data-level="2" class="more"
	role="menuitem" >

	<a class="sub-nav-link" href="/Home-%26-Lifestyle/Home-%26-Outdoors/Small-Kitchen-Appliances/c/RCSS002009011000" tabIndex="-1"  data-auid = "mobile-small-kitchen-appliances">
			Small Kitchen Appliances<span class="more-indicator"></span>
			</a>
	<ul class="sub-nav-links" aria-hidden="true">
    <li class="last see-all" role="menuitem" data-level="3" data-auid = "mobile-small-kitchen-appliances">
			<a class="see-all-link" href="/Home-%26-Lifestyle/Home-%26-Outdoors/Small-Kitchen-Appliances/c/RCSS002009011000" tabIndex="-1">
				See all products</a>
		</li>
	<li data-level="3" class=""
	role="menuitem" >

	<a class="sub-nav-link" href="/Home-%26-Lifestyle/Home-%26-Outdoors/Small-Kitchen-Appliances/Slow-Cookers/c/RCSS002009011009" tabIndex="-1"  data-auid = "mobile-slow-cookers">
			Slow Cookers</a>
	</li><li data-level="3" class=""
	role="menuitem" >

	<a class="sub-nav-link" href="/Home-%26-Lifestyle/Home-%26-Outdoors/Small-Kitchen-Appliances/Blenders-and-Juicers/c/RCSS002009011001" tabIndex="-1"  data-auid = "mobile-blenders-and-juicers">
			Blenders and Juicers</a>
	</li><li data-level="3" class=""
	role="menuitem" >

	<a class="sub-nav-link" href="/Home-%26-Lifestyle/Home-%26-Outdoors/Small-Kitchen-Appliances/Food-Processors-and-Choppers/c/RCSS002009011003" tabIndex="-1"  data-auid = "mobile-food-processors-and-choppers">
			Food Processors and Choppers</a>
	</li><li data-level="3" class=""
	role="menuitem" >

	<a class="sub-nav-link" href="/Home-%26-Lifestyle/Home-%26-Outdoors/Small-Kitchen-Appliances/Vacuum-Sealers/c/RCSS002009011012" tabIndex="-1"  data-auid = "mobile-vacuum-sealers">
			Vacuum Sealers</a>
	</li><li data-level="3" class=""
	role="menuitem" >

	<a class="sub-nav-link" href="/Home-%26-Lifestyle/Home-%26-Outdoors/Small-Kitchen-Appliances/Toaster-Ovens/c/RCSS002009011011" tabIndex="-1"  data-auid = "mobile-toaster-ovens">
			Toaster Ovens</a>
	</li><li data-level="3" class=""
	role="menuitem" >

	<a class="sub-nav-link" href="/Home-%26-Lifestyle/Home-%26-Outdoors/Small-Kitchen-Appliances/Microwaves/c/RCSS002009011006" tabIndex="-1"  data-auid = "mobile-microwaves">
			Microwaves</a>
	</li><li data-level="3" class=""
	role="menuitem" >

	<a class="sub-nav-link" href="/Home-%26-Lifestyle/Home-%26-Outdoors/Small-Kitchen-Appliances/Sandwich-and-Waffle-Makers/c/RCSS002009011008" tabIndex="-1"  data-auid = "mobile-sandwich-and-waffle-makers">
			Sandwich and Waffle Makers</a>
	</li><li data-level="3" class=""
	role="menuitem" >

	<a class="sub-nav-link" href="/Home-%26-Lifestyle/Home-%26-Outdoors/Small-Kitchen-Appliances/Specialty-and-Dessert-Appliances/c/RCSS002009011002" tabIndex="-1"  data-auid = "mobile-specialty-and-dessert-appliances">
			Specialty and Dessert Appliances</a>
	</li><li data-level="3" class=""
	role="menuitem" >

	<a class="sub-nav-link" href="/Home-%26-Lifestyle/Home-%26-Outdoors/Small-Kitchen-Appliances/Coffee-Makers%2C-Grinders-and-Accessories/c/RCSS002009011004" tabIndex="-1"  data-auid = "mobile-coffee-makers,-grinders-and-accessories">
			Coffee Makers, Grinders and Accessories</a>
	</li><li data-level="3" class=""
	role="menuitem" >

	<a class="sub-nav-link" href="/Home-%26-Lifestyle/Home-%26-Outdoors/Small-Kitchen-Appliances/Toasters/c/RCSS002009011010" tabIndex="-1"  data-auid = "mobile-toasters">
			Toasters</a>
	</li><li data-level="3" class=""
	role="menuitem" >

	<a class="sub-nav-link" href="/Home-%26-Lifestyle/Home-%26-Outdoors/Small-Kitchen-Appliances/Kettles/c/RCSS002009011005" tabIndex="-1"  data-auid = "mobile-kettles">
			Kettles</a>
	</li><li data-level="3" class=""
	role="menuitem" >

	<a class="sub-nav-link" href="/Home-%26-Lifestyle/Home-%26-Outdoors/Small-Kitchen-Appliances/Rice-Cookers-and-Steamers/c/RCSS002009011007" tabIndex="-1"  data-auid = "mobile-rice-cookers-and-steamers">
			Rice Cookers and Steamers</a>
	</li></ul>
</li><li data-level="2" class="more"
	role="menuitem" >

	<a class="sub-nav-link" href="/Home-%26-Lifestyle/Home-%26-Outdoors/Kitchen-Prep/c/RCSS002009012000" tabIndex="-1"  data-auid = "mobile-kitchen-prep">
			Kitchen Prep<span class="more-indicator"></span>
			</a>
	<ul class="sub-nav-links" aria-hidden="true">
    <li class="last see-all" role="menuitem" data-level="3" data-auid = "mobile-kitchen-prep">
			<a class="see-all-link" href="/Home-%26-Lifestyle/Home-%26-Outdoors/Kitchen-Prep/c/RCSS002009012000" tabIndex="-1">
				See all products</a>
		</li>
	<li data-level="3" class=""
	role="menuitem" >

	<a class="sub-nav-link" href="/Home-%26-Lifestyle/Home-%26-Outdoors/Kitchen-Prep/Knives-and-Cutting-Boards/c/RCSS002009012007" tabIndex="-1"  data-auid = "mobile-knives-and-cutting-boards">
			Knives and Cutting Boards</a>
	</li><li data-level="3" class=""
	role="menuitem" >

	<a class="sub-nav-link" href="/Home-%26-Lifestyle/Home-%26-Outdoors/Kitchen-Prep/Spice-Racks%2C-Salt-and-Pepper/c/RCSS002009012008" tabIndex="-1"  data-auid = "mobile-spice-racks,-salt-and-pepper">
			Spice Racks, Salt and Pepper</a>
	</li><li data-level="3" class=""
	role="menuitem" >

	<a class="sub-nav-link" href="/Home-%26-Lifestyle/Home-%26-Outdoors/Kitchen-Prep/Water-and-Water-Filtration/c/RCSS002009012005" tabIndex="-1"  data-auid = "mobile-water-and-water-filtration">
			Water and Water Filtration</a>
	</li><li data-level="3" class=""
	role="menuitem" >

	<a class="sub-nav-link" href="/Home-%26-Lifestyle/Home-%26-Outdoors/Kitchen-Prep/Kitchen-Gadgets/c/RCSS002009012006" tabIndex="-1"  data-auid = "mobile-kitchen-gadgets">
			Kitchen Gadgets</a>
	</li><li data-level="3" class=""
	role="menuitem" >

	<a class="sub-nav-link" href="/Home-%26-Lifestyle/Home-%26-Outdoors/Kitchen-Prep/Lunch-Kits-and-Food-Jars/c/RCSS002009012009" tabIndex="-1"  data-auid = "mobile-lunch-kits-and-food-jars">
			Lunch Kits and Food Jars</a>
	</li><li data-level="3" class=""
	role="menuitem" >

	<a class="sub-nav-link" href="/Home-%26-Lifestyle/Home-%26-Outdoors/Kitchen-Prep/Bakeware-and-Cookware/c/RCSS002009012001" tabIndex="-1"  data-auid = "mobile-bakeware-and-cookware">
			Bakeware and Cookware</a>
	</li><li data-level="3" class=""
	role="menuitem" >

	<a class="sub-nav-link" href="/Home-%26-Lifestyle/Home-%26-Outdoors/Kitchen-Prep/Refuse-and-Waste-Containers/c/RCSS002009012002" tabIndex="-1"  data-auid = "mobile-refuse-and-waste-containers">
			Refuse and Waste Containers</a>
	</li><li data-level="3" class=""
	role="menuitem" >

	<a class="sub-nav-link" href="/Home-%26-Lifestyle/Home-%26-Outdoors/Kitchen-Prep/Food-Storage/c/RCSS002009012004" tabIndex="-1"  data-auid = "mobile-food-storage">
			Food Storage</a>
	</li><li data-level="3" class=""
	role="menuitem" >

	<a class="sub-nav-link" href="/Home-%26-Lifestyle/Home-%26-Outdoors/Kitchen-Prep/Drawer-Organizers-and-Sinkware/c/RCSS002009012003" tabIndex="-1"  data-auid = "mobile-drawer-organizers-and-sinkware">
			Drawer Organizers and Sinkware</a>
	</li></ul>
</li><li data-level="2" class="more"
	role="menuitem" >

	<a class="sub-nav-link" href="/Home-%26-Lifestyle/Home-%26-Outdoors/Dining/c/RCSS002009013000" tabIndex="-1"  data-auid = "mobile-dining">
			Dining<span class="more-indicator"></span>
			</a>
	<ul class="sub-nav-links" aria-hidden="true">
    <li class="last see-all" role="menuitem" data-level="3" data-auid = "mobile-dining">
			<a class="see-all-link" href="/Home-%26-Lifestyle/Home-%26-Outdoors/Dining/c/RCSS002009013000" tabIndex="-1">
				See all products</a>
		</li>
	<li data-level="3" class=""
	role="menuitem" >

	<a class="sub-nav-link" href="/Home-%26-Lifestyle/Home-%26-Outdoors/Dining/Dinnerware/c/RCSS002009013003" tabIndex="-1"  data-auid = "mobile-dinnerware">
			Dinnerware</a>
	</li><li data-level="3" class=""
	role="menuitem" >

	<a class="sub-nav-link" href="/Home-%26-Lifestyle/Home-%26-Outdoors/Dining/Flatware/c/RCSS002009013004" tabIndex="-1"  data-auid = "mobile-flatware">
			Flatware</a>
	</li><li data-level="3" class=""
	role="menuitem" >

	<a class="sub-nav-link" href="/Home-%26-Lifestyle/Home-%26-Outdoors/Dining/Kitchen-Linens/c/RCSS002009013005" tabIndex="-1"  data-auid = "mobile-kitchen-linens">
			Kitchen Linens</a>
	</li><li data-level="3" class=""
	role="menuitem" >

	<a class="sub-nav-link" href="/Home-%26-Lifestyle/Home-%26-Outdoors/Dining/Serveware/c/RCSS002009013001" tabIndex="-1"  data-auid = "mobile-serveware">
			Serveware</a>
	</li><li data-level="3" class=""
	role="menuitem" >

	<a class="sub-nav-link" href="/Home-%26-Lifestyle/Home-%26-Outdoors/Dining/Drinkware/c/RCSS002009013002" tabIndex="-1"  data-auid = "mobile-drinkware">
			Drinkware</a>
	</li></ul>
</li><li data-level="2" class="more"
	role="menuitem" >

	<a class="sub-nav-link" href="/Home-%26-Lifestyle/Home-%26-Outdoors/Home-D%C3%A9cor/c/RCSS002009014000" tabIndex="-1"  data-auid = "mobile-home-décor">
			Home Décor<span class="more-indicator"></span>
			</a>
	<ul class="sub-nav-links" aria-hidden="true">
    <li class="last see-all" role="menuitem" data-level="3" data-auid = "mobile-home-décor">
			<a class="see-all-link" href="/Home-%26-Lifestyle/Home-%26-Outdoors/Home-D%C3%A9cor/c/RCSS002009014000" tabIndex="-1">
				See all products</a>
		</li>
	<li data-level="3" class=""
	role="menuitem" >

	<a class="sub-nav-link" href="/Home-%26-Lifestyle/Home-%26-Outdoors/Home-D%C3%A9cor/Candles/c/RCSS002009014002" tabIndex="-1"  data-auid = "mobile-candles">
			Candles</a>
	</li><li data-level="3" class=""
	role="menuitem" >

	<a class="sub-nav-link" href="/Home-%26-Lifestyle/Home-%26-Outdoors/Home-D%C3%A9cor/Vases-and-Silks/c/RCSS002009014008" tabIndex="-1"  data-auid = "mobile-vases-and-silks">
			Vases and Silks</a>
	</li><li data-level="3" class=""
	role="menuitem" >

	<a class="sub-nav-link" href="/Home-%26-Lifestyle/Home-%26-Outdoors/Home-D%C3%A9cor/Cushions/c/RCSS002009014010" tabIndex="-1"  data-auid = "mobile-cushions">
			Cushions</a>
	</li><li data-level="3" class=""
	role="menuitem" >

	<a class="sub-nav-link" href="/Home-%26-Lifestyle/Home-%26-Outdoors/Home-D%C3%A9cor/Rugs-and-Doormats/c/RCSS002009014006" tabIndex="-1"  data-auid = "mobile-rugs-and-doormats">
			Rugs and Doormats</a>
	</li><li data-level="3" class=""
	role="menuitem" >

	<a class="sub-nav-link" href="/Home-%26-Lifestyle/Home-%26-Outdoors/Home-D%C3%A9cor/Albums-and-Frames/c/RCSS002009014001" tabIndex="-1"  data-auid = "mobile-albums-and-frames">
			Albums and Frames</a>
	</li><li data-level="3" class=""
	role="menuitem" >

	<a class="sub-nav-link" href="/Home-%26-Lifestyle/Home-%26-Outdoors/Home-D%C3%A9cor/Storage/c/RCSS002009014009" tabIndex="-1"  data-auid = "mobile-storage">
			Storage</a>
	</li></ul>
</li><li data-level="2" class="more"
	role="menuitem" >

	<a class="sub-nav-link" href="/Home-%26-Lifestyle/Home-%26-Outdoors/Floral/c/RCSS002011008000" tabIndex="-1"  data-auid = "mobile-floral">
			Floral<span class="more-indicator"></span>
			</a>
	<ul class="sub-nav-links" aria-hidden="true">
    <li class="last see-all" role="menuitem" data-level="3" data-auid = "mobile-floral">
			<a class="see-all-link" href="/Home-%26-Lifestyle/Home-%26-Outdoors/Floral/c/RCSS002011008000" tabIndex="-1">
				See all products</a>
		</li>
	<li data-level="3" class=""
	role="menuitem" >

	<a class="sub-nav-link" href="/Home-%26-Lifestyle/Home-%26-Outdoors/Floral/Flowering-Plants/c/RCSS002011008003" tabIndex="-1"  data-auid = "mobile-flowering-plants">
			Flowering Plants</a>
	</li><li data-level="3" class=""
	role="menuitem" >

	<a class="sub-nav-link" href="/Home-%26-Lifestyle/Home-%26-Outdoors/Floral/Non-Flowering-Potted-Plants/c/RCSS002011008004" tabIndex="-1"  data-auid = "mobile-non-flowering-potted-plants">
			Non-Flowering Potted Plants</a>
	</li></ul>
</li><li data-level="2" class="more"
	role="menuitem" >

	<a class="sub-nav-link" href="/Home-%26-Lifestyle/Home-%26-Outdoors/Bathroom/c/RCSS002009015000" tabIndex="-1"  data-auid = "mobile-bathroom">
			Bathroom<span class="more-indicator"></span>
			</a>
	<ul class="sub-nav-links" aria-hidden="true">
    <li class="last see-all" role="menuitem" data-level="3" data-auid = "mobile-bathroom">
			<a class="see-all-link" href="/Home-%26-Lifestyle/Home-%26-Outdoors/Bathroom/c/RCSS002009015000" tabIndex="-1">
				See all products</a>
		</li>
	<li data-level="3" class=""
	role="menuitem" >

	<a class="sub-nav-link" href="/Home-%26-Lifestyle/Home-%26-Outdoors/Bathroom/Towels/c/RCSS002009015011" tabIndex="-1"  data-auid = "mobile-towels">
			Towels</a>
	</li><li data-level="3" class=""
	role="menuitem" >

	<a class="sub-nav-link" href="/Home-%26-Lifestyle/Home-%26-Outdoors/Bathroom/Shower-Curtains-and-Accessories/c/RCSS002009015004" tabIndex="-1"  data-auid = "mobile-shower-curtains-and-accessories">
			Shower Curtains and Accessories</a>
	</li><li data-level="3" class=""
	role="menuitem" >

	<a class="sub-nav-link" href="/Home-%26-Lifestyle/Home-%26-Outdoors/Bathroom/Tub-Mats/c/RCSS002009015008" tabIndex="-1"  data-auid = "mobile-tub-mats">
			Tub Mats</a>
	</li><li data-level="3" class=""
	role="menuitem" >

	<a class="sub-nav-link" href="/Home-%26-Lifestyle/Home-%26-Outdoors/Bathroom/Bath-Hardware-and-Accessories/c/RCSS002009015003" tabIndex="-1"  data-auid = "mobile-bath-hardware-and-accessories">
			Bath Hardware and Accessories</a>
	</li><li data-level="3" class=""
	role="menuitem" >

	<a class="sub-nav-link" href="/Home-%26-Lifestyle/Home-%26-Outdoors/Bathroom/Scales/c/RCSS002009015009" tabIndex="-1"  data-auid = "mobile-scales">
			Scales</a>
	</li><li data-level="3" class=""
	role="menuitem" >

	<a class="sub-nav-link" href="/Home-%26-Lifestyle/Home-%26-Outdoors/Bathroom/Canisters/c/RCSS002009015002" tabIndex="-1"  data-auid = "mobile-canisters">
			Canisters</a>
	</li><li data-level="3" class=""
	role="menuitem" >

	<a class="sub-nav-link" href="/Home-%26-Lifestyle/Home-%26-Outdoors/Bathroom/Bath-Rugs/c/RCSS002009015010" tabIndex="-1"  data-auid = "mobile-bath-rugs">
			Bath Rugs</a>
	</li><li data-level="3" class=""
	role="menuitem" >

	<a class="sub-nav-link" href="/Home-%26-Lifestyle/Home-%26-Outdoors/Bathroom/Tumblers/c/RCSS002009015005" tabIndex="-1"  data-auid = "mobile-tumblers">
			Tumblers</a>
	</li><li data-level="3" class=""
	role="menuitem" >

	<a class="sub-nav-link" href="/Home-%26-Lifestyle/Home-%26-Outdoors/Bathroom/Laundry-Accessories/c/RCSS002009015001" tabIndex="-1"  data-auid = "mobile-laundry-accessories">
			Laundry Accessories</a>
	</li><li data-level="3" class=""
	role="menuitem" >

	<a class="sub-nav-link" href="/Home-%26-Lifestyle/Home-%26-Outdoors/Bathroom/Caddies/c/RCSS002009015007" tabIndex="-1"  data-auid = "mobile-caddies">
			Caddies</a>
	</li></ul>
</li><li data-level="2" class="more"
	role="menuitem" >

	<a class="sub-nav-link" href="/Home-%26-Lifestyle/Home-%26-Outdoors/Bedroom/c/RCSS002009016000" tabIndex="-1"  data-auid = "mobile-bedroom">
			Bedroom<span class="more-indicator"></span>
			</a>
	<ul class="sub-nav-links" aria-hidden="true">
    <li class="last see-all" role="menuitem" data-level="3" data-auid = "mobile-bedroom">
			<a class="see-all-link" href="/Home-%26-Lifestyle/Home-%26-Outdoors/Bedroom/c/RCSS002009016000" tabIndex="-1">
				See all products</a>
		</li>
	<li data-level="3" class=""
	role="menuitem" >

	<a class="sub-nav-link" href="/Home-%26-Lifestyle/Home-%26-Outdoors/Bedroom/Closet-and-Shelving/c/RCSS002009016001" tabIndex="-1"  data-auid = "mobile-closet-and-shelving">
			Closet and Shelving</a>
	</li><li data-level="3" class=""
	role="menuitem" >

	<a class="sub-nav-link" href="/Home-%26-Lifestyle/Home-%26-Outdoors/Bedroom/Pillows-and-Pillow-Cases/c/RCSS002009016002" tabIndex="-1"  data-auid = "mobile-pillows-and-pillow-cases">
			Pillows and Pillow Cases</a>
	</li><li data-level="3" class=""
	role="menuitem" >

	<a class="sub-nav-link" href="/Home-%26-Lifestyle/Home-%26-Outdoors/Bedroom/Blankets-and-Throws/c/RCSS002009016006" tabIndex="-1"  data-auid = "mobile-blankets-and-throws">
			Blankets and Throws</a>
	</li><li data-level="3" class=""
	role="menuitem" >

	<a class="sub-nav-link" href="/Home-%26-Lifestyle/Home-%26-Outdoors/Bedroom/Sheets/c/RCSS002009016003" tabIndex="-1"  data-auid = "mobile-sheets">
			Sheets</a>
	</li><li data-level="3" class=""
	role="menuitem" >

	<a class="sub-nav-link" href="/Home-%26-Lifestyle/Home-%26-Outdoors/Bedroom/Mattress-Pads-and-Protectors/c/RCSS002009016007" tabIndex="-1"  data-auid = "mobile-mattress-pads-and-protectors">
			Mattress Pads and Protectors</a>
	</li><li data-level="3" class=""
	role="menuitem" >

	<a class="sub-nav-link" href="/Home-%26-Lifestyle/Home-%26-Outdoors/Bedroom/Duvets-and-Comforters/c/RCSS002009016004" tabIndex="-1"  data-auid = "mobile-duvets-and-comforters">
			Duvets and Comforters</a>
	</li></ul>
</li><li data-level="2" class="more"
	role="menuitem" >

	<a class="sub-nav-link" href="/Home-%26-Lifestyle/Home-%26-Outdoors/Outdoor-Living/c/RCSS002009021000" tabIndex="-1"  data-auid = "mobile-outdoor-living">
			Outdoor Living<span class="more-indicator"></span>
			</a>
	<ul class="sub-nav-links" aria-hidden="true">
    <li class="last see-all" role="menuitem" data-level="3" data-auid = "mobile-outdoor-living">
			<a class="see-all-link" href="/Home-%26-Lifestyle/Home-%26-Outdoors/Outdoor-Living/c/RCSS002009021000" tabIndex="-1">
				See all products</a>
		</li>
	<li data-level="3" class=""
	role="menuitem" >

	<a class="sub-nav-link" href="/Home-%26-Lifestyle/Home-%26-Outdoors/Outdoor-Living/BBQ-Starters/c/RCSS002009021005" tabIndex="-1"  data-auid = "mobile-bbq-starters">
			BBQ Starters</a>
	</li></ul>
</li></ul>
</li><li data-level="1" class=""
	role="menuitem" >

	<a class="sub-nav-link" href="/collections/Shop%20By%20Brand/017042000000?icid=Home_ShopbyBrand" tabIndex="-1"  data-auid = "mobile-shop-by-brand">
			Shop by Brand</a>
	</li></ul>
</li>
						<li class="nav-item listener-clickoutside "  data-auid = "mobile-deals-n-weekly-flyer">
	                            <a class="nav-item-link " href="/deals/flyer?navid=flyer-deal">
	                                        Flyer & Deals</a>
	                                </li>
						<li class="nav-item listener-clickoutside "  data-auid = "mobile-content-hub-nav-node">
	                            <a class="nav-item-link " href="/inspire?navid=recipes">
	                                        Recipes & Ideas</a>
	                                </li>
						<li class="nav-item listener-clickoutside has-sub-nav"  data-auid = "mobile-more-departments">
	                            <button class="nav-item-link more">
	                                            Wellness<span class="more-indicator"></span>
	                                                </button>
	                                    <span class="icon-arrow-down"></span>
	                                    <ul class="sub-nav-links" aria-hidden="true">
    <li data-level="1" class=""
	role="menuitem" >

	<a class="sub-nav-link" href="/guiding-stars?navid=guiding-stars" tabIndex="-1"  data-auid = "mobile-guiding-stars<sup>®</sup>">
			Guiding Stars<sup>®</sup></a>
	</li><li data-level="1" class=""
	role="menuitem" >

	<a class="sub-nav-link" href="/dietitians?navid=dieticians" tabIndex="-1"  data-auid = "mobile-dietitians">
			Dietitians</a>
	</li><li data-level="1" class=""
	role="menuitem" >

	<a class="sub-nav-link" href="/naturalfoods?navid=natural-foods" tabIndex="-1"  data-auid = "mobile-natural-foods">
			Natural Foods</a>
	</li><li data-level="1" class=""
	role="menuitem" >

	<a class="sub-nav-link" href="/optical?navid=optical" tabIndex="-1"  data-auid = "mobile-optical">
			Optical</a>
	</li><li data-level="1" class=""
	role="menuitem" >

	<a class="sub-nav-link" href="/medical-clinics?navid=medical-clinics" tabIndex="-1"  data-auid = "mobile-medical-clinics">
			Medical Clinics</a>
	</li><li data-level="1" class=""
	role="menuitem" >

	<a class="sub-nav-link" href="/pharmacy?navid=pharmacy" tabIndex="-1"  data-auid = "mobile-pharmacy-services">
			Pharmacy Services</a>
	</li></ul>
</li>
						</ul>


				</div>
			</div>
			<div class="wrapper-close-button">
				<button type="button" class="sidebar-menu-close-trigger-sm">
					<span class="icon-arrow-left"></span>
				</button>
			</div>
		</div>
	</div>

























<div class="header-bar">

	<a href="#search-bar" class="egrocery-accessbility skip skip-navigation" aria-label="">Skip to main content</a>

	<a href="#footer-quicklink" class="egrocery-accessbility skip skip-to-footer" aria-label="Skip to footer">Skip to footer</a>
	<ul>

			<li class="wrapper-our-stores hidden-sm-inline-block hidden-sm" data-auid="header-loyalty">
				<a href="/loyalty" class="header-link">



							<span class="link-text">PC Optimum</span>


				</a>
			</li>


		<li data-auid="header-faq">
			<a href="/faq">
				FAQ
			</a>
		</li>

	</ul>
</div>
<div id="siteheader" class="module-siteheader">


			<div class="row  top-bar">
				<div class="left-header-links">
					<div class="wrapper-account">
						<div class="hidden-sm ">






										<a href="/account/orderHistory" class="header-link" data-auid="my-account-link">
											<span class="icon-account"></span>
											<span class="my-account-text">
												My Account
											</span>
										</a>



						</div>







<!-- Begin Template: LoggedInFlyout -->
<div class="module-logged-in-flyout">
	<section class="dropdown-section">
		<ul class="dropdown-menu hidden-sm" role="menu">
			<li>
				<a class="btn btn-link btn-account-link selected" href="/account/order-history" data-auid="order-history-link">
					Orders
				</a>
			</li>
			<li>
				<a class="btn btn-link btn-account-link" href="/account/profile" data-auid="profile-link">
					Profile
				</a>
			</li>

			<li>
				<a class="btn btn-link btn-account-link" href="/account/loyalty" data-auid="loyalty-link">
					PC Optimum
				</a>
			</li>


			<li>
				<a class="btn btn-link btn-account-link" href="/account/payment" data-auid="payment-link">
					Payment
				</a>
			</li>

			<li>
				<a class="btn btn-link btn-account-link" href="/account/preference" data-auid="preference-link">
					Preferences
				</a>
			</li>

				<li>
					<a class="btn btn-link btn-account-link" href="/share?campaign_tags=dashboard&icta=my-account-refer-a-friend">
						Refer a Friend
					</a>
				</li>

			<li>
				<a class="btn btn-link btn-account-link btn-sign-out" href="/logout" data-auid="logout-link">
					Sign Out
				</a>
			</li>
		</ul>

		<div class="modal mobile-list visible-sm ">
			<button type="button" class="btn-link icon-close close"></button>
			<div class="primary-link">
				<a class="btn btn-inline-link" href="/account/order-history" data-auid="order-history-link">
					Orders
				</a>
			</div>
			<div class="primary-link">
				<a class="btn btn-inline-link" href="/account/profile" data-auid="profile-link">
					Profile
				</a>
			</div>

			<div class="primary-link">
				<a class="btn btn-inline-link" href="/account/loyalty" data-auid="loyalty-link">
					PC Optimum
				</a>
			</div>


			<div class="primary-link">
				<a class="btn btn-inline-link" href="/account/payment" data-auid="payment-link">
					Payment
				</a>
			</div>

			<div class="primary-link">
				<a class="btn btn-inline-link" href="/account/preference" data-auid="preference-link" data-auid="logout-link">
					Preferences
				</a>
			</div>

				<div class="primary-link">
					<a class="btn btn-inline-link" href="/share?campaign_tags=dashboard&icta=my-account-refer-a-friend">
						Refer a Friend
					</a>
				</div>

			<div class="primary-link">
				<a class="btn btn-link btn-account-link btn-sign-out" href="/logout">
					Sign Out
				</a>
			</div>
		</div>
	</section>
</div>
<!-- End Template: LoggedInFlyout -->

					</div>
					<div class="wrapper-our-stores hidden-sm-inline-block hidden-sm" data-auid="header-store-locator">
						<a href="/store-locator?show-store-list=true&type=transit&type=neighbourhood&type=sdm" class="header-link">
							<span class="link-text">Store Locator</span>
						</a>
					</div>
				</div>
				<div class="wrapper-sidemenu visible-sm ">

					<button type="button" class="trigger-sidemenu btn-inline-link" data-ajax-menu="/AjaxBarController?viewport=viewport&CSRFToken=9af9e160-7d7f-4cdf-9627-4f0808aa8853">
						<span class="icon-menu-bars"></span>
					</button>
				</div>
				<div class="wrapper-logo">
					<a href="/" class="header-link">
						<img src="https://assets.shop.loblaws.ca/ContentMedia/rcss/logos/banner_en.svg" alt="Superstore" />
					</a>
				</div>

					<div class="wrapper-minicart visible-sm ">

							<script type="text/x-jquery-tmpl">
/*<![CDATA[*/
	<dt>items - </dt>
	<dd></dd>
/*]]>*/
</script>
<noscript></noscript>

<div class="module-cart-container wrapper-cart-shortcut " data-ajax-url="/cart/flyout/"
	 data-current-store="com.loblaw.generated.facades.store.data.PickupLocationData@23bd2895" data-csrf-token="9af9e160-7d7f-4cdf-9627-4f0808aa8853" data-min-cart-value="30.0"
	 data-disable-checkout="false" data-disable-flyout="false">
	<div class="loading-spinner loading-spinner-white spin onload-spinner">





<div class="css-loading-icon ">
	<span>
		<div class="css-loading-icon-circle1 css-loading-icon-circle"></div>
		<div class="css-loading-icon-circle2 css-loading-icon-circle"></div>
		<div class="css-loading-icon-circle3 css-loading-icon-circle"></div>
		<div class="css-loading-icon-circle4 css-loading-icon-circle"></div>
		<div class="css-loading-icon-circle5 css-loading-icon-circle"></div>
		<div class="css-loading-icon-circle6 css-loading-icon-circle"></div>
		<div class="css-loading-icon-circle7 css-loading-icon-circle"></div>
		<div class="css-loading-icon-circle8 css-loading-icon-circle"></div>
		<div class="css-loading-icon-circle9 css-loading-icon-circle"></div>
		<div class="css-loading-icon-circle10 css-loading-icon-circle"></div>
		<div class="css-loading-icon-circle11 css-loading-icon-circle"></div>
		<div class="css-loading-icon-circle12 css-loading-icon-circle"></div>
	</span>
</div>
</div>
</div>

<div class="cart_popup"></div>


					</div>

				<div class="wrapper-order-info hidden-sm  "
					data-progress-bar-step-one-sm="Location"
					data-progress-bar-step-two-sm="Pickup"
					data-progress-bar-step-one-lg="Choose a pickup location"
					data-progress-bar-step-two-lg="Choose Pickup Time">





							    <button data-auid="button-store-name" type="button" class="btn-link button-store-name shoppable-stores	trigger-store-selector-modal"
								data-header-flow-url="/booking/selectStore" data-store-selected="true">
								<span class="icon-map-marker visible-inline-block visible-md"></span>
								<span class="store-name-text visible-lg visible-inline-block">
									<span class="icon-map-marker"></span>Chilliwack - ONE HOUR SLOTS NOW AVAILABLE
								</span>
							</button>


									<button data-auid="select-timeslot" type="button" class="btn-link button-pickup-time default trigger-store-selector-modal"
										data-header-flow-url="/booking/showTimeSlots?CSRFToken=9af9e160-7d7f-4cdf-9627-4f0808aa8853">
										<span class="icon-clock"></span>


										<span id="pickup-time-label" class="pickup-time-text visible-lg visible-inline-block" data-select-timeslot-label="Select a timeslot">




													Select a timeslot


										</span>
									</button>






					<input type="hidden" class="time-slot-release" name="time-slot-release" value="" data-header-flow-url="/booking/showTimeSlots?CSRFToken=9af9e160-7d7f-4cdf-9627-4f0808aa8853">
				</div>


			</div>
			<div class="wrapper-expired-deal-tooltip">


<!-- Begin Template: ExpiredDealTooltip -->
<div class="module-expired-deal-tooltip module-header-tooltip" data-tooltip-duration="3000">

	<button class="btn btn-link btn-close visible-sm">
		<span class="icon icon-close"></span>
	</button>
	<div class="title">
		Deal Expires on
		<span class="expiry-date"></span>
	</div>
	<div class="description">
		One or more deals will expire before your pick-up date. Updated prices are reflected in your cart.
		<a href="#" class="btn btn-inline-link btn-change-pickup-date trigger-store-selector-modal" data-which-page="slot-scheduler">
			Change Pick-Up Date
		</a>
	</div>
	<div class="info"></div>

</div>
<!-- End Template: ExpiredDealTooltip -->

			</div>



</div>














<div class="module-primary-navigation container abtest-39480-hide">
	<div class="navbar navbar-default primary-navbar-wrap">
		<div class="nav navbar-nav">
			<div class="search-button" aria-label="Search" role="search"
				tabIndex="0">
				<span class="icon-search"></span> <span class="text-search">Search</span>
			</div>
			<div class="divider"></div>

			<nav class="primary-nav" role="navigation">

					<li class="nav-item "  role="menuitem" data-auid = "my-shop"  >
	<a href="/quickshop?navid=quick-shop" class="nav-item-link " >
				My Shop</a>
		</li>

					<li class="nav-item has-sub-nav listener-clickoutside active expanded" aria-haspopup="true" role="menuitem" data-auid = "food"  >
	<button class="nav-item-link more" >
			    Food<span class="more-indicator"></span>
				</button>
		<span class="icon-arrow-down"></span>
		<div class="module-sub-nav">
	<div class="sub-nav-container sub-nav-level level-1">
	<ul class="sub-nav-links" aria-hidden="true">
		<li data-level="1" class="more"
	role="menuitem"  data-auid = "holiday">
	<a class="sub-nav-link" href="/Food/Holiday/c/RCSS002014000000?navid=holiday" tabIndex="-1">
	        Holiday<span class="more-indicator"></span>
		    </a>
	<div class="sub-nav-container sub-nav-level level-2">
	<ul class="sub-nav-links" aria-hidden="true">
		<li data-level="2" class="more"
	role="menuitem"  data-auid = "christmas-décor">
	<a class="sub-nav-link" href="/Food/Holiday/Christmas-D%C3%A9cor/c/RCSS015001000000?navid=christmas-dcor" tabIndex="-1">
	        Christmas Décor<span class="more-indicator"></span>
		    </a>
	<div class="sub-nav-container sub-nav-level level-3">
	<ul class="sub-nav-links" aria-hidden="true">
		<li data-level="3" class=""
	role="menuitem"  data-auid = "ornaments">
	<a class="sub-nav-link" href="/Food/Holiday/Christmas-D%C3%A9cor/Ornaments/c/RCSS015001001000?navid=ornaments" tabIndex="-1">
	        Ornaments</a>
	</li><li data-level="3" class=""
	role="menuitem"  data-auid = "trees">
	<a class="sub-nav-link" href="/Food/Holiday/Christmas-D%C3%A9cor/Trees/c/RCSS015001002000?navid=trees" tabIndex="-1">
	        Trees</a>
	</li><li data-level="3" class=""
	role="menuitem"  data-auid = "home-décor">
	<a class="sub-nav-link" href="/Food/Holiday/Christmas-D%C3%A9cor/Home-D%C3%A9cor/c/RCSS015001003000?navid=home-dcor" tabIndex="-1">
	        Home Décor</a>
	</li><li data-level="3" class=""
	role="menuitem"  data-auid = "stockings-and-wreaths">
	<a class="sub-nav-link" href="/Food/Holiday/Christmas-D%C3%A9cor/Stockings-%26-Wreaths/c/RCSS015001004000?navid=stockings-wreaths" tabIndex="-1">
	        Stockings & Wreaths</a>
	</li><li data-level="3" class=""
	role="menuitem"  data-auid = "indoor-christmas-lights">
	<a class="sub-nav-link" href="/Food/Holiday/Christmas-D%C3%A9cor/Indoor-Christmas-Lights/c/RCSS015001005002?navid=indoor-christmas-lights" tabIndex="-1">
	        Indoor Christmas Lights</a>
	</li><li data-level="3" class=""
	role="menuitem"  data-auid = "wrap">
	<a class="sub-nav-link" href="/Food/Holiday/Christmas-D%C3%A9cor/Wrap/c/RCSS015001006000?navid=wrap" tabIndex="-1">
	        Wrap</a>
	</li><li data-level="3" class=""
	role="menuitem"  data-auid = "crackers">
	<a class="sub-nav-link" href="/Food/Holiday/Christmas-D%C3%A9cor/Crackers/c/RCSS015001009000?navid=crackers" tabIndex="-1">
	        Crackers</a>
	</li><li data-level="3" class=""
	role="menuitem"  data-auid = "garland">
	<a class="sub-nav-link" href="/Food/Holiday/Christmas-D%C3%A9cor/Garland/c/RCSS015001010000?navid=garland" tabIndex="-1">
	        Garland</a>
	</li><li class="last see-all" role="menuitem" data-level="3" data-auid = "christmas-décor">
			<a class="see-all-link" href="/Food/Holiday/Christmas-D%C3%A9cor/c/RCSS015001000000?navid=christmas-dcor" tabIndex="-1" >
			    See all products</a>
		</li>
	</ul>

	</div></li><li data-level="2" class="more"
	role="menuitem"  data-auid = "entertaining-ware">
	<a class="sub-nav-link" href="/Food/Holiday/Entertaining-Ware/c/RCSS002014001000?navid=entertaining-ware" tabIndex="-1">
	        Entertaining Ware<span class="more-indicator"></span>
		    </a>
	<div class="sub-nav-container sub-nav-level level-3">
	<ul class="sub-nav-links" aria-hidden="true">
		<li data-level="3" class=""
	role="menuitem"  data-auid = "serveware">
	<a class="sub-nav-link" href="/Food/Holiday/Entertaining-Ware/Serveware/c/RCSS002014001005?navid=serveware" tabIndex="-1">
	        Serveware</a>
	</li><li data-level="3" class=""
	role="menuitem"  data-auid = "glassware">
	<a class="sub-nav-link" href="/Food/Holiday/Entertaining-Ware/Glassware/c/RCSS002014001003?navid=glassware" tabIndex="-1">
	        Glassware</a>
	</li><li data-level="3" class=""
	role="menuitem"  data-auid = "tableware">
	<a class="sub-nav-link" href="/Food/Holiday/Entertaining-Ware/Tableware/c/RCSS002014001004?navid=tableware" tabIndex="-1">
	        Tableware</a>
	</li><li data-level="3" class=""
	role="menuitem"  data-auid = "cookware-and-bakeware">
	<a class="sub-nav-link" href="/Food/Holiday/Entertaining-Ware/Cookware-%26-Bakeware/c/RCSS002014001001?navid=cookware-bakeware" tabIndex="-1">
	        Cookware & Bakeware</a>
	</li><li data-level="3" class=""
	role="menuitem"  data-auid = "kitchen-linens">
	<a class="sub-nav-link" href="/Food/Holiday/Entertaining-Ware/Kitchen-Linens/c/RCSS002014001002?navid=kitchen-linens" tabIndex="-1">
	        Kitchen Linens</a>
	</li><li class="last see-all" role="menuitem" data-level="3" data-auid = "entertaining-ware">
			<a class="see-all-link" href="/Food/Holiday/Entertaining-Ware/c/RCSS002014001000?navid=entertaining-ware" tabIndex="-1" >
			    See all products</a>
		</li>
	</ul>

	</div></li><li data-level="2" class="more"
	role="menuitem"  data-auid = "appetizers">
	<a class="sub-nav-link" href="/Food/Holiday/Appetizers/c/RCSS002014002000?navid=appetizers" tabIndex="-1">
	        Appetizers<span class="more-indicator"></span>
		    </a>
	<div class="sub-nav-container sub-nav-level level-3">
	<ul class="sub-nav-links" aria-hidden="true">
		<li data-level="3" class=""
	role="menuitem"  data-auid = "chips-and-dips">
	<a class="sub-nav-link" href="/Food/Holiday/Appetizers/Chips-%26-Dips/c/RCSS002014002001?navid=chips-dips" tabIndex="-1">
	        Chips & Dips</a>
	</li><li data-level="3" class=""
	role="menuitem"  data-auid = "party-trays">
	<a class="sub-nav-link" href="/Food/Holiday/Appetizers/Party-Trays/c/RCSS002014002002?navid=party-trays" tabIndex="-1">
	        Party Trays</a>
	</li><li data-level="3" class=""
	role="menuitem"  data-auid = "hot-apps">
	<a class="sub-nav-link" href="/Food/Holiday/Appetizers/Hot-Apps/c/RCSS002014002003?navid=hot-apps" tabIndex="-1">
	        Hot Apps</a>
	</li><li class="last see-all" role="menuitem" data-level="3" data-auid = "appetizers">
			<a class="see-all-link" href="/Food/Holiday/Appetizers/c/RCSS002014002000?navid=appetizers" tabIndex="-1" >
			    See all products</a>
		</li>
	</ul>

	</div></li><li data-level="2" class="more"
	role="menuitem"  data-auid = "charcuterie-board">
	<a class="sub-nav-link" href="/Food/Holiday/Charcuterie-Board/c/RCSS002014003000?navid=charcuterie-board" tabIndex="-1">
	        Charcuterie Board<span class="more-indicator"></span>
		    </a>
	<div class="sub-nav-container sub-nav-level level-3">
	<ul class="sub-nav-links" aria-hidden="true">
		<li data-level="3" class=""
	role="menuitem"  data-auid = "cured-meats-and-salami">
	<a class="sub-nav-link" href="/Food/Holiday/Charcuterie-Board/Cured-Meats-%26-Salami/c/RCSS002014003001?navid=cured-meats-salami" tabIndex="-1">
	        Cured Meats & Salami</a>
	</li><li data-level="3" class=""
	role="menuitem"  data-auid = "cheese">
	<a class="sub-nav-link" href="/Food/Holiday/Charcuterie-Board/Cheese/c/RCSS002014003002?navid=cheese" tabIndex="-1">
	        Cheese</a>
	</li><li data-level="3" class=""
	role="menuitem"  data-auid = "something-pickled">
	<a class="sub-nav-link" href="/Food/Holiday/Charcuterie-Board/Something-Pickled/c/RCSS002014003003?navid=something-pickled" tabIndex="-1">
	        Something Pickled</a>
	</li><li data-level="3" class=""
	role="menuitem"  data-auid = "dips-and-spreads">
	<a class="sub-nav-link" href="/Food/Holiday/Charcuterie-Board/Dips-%26-Spreads/c/RCSS002014003004?navid=dips-spreads" tabIndex="-1">
	        Dips & Spreads</a>
	</li><li data-level="3" class=""
	role="menuitem"  data-auid = "fruits-and-nuts">
	<a class="sub-nav-link" href="/Food/Holiday/Charcuterie-Board/Fruits-%26-Nuts/c/RCSS002014003005?navid=fruits-nuts" tabIndex="-1">
	        Fruits & Nuts</a>
	</li><li data-level="3" class=""
	role="menuitem"  data-auid = "serveware">
	<a class="sub-nav-link" href="/Food/Holiday/Charcuterie-Board/Serveware/c/RCSS002014003006?navid=serveware" tabIndex="-1">
	        Serveware</a>
	</li><li class="last see-all" role="menuitem" data-level="3" data-auid = "charcuterie-board">
			<a class="see-all-link" href="/Food/Holiday/Charcuterie-Board/c/RCSS002014003000?navid=charcuterie-board" tabIndex="-1" >
			    See all products</a>
		</li>
	</ul>

	</div></li><li data-level="2" class="more"
	role="menuitem"  data-auid = "turkey-and-main">
	<a class="sub-nav-link" href="/Food/Holiday/Turkey-%26-Main/c/RCSS002014004000?navid=turkey-main" tabIndex="-1">
	        Turkey & Main<span class="more-indicator"></span>
		    </a>
	<div class="sub-nav-container sub-nav-level level-3">
	<ul class="sub-nav-links" aria-hidden="true">
		<li data-level="3" class=""
	role="menuitem"  data-auid = "turkey-and-chicken">
	<a class="sub-nav-link" href="/Food/Holiday/Turkey-%26-Main/Turkey-%26-Chicken/c/RCSS002014004001?navid=turkey-chicken" tabIndex="-1">
	        Turkey & Chicken</a>
	</li><li data-level="3" class=""
	role="menuitem"  data-auid = "beef-and-veal">
	<a class="sub-nav-link" href="/Food/Holiday/Turkey-%26-Main/Beef-%26-Veal/c/RCSS002014004002?navid=beef-veal" tabIndex="-1">
	        Beef & Veal</a>
	</li><li data-level="3" class=""
	role="menuitem"  data-auid = "fish-and-seafood">
	<a class="sub-nav-link" href="/Food/Holiday/Turkey-%26-Main/Fish-%26-Seafood/c/RCSS002014004005?navid=fish-seafood" tabIndex="-1">
	        Fish & Seafood</a>
	</li><li data-level="3" class=""
	role="menuitem"  data-auid = "lamb-and-exotic">
	<a class="sub-nav-link" href="/Food/Holiday/Turkey-%26-Main/Lamb-%26-Exotic/c/RCSS002014004004?navid=lamb-exotic" tabIndex="-1">
	        Lamb & Exotic</a>
	</li><li data-level="3" class=""
	role="menuitem"  data-auid = "pork-and-ham">
	<a class="sub-nav-link" href="/Food/Holiday/Turkey-%26-Main/Pork-%26-Ham/c/RCSS002014004003?navid=pork-ham" tabIndex="-1">
	        Pork & Ham</a>
	</li><li data-level="3" class=""
	role="menuitem"  data-auid = "sides">
	<a class="sub-nav-link" href="/Food/Holiday/Turkey-%26-Main/Sides/c/RCSS002014004007?navid=sides" tabIndex="-1">
	        Sides</a>
	</li><li data-level="3" class=""
	role="menuitem"  data-auid = "sauce-and-spices">
	<a class="sub-nav-link" href="/Food/Holiday/Turkey-%26-Main/Sauce-%26-Spices/c/RCSS002014004006?navid=sauce-spices" tabIndex="-1">
	        Sauce & Spices</a>
	</li><li class="last see-all" role="menuitem" data-level="3" data-auid = "turkey-and-main">
			<a class="see-all-link" href="/Food/Holiday/Turkey-%26-Main/c/RCSS002014004000?navid=turkey-main" tabIndex="-1" >
			    See all products</a>
		</li>
	</ul>

	</div></li><li data-level="2" class="more"
	role="menuitem"  data-auid = "chocolates-and-desserts">
	<a class="sub-nav-link" href="/Food/Holiday/Chocolates-%26-Desserts/c/RCSS002014005000?navid=chocolates-desserts" tabIndex="-1">
	        Chocolates & Desserts<span class="more-indicator"></span>
		    </a>
	<div class="sub-nav-container sub-nav-level level-3">
	<ul class="sub-nav-links" aria-hidden="true">
		<li data-level="3" class=""
	role="menuitem"  data-auid = "cakes-and-puddings">
	<a class="sub-nav-link" href="/Food/Holiday/Chocolates-%26-Desserts/Cakes-%26-Puddings/c/RCSS002014005002?navid=cakes-puddings" tabIndex="-1">
	        Cakes & Puddings</a>
	</li><li data-level="3" class=""
	role="menuitem"  data-auid = "chocolates-and-candies">
	<a class="sub-nav-link" href="/Food/Holiday/Chocolates-%26-Desserts/Chocolates-%26-Candies/c/RCSS002014005004?navid=chocolates-candies" tabIndex="-1">
	        Chocolates & Candies</a>
	</li><li data-level="3" class=""
	role="menuitem"  data-auid = "gingerbread-and-pies">
	<a class="sub-nav-link" href="/Food/Holiday/Chocolates-%26-Desserts/Gingerbread-%26-Pies/c/RCSS002014005001?navid=gingerbread-pies" tabIndex="-1">
	        Gingerbread & Pies</a>
	</li><li data-level="3" class=""
	role="menuitem"  data-auid = "cookies-and-biscuits">
	<a class="sub-nav-link" href="/Food/Holiday/Chocolates-%26-Desserts/Cookies-%26-Biscuits/c/RCSS002014005003?navid=cookies-biscuits" tabIndex="-1">
	        Cookies & Biscuits</a>
	</li><li class="last see-all" role="menuitem" data-level="3" data-auid = "chocolates-and-desserts">
			<a class="see-all-link" href="/Food/Holiday/Chocolates-%26-Desserts/c/RCSS002014005000?navid=chocolates-desserts" tabIndex="-1" >
			    See all products</a>
		</li>
	</ul>

	</div></li><li data-level="2" class="more"
	role="menuitem"  data-auid = "drinks">
	<a class="sub-nav-link" href="/Food/Holiday/Drinks/c/RCSS002014006000?navid=drinks" tabIndex="-1">
	        Drinks<span class="more-indicator"></span>
		    </a>
	<div class="sub-nav-container sub-nav-level level-3">
	<ul class="sub-nav-links" aria-hidden="true">
		<li data-level="3" class=""
	role="menuitem"  data-auid = "soft-drinks">
	<a class="sub-nav-link" href="/Food/Holiday/Drinks/Soft-Drinks/c/RCSS002014006003?navid=soft-drinks" tabIndex="-1">
	        Soft Drinks</a>
	</li><li data-level="3" class=""
	role="menuitem"  data-auid = "eggnogs">
	<a class="sub-nav-link" href="/Food/Holiday/Drinks/Eggnogs/c/RCSS002014006001?navid=eggnogs" tabIndex="-1">
	        Eggnogs</a>
	</li><li data-level="3" class=""
	role="menuitem"  data-auid = "water">
	<a class="sub-nav-link" href="/Food/Holiday/Drinks/Water/c/RCSS002014006005?navid=water" tabIndex="-1">
	        Water</a>
	</li><li data-level="3" class=""
	role="menuitem"  data-auid = "coffee-and-tea">
	<a class="sub-nav-link" href="/Food/Holiday/Drinks/Coffee-%26-Tea/c/RCSS002014006004?navid=coffee-tea" tabIndex="-1">
	        Coffee & Tea</a>
	</li><li data-level="3" class=""
	role="menuitem"  data-auid = "juices">
	<a class="sub-nav-link" href="/Food/Holiday/Drinks/Juices/c/RCSS002014006002?navid=juices" tabIndex="-1">
	        Juices</a>
	</li><li class="last see-all" role="menuitem" data-level="3" data-auid = "drinks">
			<a class="see-all-link" href="/Food/Holiday/Drinks/c/RCSS002014006000?navid=drinks" tabIndex="-1" >
			    See all products</a>
		</li>
	</ul>

	</div></li><li data-level="2" class="more"
	role="menuitem"  data-auid = "gifts">
	<a class="sub-nav-link" href="/Food/Holiday/Gifts/c/RCSS002014007000?navid=gifts" tabIndex="-1">
	        Gifts<span class="more-indicator"></span>
		    </a>
	<div class="sub-nav-container sub-nav-level level-3">
	<ul class="sub-nav-links" aria-hidden="true">
		<li data-level="3" class=""
	role="menuitem"  data-auid = "gift-for-her">
	<a class="sub-nav-link" href="/Food/Holiday/Gifts/Gift-For-Her/c/RCSS002014007002?navid=gift-for-her" tabIndex="-1">
	        Gift For Her</a>
	</li><li data-level="3" class=""
	role="menuitem"  data-auid = "gift-for-him">
	<a class="sub-nav-link" href="/Food/Holiday/Gifts/Gift-For-Him/c/RCSS002014007003?navid=gift-for-him" tabIndex="-1">
	        Gift For Him</a>
	</li><li data-level="3" class=""
	role="menuitem"  data-auid = "gift-for-kid-and-toys">
	<a class="sub-nav-link" href="/Food/Holiday/Gifts/Gift-For-Kid-%26-Toys/c/RCSS002014007001?navid=gift-for-kid-toys" tabIndex="-1">
	        Gift For Kid & Toys</a>
	</li><li data-level="3" class=""
	role="menuitem"  data-auid = "flowers">
	<a class="sub-nav-link" href="/Food/Holiday/Gifts/Flowers/c/RCSS002014007004?navid=flowers" tabIndex="-1">
	        Flowers</a>
	</li><li data-level="3" class=""
	role="menuitem"  data-auid = "holiday-personal-care">
	<a class="sub-nav-link" href="/Food/Holiday/Gifts/Holiday-Personal-Care/c/RCSS002014007005NAV?navid=holiday-personal-care" tabIndex="-1">
	        Holiday Personal Care</a>
	</li><li class="last see-all" role="menuitem" data-level="3" data-auid = "gifts">
			<a class="see-all-link" href="/Food/Holiday/Gifts/c/RCSS002014007000?navid=gifts" tabIndex="-1" >
			    See all products</a>
		</li>
	</ul>

	</div></li><li class="last see-all" role="menuitem" data-level="2" data-auid = "holiday">
			<a class="see-all-link" href="/Food/Holiday/c/RCSS002014000000?navid=holiday" tabIndex="-1" >
			    See all products</a>
		</li>
	</ul>

	<div class="wrapper-promo-ad root-promo active-promo">















<div class="partial-nav-ad-var-1-large container">
	<a href="/collections/PC%20Holiday%20Insiders/17197000000?icid=l2_holiday2018" class="promo-link" target="">

		<div class="background-image">









<script>
/*! Picturefill - Responsive Images that work today. (and mimic the proposed Picture element with span elements). Author: Scott Jehl, Filament Group, 2012 | License: MIT/GPLv2 */

(function( w ){

	// Enable strict mode
	"use strict";

	w.picturefill = function() {
		var ps = w.document.getElementsByTagName( "span" );

		// Loop the pictures
		for( var i = 0, il = ps.length; i < il; i++ ){
			if( ps[ i ].getAttribute( "data-picture" ) !== null ){

				var sources = ps[ i ].getElementsByTagName( "span" ),
					matches = [];

				// See if which sources match
				for( var j = 0, jl = sources.length; j < jl; j++ ){
					var media = sources[ j ].getAttribute( "data-media" );
					// if there's no media specified, OR w.matchMedia is supported
					if( !media || ( w.matchMedia && w.matchMedia( media ).matches ) ){
						matches.push( sources[ j ] );
					}
				}

				// Find any existing img element in the picture element
				var picImg = ps[ i ].getElementsByTagName( "img" )[ 0 ];

				if( matches.length ){
					var matchedEl = matches.pop();
					if( !picImg || picImg.parentNode.nodeName === "NOSCRIPT" ){
						picImg = w.document.createElement( "img" );
						var alt = ps[ i ].getAttribute( "data-alt" );
						if (alt !== null) {
							picImg.alt = alt;
						}
					}
					else if( matchedEl === picImg.parentNode ){
						// Skip further actions if the correct image is already in place
						continue;
					}

					picImg.src =  matchedEl.getAttribute( "data-src" );
					picImg.setAttribute("usemap", matchedEl.getAttribute("data-usemap"));
					matchedEl.appendChild( picImg );
					picImg.removeAttribute("width");
					picImg.removeAttribute("height");
				}
				else if( picImg ){
					picImg.parentNode.removeChild( picImg );
				}
			}
		}
	};

	// Run on resize and domready (w.load as a fallback)
	if( w.addEventListener ){
		w.addEventListener( "resize", w.picturefill, false );
		w.addEventListener( "DOMContentLoaded", function(){
			w.picturefill();
			// Run once only
			w.removeEventListener( "load", w.picturefill, false );
		}, false );
		w.addEventListener( "load", w.picturefill, false );
	}
	else if( w.attachEvent ){
		w.attachEvent( "onload", w.picturefill );
	}
}( this ));
</script>
<!-- Begin Template: ConfigurableContentAdaptiveImage -->

<span data-picture data-alt="" data-target="" data-usemap="" data-closest=".background-image" data-target-attribute="background-image" class="module-adaptive-image loading">
	<span class="sm" data-src="https://assets.shop.loblaws.ca/ContentMedia/rcss/marketing/2018/WK45/PC%20Insiders%20Holidays/L2/wk45_discount_l2_holidayinsiders_b3_en.png" data-usemap="-rim-sm"></span>
	<span class="sm" data-src="https://assets.shop.loblaws.ca/ContentMedia/rcss/marketing/2018/WK45/PC%20Insiders%20Holidays/L2/wk45_discount_l2_holidayinsiders_b3_en.png" data-usemap="-rim-sm-retina" data-media="(min-device-pixel-ratio: 2.0)"></span>
	<span class="md" data-src="https://assets.shop.loblaws.ca/ContentMedia/rcss/marketing/2018/WK45/PC%20Insiders%20Holidays/L2/wk45_discount_l2_holidayinsiders_b2_en.png" data-usemap="-rim-md" data-media="(min-width: 651px)"></span>
	<span class="md" data-src="https://assets.shop.loblaws.ca/ContentMedia/rcss/marketing/2018/WK45/PC%20Insiders%20Holidays/L2/wk45_discount_l2_holidayinsiders_b2_en.png" data-usemap="-rim-md-retina" data-media="(min-width: 651px) and (min-device-pixel-ratio: 2.0)"></span>
	<span class="lg" data-src="https://assets.shop.loblaws.ca/ContentMedia/rcss/marketing/2018/WK45/PC%20Insiders%20Holidays/L2/wk45_discount_l2_holidayinsiders_b1_en.png" data-usemap="-rim-lg" data-media="(min-width: 960px)"></span>
	<span class="lg" data-src="https://assets.shop.loblaws.ca/ContentMedia/rcss/marketing/2018/WK45/PC%20Insiders%20Holidays/L2/wk45_discount_l2_holidayinsiders_b1_en.png" data-usemap="-rim-lg-retina" data-media="(min-width: 960px) and (min-device-pixel-ratio: 2.0)"></span>

	<img src="https://assets.shop.loblaws.ca/ContentMedia/rcss/spacer.gif" alt="PC Insiders Collection Holiday Hits. Get Started" onError="this.onerror=null;this.src='https://assets.shop.loblaws.ca/ContentMedia/rcss/marketing/2018/WK45/PC%20Insiders%20Holidays/L2/wk45_discount_l2_holidayinsiders_b3_en.png';" />

	<!--[if (lt IE 9) & (!IEMobile)]>
		<img class="lg" src="https://assets.shop.loblaws.ca/ContentMedia/rcss/marketing/2018/WK45/PC%20Insiders%20Holidays/L2/wk45_discount_l2_holidayinsiders_b1_en.png" alt="" usemap="-rim-lg">
	<![endif]-->

</span>
<!-- End Template: ConfigurableContentAdaptiveImage -->
		</div>

		<div class="row">
			<div class="wrapper-nav-ad-var-1-large">
				<div class="promo-content-holder">
					<h3></h3>
					<p></p>

				</div>
			</div>
		</div>

	</a>
</div>
>
</div>
	</div></li><li data-level="1" class="more"
	role="menuitem"  data-auid = "fruits-and-vegetables">
	<a class="sub-nav-link" href="/Food/Fruits-%26-Vegetables/c/RCSS001001000000?navid=fruits-vegetables" tabIndex="-1">
	        Fruits & Vegetables<span class="more-indicator"></span>
		    </a>
	<div class="sub-nav-container sub-nav-level level-2">
	<ul class="sub-nav-links" aria-hidden="true">
		<li data-level="2" class=""
	role="menuitem"  data-auid = "specially-chosen">
	<a class="sub-nav-link" href="/Food/Fruits-%26-Vegetables/Specially-Chosen/c/RCSS001001014000?navid=specially-chosen" tabIndex="-1">
	        Specially Chosen</a>
	</li><li data-level="2" class="more"
	role="menuitem"  data-auid = "fruit">
	<a class="sub-nav-link" href="/Food/Fruits-%26-Vegetables/Fruit/c/RCSS001001001000?navid=fruit" tabIndex="-1">
	        Fruit<span class="more-indicator"></span>
		    </a>
	<div class="sub-nav-container sub-nav-level level-3">
	<ul class="sub-nav-links" aria-hidden="true">
		<li data-level="3" class=""
	role="menuitem"  data-auid = "apples-and-pears">
	<a class="sub-nav-link" href="/Food/Fruits-%26-Vegetables/Fruit/Apples-%26-Pears/c/RCSS001001001001?navid=apples-pears" tabIndex="-1">
	        Apples & Pears</a>
	</li><li data-level="3" class=""
	role="menuitem"  data-auid = "avocado-and-tropical">
	<a class="sub-nav-link" href="/Food/Fruits-%26-Vegetables/Fruit/Avocado-%26-Tropical/c/RCSS001001001002?navid=avocado-tropical" tabIndex="-1">
	        Avocado & Tropical</a>
	</li><li data-level="3" class=""
	role="menuitem"  data-auid = "bananas-and-plantains">
	<a class="sub-nav-link" href="/Food/Fruits-%26-Vegetables/Fruit/Bananas-%26-Plantains/c/RCSS001001001003?navid=bananas-plantains" tabIndex="-1">
	        Bananas & Plantains</a>
	</li><li data-level="3" class=""
	role="menuitem"  data-auid = "berries-and-cherries">
	<a class="sub-nav-link" href="/Food/Fruits-%26-Vegetables/Fruit/Berries-%26-Cherries/c/RCSS001001001004?navid=berries-cherries" tabIndex="-1">
	        Berries & Cherries</a>
	</li><li data-level="3" class=""
	role="menuitem"  data-auid = "grapes">
	<a class="sub-nav-link" href="/Food/Fruits-%26-Vegetables/Fruit/Grapes/c/RCSS001001001007?navid=grapes" tabIndex="-1">
	        Grapes</a>
	</li><li data-level="3" class=""
	role="menuitem"  data-auid = "lemons-and-limes">
	<a class="sub-nav-link" href="/Food/Fruits-%26-Vegetables/Fruit/Lemons-%26-Limes/c/RCSS001001001005?navid=lemons-limes" tabIndex="-1">
	        Lemons & Limes</a>
	</li><li data-level="3" class=""
	role="menuitem"  data-auid = "oranges-and-citrus">
	<a class="sub-nav-link" href="/Food/Fruits-%26-Vegetables/Fruit/Oranges-%26-Citrus/c/RCSS001001001006?navid=oranges-citrus" tabIndex="-1">
	        Oranges & Citrus</a>
	</li><li data-level="3" class=""
	role="menuitem"  data-auid = "peaches,-nectarines-and-stone-fruit">
	<a class="sub-nav-link" href="/Food/Fruits-%26-Vegetables/Fruit/Peaches%2C-Nectarines-%26-Stone-Fruit/c/RCSS001001001009?navid=peaches-nectarines-stone-fruit" tabIndex="-1">
	        Peaches, Nectarines & Stone Fruit</a>
	</li><li data-level="3" class=""
	role="menuitem"  data-auid = "watermelons-and-melons">
	<a class="sub-nav-link" href="/Food/Fruits-%26-Vegetables/Fruit/Watermelons-%26-Melons/c/RCSS001001001008?navid=watermelons-melons" tabIndex="-1">
	        Watermelons & Melons</a>
	</li><li class="last see-all" role="menuitem" data-level="3" data-auid = "fruit">
			<a class="see-all-link" href="/Food/Fruits-%26-Vegetables/Fruit/c/RCSS001001001000?navid=fruit" tabIndex="-1" >
			    See all products</a>
		</li>
	</ul>

	</div></li><li data-level="2" class="more"
	role="menuitem"  data-auid = "vegetables">
	<a class="sub-nav-link" href="/Food/Fruits-%26-Vegetables/Vegetables/c/RCSS001001002000?navid=vegetables" tabIndex="-1">
	        Vegetables<span class="more-indicator"></span>
		    </a>
	<div class="sub-nav-container sub-nav-level level-3">
	<ul class="sub-nav-links" aria-hidden="true">
		<li data-level="3" class=""
	role="menuitem"  data-auid = "asparagus,-eggplant-and-zucchini">
	<a class="sub-nav-link" href="/Food/Fruits-%26-Vegetables/Vegetables/Asparagus%2C-Eggplant-%26-Zucchini/c/RCSS001001002004?navid=asparagus-eggplant-zucchini" tabIndex="-1">
	        Asparagus, Eggplant & Zucchini</a>
	</li><li data-level="3" class=""
	role="menuitem"  data-auid = "broccoli,-cabbages-and-cauliflower">
	<a class="sub-nav-link" href="/Food/Fruits-%26-Vegetables/Vegetables/Broccoli%2C-Cabbages-%26-Cauliflower/c/RCSS001001002003?navid=broccoli-cabbages-cauliflower" tabIndex="-1">
	        Broccoli, Cabbages & Cauliflower</a>
	</li><li data-level="3" class=""
	role="menuitem"  data-auid = "ginger,-garlic-and-sprout">
	<a class="sub-nav-link" href="/Food/Fruits-%26-Vegetables/Vegetables/Ginger%2C-Garlic-%26-Sprout/c/RCSS001001002010?navid=ginger-garlic-sprout" tabIndex="-1">
	        Ginger, Garlic & Sprout</a>
	</li><li data-level="3" class=""
	role="menuitem"  data-auid = "mushrooms-and-truffles">
	<a class="sub-nav-link" href="/Food/Fruits-%26-Vegetables/Vegetables/Mushrooms-%26-Truffles/c/RCSS001001002006?navid=mushrooms-truffles" tabIndex="-1">
	        Mushrooms & Truffles</a>
	</li><li data-level="3" class=""
	role="menuitem"  data-auid = "leeks,-cucumbers-and-celery">
	<a class="sub-nav-link" href="/Food/Fruits-%26-Vegetables/Vegetables/Leeks%2C-Cucumbers-%26-Celery/c/RCSS001001002007?navid=leeks-cucumbers-celery" tabIndex="-1">
	        Leeks, Cucumbers & Celery</a>
	</li><li data-level="3" class=""
	role="menuitem"  data-auid = "lettuce-and-leafy-vegetables">
	<a class="sub-nav-link" href="/Food/Fruits-%26-Vegetables/Vegetables/Lettuce-%26-Leafy-Vegetables/c/RCSS001001002008?navid=lettuce-leafy-vegetables" tabIndex="-1">
	        Lettuce & Leafy Vegetables</a>
	</li><li data-level="3" class=""
	role="menuitem"  data-auid = "peas,-beans-and-corn">
	<a class="sub-nav-link" href="/Food/Fruits-%26-Vegetables/Vegetables/Peas%2C-Beans-%26-Corn/c/RCSS001001002005?navid=peas-beans-corn" tabIndex="-1">
	        Peas, Beans & Corn</a>
	</li><li data-level="3" class=""
	role="menuitem"  data-auid = "peppers-and-tomatoes">
	<a class="sub-nav-link" href="/Food/Fruits-%26-Vegetables/Vegetables/Peppers-%26-Tomatoes/c/RCSS001001002009?navid=peppers-tomatoes" tabIndex="-1">
	        Peppers & Tomatoes</a>
	</li><li data-level="3" class=""
	role="menuitem"  data-auid = "potato,-onions-and-carrots">
	<a class="sub-nav-link" href="/Food/Fruits-%26-Vegetables/Vegetables/Potato%2C-Onions-%26-Carrots/c/RCSS001001002001?navid=potato-onions-carrots" tabIndex="-1">
	        Potato, Onions & Carrots</a>
	</li><li data-level="3" class=""
	role="menuitem"  data-auid = "squash-and-pumpkins">
	<a class="sub-nav-link" href="/Food/Fruits-%26-Vegetables/Vegetables/Squash-%26-Pumpkins/c/RCSS001001002002?navid=squash-pumpkins" tabIndex="-1">
	        Squash & Pumpkins</a>
	</li><li class="last see-all" role="menuitem" data-level="3" data-auid = "vegetables">
			<a class="see-all-link" href="/Food/Fruits-%26-Vegetables/Vegetables/c/RCSS001001002000?navid=vegetables" tabIndex="-1" >
			    See all products</a>
		</li>
	</ul>

	</div></li><li data-level="2" class=""
	role="menuitem"  data-auid = "club-packs">
	<a class="sub-nav-link" href="/Food/Fruits-%26-Vegetables/Club-Packs/c/RCSS001001013000?navid=club-packs" tabIndex="-1">
	        Club Packs</a>
	</li><li data-level="2" class=""
	role="menuitem"  data-auid = "fresh-cut-fruit-and-veg">
	<a class="sub-nav-link" href="/Food/Fruits-%26-Vegetables/Fresh-Cut-Fruit-%26-Veg/c/RCSS001001007000?navid=fresh-cut-fruit-veg" tabIndex="-1">
	        Fresh Cut Fruit & Veg</a>
	</li><li data-level="2" class=""
	role="menuitem"  data-auid = "salads">
	<a class="sub-nav-link" href="/Food/Fruits-%26-Vegetables/Salads/c/RCSS001001003000?navid=salads" tabIndex="-1">
	        Salads</a>
	</li><li data-level="2" class=""
	role="menuitem"  data-auid = "fresh-herbs">
	<a class="sub-nav-link" href="/Food/Fruits-%26-Vegetables/Fresh-Herbs/c/RCSS001001004000?navid=fresh-herbs" tabIndex="-1">
	        Fresh Herbs</a>
	</li><li data-level="2" class=""
	role="menuitem"  data-auid = "fresh-juices">
	<a class="sub-nav-link" href="/Food/Fruits-%26-Vegetables/Fresh-Juices/c/RCSS001001012000?navid=fresh-juices" tabIndex="-1">
	        Fresh Juices</a>
	</li><li data-level="2" class=""
	role="menuitem"  data-auid = "organic-fruit">
	<a class="sub-nav-link" href="/Food/Fruits-%26-Vegetables/Organic-Fruit/c/RCSS001001005000?navid=organic-fruit" tabIndex="-1">
	        Organic Fruit</a>
	</li><li data-level="2" class=""
	role="menuitem"  data-auid = "organic-vegetables">
	<a class="sub-nav-link" href="/Food/Fruits-%26-Vegetables/Organic-Vegetables/c/RCSS001001006000?navid=organic-vegetables" tabIndex="-1">
	        Organic Vegetables</a>
	</li><li data-level="2" class=""
	role="menuitem"  data-auid = "ethnic-vegetables">
	<a class="sub-nav-link" href="/Food/Fruits-%26-Vegetables/ETHNIC-VEGETABLES/c/RCSS001001008000?navid=ethnic-vegetables" tabIndex="-1">
	        ETHNIC VEGETABLES</a>
	</li><li data-level="2" class=""
	role="menuitem"  data-auid = "snacking-fruit-and-nuts">
	<a class="sub-nav-link" href="/Food/Fruits-%26-Vegetables/SNACKING-FRUIT-%26-NUTS/c/RCSS001001010000?navid=snacking-fruit-nuts" tabIndex="-1">
	        SNACKING FRUIT & NUTS</a>
	</li><li data-level="2" class="more"
	role="menuitem"  data-auid = "best-in-season">
	<a class="sub-nav-link" href="/Food/Fruits-%26-Vegetables/Best-in-Season/c/RCSS001001011000?navid=best-in-season" tabIndex="-1">
	        Best in Season<span class="more-indicator"></span>
		    </a>
	<div class="sub-nav-container sub-nav-level level-3">
	<ul class="sub-nav-links" aria-hidden="true">
		<li data-level="3" class=""
	role="menuitem"  data-auid = "fruits">
	<a class="sub-nav-link" href="/Food/Fruits-%26-Vegetables/Best-in-Season/Fruits/c/RCSS001001011001?navid=fruits" tabIndex="-1">
	        Fruits</a>
	</li><li data-level="3" class=""
	role="menuitem"  data-auid = "vegetables">
	<a class="sub-nav-link" href="/Food/Fruits-%26-Vegetables/Best-in-Season/Vegetables/c/RCSS001001011002?navid=vegetables" tabIndex="-1">
	        Vegetables</a>
	</li><li class="last see-all" role="menuitem" data-level="3" data-auid = "best-in-season">
			<a class="see-all-link" href="/Food/Fruits-%26-Vegetables/Best-in-Season/c/RCSS001001011000?navid=best-in-season" tabIndex="-1" >
			    See all products</a>
		</li>
	</ul>

	</div></li><li class="last see-all" role="menuitem" data-level="2" data-auid = "fruits-and-vegetables">
			<a class="see-all-link" href="/Food/Fruits-%26-Vegetables/c/RCSS001001000000?navid=fruits-vegetables" tabIndex="-1" >
			    See all products</a>
		</li>
	</ul>

	<div class="wrapper-promo-ad root-promo active-promo">















<div class="partial-nav-ad-var-1-large container">
	<a href="/Food/Fruits-%26-Vegetables/c/RCSS001001000000" class="promo-link" target="">

		<div class="background-image">









<script>
/*! Picturefill - Responsive Images that work today. (and mimic the proposed Picture element with span elements). Author: Scott Jehl, Filament Group, 2012 | License: MIT/GPLv2 */

(function( w ){

	// Enable strict mode
	"use strict";

	w.picturefill = function() {
		var ps = w.document.getElementsByTagName( "span" );

		// Loop the pictures
		for( var i = 0, il = ps.length; i < il; i++ ){
			if( ps[ i ].getAttribute( "data-picture" ) !== null ){

				var sources = ps[ i ].getElementsByTagName( "span" ),
					matches = [];

				// See if which sources match
				for( var j = 0, jl = sources.length; j < jl; j++ ){
					var media = sources[ j ].getAttribute( "data-media" );
					// if there's no media specified, OR w.matchMedia is supported
					if( !media || ( w.matchMedia && w.matchMedia( media ).matches ) ){
						matches.push( sources[ j ] );
					}
				}

				// Find any existing img element in the picture element
				var picImg = ps[ i ].getElementsByTagName( "img" )[ 0 ];

				if( matches.length ){
					var matchedEl = matches.pop();
					if( !picImg || picImg.parentNode.nodeName === "NOSCRIPT" ){
						picImg = w.document.createElement( "img" );
						var alt = ps[ i ].getAttribute( "data-alt" );
						if (alt !== null) {
							picImg.alt = alt;
						}
					}
					else if( matchedEl === picImg.parentNode ){
						// Skip further actions if the correct image is already in place
						continue;
					}

					picImg.src =  matchedEl.getAttribute( "data-src" );
					picImg.setAttribute("usemap", matchedEl.getAttribute("data-usemap"));
					matchedEl.appendChild( picImg );
					picImg.removeAttribute("width");
					picImg.removeAttribute("height");
				}
				else if( picImg ){
					picImg.parentNode.removeChild( picImg );
				}
			}
		}
	};

	// Run on resize and domready (w.load as a fallback)
	if( w.addEventListener ){
		w.addEventListener( "resize", w.picturefill, false );
		w.addEventListener( "DOMContentLoaded", function(){
			w.picturefill();
			// Run once only
			w.removeEventListener( "load", w.picturefill, false );
		}, false );
		w.addEventListener( "load", w.picturefill, false );
	}
	else if( w.attachEvent ){
		w.attachEvent( "onload", w.picturefill );
	}
}( this ));
</script>
<!-- Begin Template: ConfigurableContentAdaptiveImage -->

<span data-picture data-alt="" data-target="" data-usemap="" data-closest=".background-image" data-target-attribute="background-image" class="module-adaptive-image loading">
	<span class="sm" data-src="https://assets.shop.loblaws.ca/ContentMedia/rcss/marketing/2016/categoryl2s/RCSS_L2-categories_fruits%26veggies_b3_en.jpg" data-usemap="-rim-sm"></span>
	<span class="sm" data-src="https://assets.shop.loblaws.ca/ContentMedia/rcss/marketing/2016/categoryl2s/RCSS_L2-categories_fruits%26veggies_b3_en.jpg" data-usemap="-rim-sm-retina" data-media="(min-device-pixel-ratio: 2.0)"></span>
	<span class="md" data-src="https://assets.shop.loblaws.ca/ContentMedia/rcss/marketing/2016/categoryl2s/RCSS_L2-categories_fruits%26veggies_b2_en.jpg" data-usemap="-rim-md" data-media="(min-width: 651px)"></span>
	<span class="md" data-src="https://assets.shop.loblaws.ca/ContentMedia/rcss/marketing/2016/categoryl2s/RCSS_L2-categories_fruits%26veggies_b2_en.jpg" data-usemap="-rim-md-retina" data-media="(min-width: 651px) and (min-device-pixel-ratio: 2.0)"></span>
	<span class="lg" data-src="https://assets.shop.loblaws.ca/ContentMedia/rcss/marketing/2016/categoryl2s/RCSS_L2-categories_fruits%26veggies_b1_en.jpg" data-usemap="-rim-lg" data-media="(min-width: 960px)"></span>
	<span class="lg" data-src="https://assets.shop.loblaws.ca/ContentMedia/rcss/marketing/2016/categoryl2s/RCSS_L2-categories_fruits%26veggies_b1_en.jpg" data-usemap="-rim-lg-retina" data-media="(min-width: 960px) and (min-device-pixel-ratio: 2.0)"></span>

	<img src="https://assets.shop.loblaws.ca/ContentMedia/rcss/spacer.gif" alt="Shop Now" onError="this.onerror=null;this.src='https://assets.shop.loblaws.ca/ContentMedia/rcss/marketing/2016/categoryl2s/RCSS_L2-categories_fruits%26veggies_b3_en.jpg';" />

	<!--[if (lt IE 9) & (!IEMobile)]>
		<img class="lg" src="https://assets.shop.loblaws.ca/ContentMedia/rcss/marketing/2016/categoryl2s/RCSS_L2-categories_fruits%26veggies_b1_en.jpg" alt="" usemap="-rim-lg">
	<![endif]-->

</span>
<!-- End Template: ConfigurableContentAdaptiveImage -->
		</div>

		<div class="row">
			<div class="wrapper-nav-ad-var-1-large">
				<div class="promo-content-holder">
					<h3></h3>
					<p></p>

				</div>
			</div>
		</div>

	</a>
</div>
>
</div>
	</div></li><li data-level="1" class="more"
	role="menuitem"  data-auid = "deli-and-ready-meals">
	<a class="sub-nav-link" href="/Food/Deli-%26-Ready-Meals/c/RCSS001002000000?navid=deli-ready-meals" tabIndex="-1">
	        Deli & Ready Meals<span class="more-indicator"></span>
		    </a>
	<div class="sub-nav-container sub-nav-level level-2">
	<ul class="sub-nav-links" aria-hidden="true">
		<li data-level="2" class="more"
	role="menuitem"  data-auid = "deli-meats">
	<a class="sub-nav-link" href="/Food/Deli-%26-Ready-Meals/Deli-Meats/c/RCSS001002001000?navid=deli-meats" tabIndex="-1">
	        Deli Meats<span class="more-indicator"></span>
		    </a>
	<div class="sub-nav-container sub-nav-level level-3">
	<ul class="sub-nav-links" aria-hidden="true">
		<li data-level="3" class=""
	role="menuitem"  data-auid = "beef">
	<a class="sub-nav-link" href="/Food/Deli-%26-Ready-Meals/Deli-Meats/Beef/c/RCSS001002001002?navid=beef" tabIndex="-1">
	        Beef</a>
	</li><li data-level="3" class=""
	role="menuitem"  data-auid = "turkey">
	<a class="sub-nav-link" href="/Food/Deli-%26-Ready-Meals/Deli-Meats/Turkey/c/RCSS001002001001?navid=turkey" tabIndex="-1">
	        Turkey</a>
	</li><li data-level="3" class=""
	role="menuitem"  data-auid = "chicken">
	<a class="sub-nav-link" href="/Food/Deli-%26-Ready-Meals/Deli-Meats/Chicken/c/RCSS001002001003?navid=chicken" tabIndex="-1">
	        Chicken</a>
	</li><li data-level="3" class=""
	role="menuitem"  data-auid = "ham-and-pork">
	<a class="sub-nav-link" href="/Food/Deli-%26-Ready-Meals/Deli-Meats/Ham-%26-Pork/c/RCSS001002001004?navid=ham-pork" tabIndex="-1">
	        Ham & Pork</a>
	</li><li data-level="3" class=""
	role="menuitem"  data-auid = "bologna,-liverwurst-and-pastrami">
	<a class="sub-nav-link" href="/Food/Deli-%26-Ready-Meals/Deli-Meats/Bologna%2C-Liverwurst-%26-Pastrami/c/RCSS001002001007?navid=bologna-liverwurst-pastrami" tabIndex="-1">
	        Bologna, Liverwurst & Pastrami</a>
	</li><li data-level="3" class=""
	role="menuitem"  data-auid = "salami-and-pepperoni">
	<a class="sub-nav-link" href="/Food/Deli-%26-Ready-Meals/Deli-Meats/Salami-%26-Pepperoni/c/RCSS001002001005?navid=salami-pepperoni" tabIndex="-1">
	        Salami & Pepperoni</a>
	</li><li data-level="3" class=""
	role="menuitem"  data-auid = "mortadella-and-prosciutto">
	<a class="sub-nav-link" href="/Food/Deli-%26-Ready-Meals/Deli-Meats/Mortadella-%26-Prosciutto/c/RCSS001002001006?navid=mortadella-prosciutto" tabIndex="-1">
	        Mortadella & Prosciutto</a>
	</li><li data-level="3" class=""
	role="menuitem"  data-auid = "smoked-and-cured-fish">
	<a class="sub-nav-link" href="/Food/Deli-%26-Ready-Meals/Deli-Meats/Smoked-%26-Cured-Fish/c/RCSS001002001010?navid=smoked-cured-fish" tabIndex="-1">
	        Smoked & Cured Fish</a>
	</li><li data-level="3" class=""
	role="menuitem"  data-auid = "specialty-cold-cuts">
	<a class="sub-nav-link" href="/Food/Deli-%26-Ready-Meals/Deli-Meats/Specialty-Cold-Cuts/c/RCSS001002001008?navid=specialty-cold-cuts" tabIndex="-1">
	        Specialty Cold Cuts</a>
	</li><li class="last see-all" role="menuitem" data-level="3" data-auid = "deli-meats">
			<a class="see-all-link" href="/Food/Deli-%26-Ready-Meals/Deli-Meats/c/RCSS001002001000?navid=deli-meats" tabIndex="-1" >
			    See all products</a>
		</li>
	</ul>

	</div></li><li data-level="2" class="more"
	role="menuitem"  data-auid = "deli-cheese">
	<a class="sub-nav-link" href="/Food/Deli-%26-Ready-Meals/Deli-Cheese/c/RCSS001002002000?navid=deli-cheese" tabIndex="-1">
	        Deli Cheese<span class="more-indicator"></span>
		    </a>
	<div class="sub-nav-container sub-nav-level level-3">
	<ul class="sub-nav-links" aria-hidden="true">
		<li data-level="3" class=""
	role="menuitem"  data-auid = "soft-and-spreadable">
	<a class="sub-nav-link" href="/Food/Deli-%26-Ready-Meals/Deli-Cheese/Soft-%26-Spreadable/c/RCSS001002002008?navid=soft-spreadable" tabIndex="-1">
	        Soft & Spreadable</a>
	</li><li data-level="3" class=""
	role="menuitem"  data-auid = "friable-cheeses">
	<a class="sub-nav-link" href="/Food/Deli-%26-Ready-Meals/Deli-Cheese/Friable-Cheeses/c/RCSS001002002004?navid=friable-cheeses" tabIndex="-1">
	        Friable Cheeses</a>
	</li><li data-level="3" class=""
	role="menuitem"  data-auid = "firm-cheeses">
	<a class="sub-nav-link" href="/Food/Deli-%26-Ready-Meals/Deli-Cheese/Firm-Cheeses/c/RCSS001002002010?navid=firm-cheeses" tabIndex="-1">
	        Firm Cheeses</a>
	</li><li data-level="3" class=""
	role="menuitem"  data-auid = "parmaseans-and-grating">
	<a class="sub-nav-link" href="/Food/Deli-%26-Ready-Meals/Deli-Cheese/Parmaseans-%26-Grating/c/RCSS001002002005?navid=parmaseans-grating" tabIndex="-1">
	        Parmaseans & Grating</a>
	</li><li data-level="3" class=""
	role="menuitem"  data-auid = "blue-cheese">
	<a class="sub-nav-link" href="/Food/Deli-%26-Ready-Meals/Deli-Cheese/Blue-Cheese/c/RCSS001002002001?navid=blue-cheese" tabIndex="-1">
	        Blue Cheese</a>
	</li><li data-level="3" class=""
	role="menuitem"  data-auid = "cheddars">
	<a class="sub-nav-link" href="/Food/Deli-%26-Ready-Meals/Deli-Cheese/Cheddars/c/RCSS001002002002?navid=cheddars" tabIndex="-1">
	        Cheddars</a>
	</li><li data-level="3" class=""
	role="menuitem"  data-auid = "goat-and-sheep">
	<a class="sub-nav-link" href="/Food/Deli-%26-Ready-Meals/Deli-Cheese/Goat-%26-Sheep/c/RCSS001002002007?navid=goat-sheep" tabIndex="-1">
	        Goat & Sheep</a>
	</li><li data-level="3" class=""
	role="menuitem"  data-auid = "mozzarella-and-semi-soft">
	<a class="sub-nav-link" href="/Food/Deli-%26-Ready-Meals/Deli-Cheese/Mozzarella-%26-Semi-Soft/c/RCSS001002002009?navid=mozzarella-semisoft" tabIndex="-1">
	        Mozzarella & Semi-Soft</a>
	</li><li data-level="3" class=""
	role="menuitem"  data-auid = "gouda-and-other-swiss">
	<a class="sub-nav-link" href="/Food/Deli-%26-Ready-Meals/Deli-Cheese/Gouda-%26-Other-Swiss/c/RCSS001002002003?navid=gouda-other-swiss" tabIndex="-1">
	        Gouda & Other Swiss</a>
	</li><li data-level="3" class=""
	role="menuitem"  data-auid = "grated-and-sliced">
	<a class="sub-nav-link" href="/Food/Deli-%26-Ready-Meals/Deli-Cheese/Grated-%26-Sliced/c/RCSS001002002006?navid=grated-sliced" tabIndex="-1">
	        Grated & Sliced</a>
	</li><li class="last see-all" role="menuitem" data-level="3" data-auid = "deli-cheese">
			<a class="see-all-link" href="/Food/Deli-%26-Ready-Meals/Deli-Cheese/c/RCSS001002002000?navid=deli-cheese" tabIndex="-1" >
			    See all products</a>
		</li>
	</ul>

	</div></li><li data-level="2" class="more"
	role="menuitem"  data-auid = "antipastos,-dips-and-spreads">
	<a class="sub-nav-link" href="/Food/Deli-%26-Ready-Meals/Antipastos%2C-Dips-%26-Spreads/c/RCSS001002003000?navid=antipastos-dips-spreads" tabIndex="-1">
	        Antipastos, Dips & Spreads<span class="more-indicator"></span>
		    </a>
	<div class="sub-nav-container sub-nav-level level-3">
	<ul class="sub-nav-links" aria-hidden="true">
		<li data-level="3" class=""
	role="menuitem"  data-auid = "dips">
	<a class="sub-nav-link" href="/Food/Deli-%26-Ready-Meals/Antipastos%2C-Dips-%26-Spreads/Dips/c/RCSS001002003002?navid=dips" tabIndex="-1">
	        Dips</a>
	</li><li data-level="3" class=""
	role="menuitem"  data-auid = "hummus-and-spreads">
	<a class="sub-nav-link" href="/Food/Deli-%26-Ready-Meals/Antipastos%2C-Dips-%26-Spreads/Hummus-%26-Spreads/c/RCSS001002003001?navid=hummus-spreads" tabIndex="-1">
	        Hummus & Spreads</a>
	</li><li data-level="3" class=""
	role="menuitem"  data-auid = "pâté-and-caviar">
	<a class="sub-nav-link" href="/Food/Deli-%26-Ready-Meals/Antipastos%2C-Dips-%26-Spreads/P%C3%A2t%C3%A9-%26-Caviar/c/RCSS001002003005?navid=pt-caviar" tabIndex="-1">
	        Pâté & Caviar</a>
	</li><li data-level="3" class=""
	role="menuitem"  data-auid = "olives-and-antipasto">
	<a class="sub-nav-link" href="/Food/Deli-%26-Ready-Meals/Antipastos%2C-Dips-%26-Spreads/Olives-%26-Antipasto/c/RCSS001002003003?navid=olives-antipasto" tabIndex="-1">
	        Olives & Antipasto</a>
	</li><li class="last see-all" role="menuitem" data-level="3" data-auid = "antipastos,-dips-and-spreads">
			<a class="see-all-link" href="/Food/Deli-%26-Ready-Meals/Antipastos%2C-Dips-%26-Spreads/c/RCSS001002003000?navid=antipastos-dips-spreads" tabIndex="-1" >
			    See all products</a>
		</li>
	</ul>

	</div></li><li data-level="2" class="more"
	role="menuitem"  data-auid = "vegan-and-vegetarian">
	<a class="sub-nav-link" href="/Food/Deli-%26-Ready-Meals/Vegan-%26-Vegetarian/c/RCSS001002004000?navid=vegan-vegetarian" tabIndex="-1">
	        Vegan & Vegetarian<span class="more-indicator"></span>
		    </a>
	<div class="sub-nav-container sub-nav-level level-3">
	<ul class="sub-nav-links" aria-hidden="true">
		<li data-level="3" class=""
	role="menuitem"  data-auid = "meat-alternatives">
	<a class="sub-nav-link" href="/Food/Deli-%26-Ready-Meals/Vegan-%26-Vegetarian/Meat-Alternatives/c/RCSS001002004002?navid=meat-alternatives" tabIndex="-1">
	        Meat Alternatives</a>
	</li><li data-level="3" class=""
	role="menuitem"  data-auid = "tofu">
	<a class="sub-nav-link" href="/Food/Deli-%26-Ready-Meals/Vegan-%26-Vegetarian/Tofu/c/RCSS001002004003?navid=tofu" tabIndex="-1">
	        Tofu</a>
	</li><li data-level="3" class=""
	role="menuitem"  data-auid = "vegan-or-vegetarian-cheese">
	<a class="sub-nav-link" href="/Food/Deli-%26-Ready-Meals/Vegan-%26-Vegetarian/Vegan-or-Vegetarian-Cheese/c/RCSS001002004001?navid=vegan-or-vegetarian-cheese" tabIndex="-1">
	        Vegan or Vegetarian Cheese</a>
	</li><li class="last see-all" role="menuitem" data-level="3" data-auid = "vegan-and-vegetarian">
			<a class="see-all-link" href="/Food/Deli-%26-Ready-Meals/Vegan-%26-Vegetarian/c/RCSS001002004000?navid=vegan-vegetarian" tabIndex="-1" >
			    See all products</a>
		</li>
	</ul>

	</div></li><li data-level="2" class="more"
	role="menuitem"  data-auid = "ready-meals-and-sides">
	<a class="sub-nav-link" href="/Food/Deli-%26-Ready-Meals/Ready-Meals-%26-Sides/c/RCSS001002005000?navid=ready-meals-sides" tabIndex="-1">
	        Ready Meals & Sides<span class="more-indicator"></span>
		    </a>
	<div class="sub-nav-container sub-nav-level level-3">
	<ul class="sub-nav-links" aria-hidden="true">
		<li data-level="3" class=""
	role="menuitem"  data-auid = "chicken-and-turkey-meals-(hot-foods-for-pickup-after-12pm)">
	<a class="sub-nav-link" href="/Food/Deli-%26-Ready-Meals/Ready-Meals-%26-Sides/Chicken-%26-Turkey-Meals-%28hot-foods-for-pickup-after-12PM%29/c/RCSS001002005001?navid=chicken-turkey-meals-hot-foods-for-pickup-after-12pm" tabIndex="-1">
	        Chicken & Turkey Meals (hot foods for pickup after 12PM)</a>
	</li><li data-level="3" class=""
	role="menuitem"  data-auid = "pasta-and-rice-meals-(hot-foods-for-pickup-after-12pm)">
	<a class="sub-nav-link" href="/Food/Deli-%26-Ready-Meals/Ready-Meals-%26-Sides/Pasta-%26-Rice-Meals-%28hot-foods-for-pickup-after-12PM%29/c/RCSS001002005003?navid=pasta-rice-meals-hot-foods-for-pickup-after-12pm" tabIndex="-1">
	        Pasta & Rice Meals (hot foods for pickup after 12PM)</a>
	</li><li data-level="3" class=""
	role="menuitem"  data-auid = "appetizers-and-sides-(hot-foods-for-pickup-after-12pm)">
	<a class="sub-nav-link" href="/Food/Deli-%26-Ready-Meals/Ready-Meals-%26-Sides/Appetizers-%26-Sides-%28hot-foods-for-pickup-after-12pm%29/c/RCSS001002005004?navid=appetizers-sides-hot-foods-for-pickup-after-12pm" tabIndex="-1">
	        Appetizers & Sides (hot foods for pickup after 12pm)</a>
	</li><li data-level="3" class=""
	role="menuitem"  data-auid = "salads">
	<a class="sub-nav-link" href="/Food/Deli-%26-Ready-Meals/Ready-Meals-%26-Sides/Salads/c/RCSS001002005010?navid=salads" tabIndex="-1">
	        Salads</a>
	</li><li data-level="3" class=""
	role="menuitem"  data-auid = "soups-and-stews">
	<a class="sub-nav-link" href="/Food/Deli-%26-Ready-Meals/Ready-Meals-%26-Sides/Soups-%26-Stews/c/RCSS001002005007?navid=soups-stews" tabIndex="-1">
	        Soups & Stews</a>
	</li><li data-level="3" class=""
	role="menuitem"  data-auid = "beef-and-pork-meals-(hot-foods-for-pickup-after-12pm)">
	<a class="sub-nav-link" href="/Food/Deli-%26-Ready-Meals/Ready-Meals-%26-Sides/Beef-%26-Pork-Meals-%28hot-foods-for-pickup-after-12PM%29/c/RCSS001002005002?navid=beef-pork-meals-hot-foods-for-pickup-after-12pm" tabIndex="-1">
	        Beef & Pork Meals (hot foods for pickup after 12PM)</a>
	</li><li data-level="3" class=""
	role="menuitem"  data-auid = "sandwiches-and-lunch-kits">
	<a class="sub-nav-link" href="/Food/Deli-%26-Ready-Meals/Ready-Meals-%26-Sides/Sandwiches-%26-Lunch-Kits/c/RCSS001002005011?navid=sandwiches-lunch-kits" tabIndex="-1">
	        Sandwiches & Lunch Kits</a>
	</li><li data-level="3" class=""
	role="menuitem"  data-auid = "sushi-and-bento">
	<a class="sub-nav-link" href="/Food/Deli-%26-Ready-Meals/Ready-Meals-%26-Sides/Sushi-%26-Bento/c/RCSS001002005012?navid=sushi-bento" tabIndex="-1">
	        Sushi & Bento</a>
	</li><li data-level="3" class=""
	role="menuitem"  data-auid = "breakfast">
	<a class="sub-nav-link" href="/Food/Deli-%26-Ready-Meals/Ready-Meals-%26-Sides/Breakfast/c/RCSS001002005008?navid=breakfast" tabIndex="-1">
	        Breakfast</a>
	</li><li data-level="3" class=""
	role="menuitem"  data-auid = "desserts-and-snacks">
	<a class="sub-nav-link" href="/Food/Deli-%26-Ready-Meals/Ready-Meals-%26-Sides/Desserts-%26-Snacks/c/RCSS001002005009?navid=desserts-snacks" tabIndex="-1">
	        Desserts & Snacks</a>
	</li><li class="last see-all" role="menuitem" data-level="3" data-auid = "ready-meals-and-sides">
			<a class="see-all-link" href="/Food/Deli-%26-Ready-Meals/Ready-Meals-%26-Sides/c/RCSS001002005000?navid=ready-meals-sides" tabIndex="-1" >
			    See all products</a>
		</li>
	</ul>

	</div></li><li data-level="2" class="more"
	role="menuitem"  data-auid = "fresh-pizza,-pasta-and-sauces">
	<a class="sub-nav-link" href="/Food/Deli-%26-Ready-Meals/Fresh-Pizza%2C-Pasta-%26-Sauces/c/RCSS001002006000?navid=fresh-pizza-pasta-sauces" tabIndex="-1">
	        Fresh Pizza, Pasta & Sauces<span class="more-indicator"></span>
		    </a>
	<div class="sub-nav-container sub-nav-level level-3">
	<ul class="sub-nav-links" aria-hidden="true">
		<li data-level="3" class=""
	role="menuitem"  data-auid = "fresh-pasta">
	<a class="sub-nav-link" href="/Food/Deli-%26-Ready-Meals/Fresh-Pizza%2C-Pasta-%26-Sauces/Fresh-Pasta/c/RCSS001002006001?navid=fresh-pasta" tabIndex="-1">
	        Fresh Pasta</a>
	</li><li data-level="3" class=""
	role="menuitem"  data-auid = "fresh-pizzas">
	<a class="sub-nav-link" href="/Food/Deli-%26-Ready-Meals/Fresh-Pizza%2C-Pasta-%26-Sauces/Fresh-Pizzas/c/RCSS001002006004?navid=fresh-pizzas" tabIndex="-1">
	        Fresh Pizzas</a>
	</li><li data-level="3" class=""
	role="menuitem"  data-auid = "fresh-pasta-sauces">
	<a class="sub-nav-link" href="/Food/Deli-%26-Ready-Meals/Fresh-Pizza%2C-Pasta-%26-Sauces/Fresh-Pasta-Sauces/c/RCSS001002006003?navid=fresh-pasta-sauces" tabIndex="-1">
	        Fresh Pasta Sauces</a>
	</li><li class="last see-all" role="menuitem" data-level="3" data-auid = "fresh-pizza,-pasta-and-sauces">
			<a class="see-all-link" href="/Food/Deli-%26-Ready-Meals/Fresh-Pizza%2C-Pasta-%26-Sauces/c/RCSS001002006000?navid=fresh-pizza-pasta-sauces" tabIndex="-1" >
			    See all products</a>
		</li>
	</ul>

	</div></li><li data-level="2" class=""
	role="menuitem"  data-auid = "party-trays">
	<a class="sub-nav-link" href="/Food/Deli-%26-Ready-Meals/Party-Trays/c/RCSS001002007000?navid=party-trays" tabIndex="-1">
	        Party Trays</a>
	</li><li data-level="2" class=""
	role="menuitem"  data-auid = "club-packs">
	<a class="sub-nav-link" href="/Food/Deli-%26-Ready-Meals/Club-Packs/c/RCSS001002008000?navid=club-packs" tabIndex="-1">
	        Club Packs</a>
	</li><li class="last see-all" role="menuitem" data-level="2" data-auid = "deli-and-ready-meals">
			<a class="see-all-link" href="/Food/Deli-%26-Ready-Meals/c/RCSS001002000000?navid=deli-ready-meals" tabIndex="-1" >
			    See all products</a>
		</li>
	</ul>

	<div class="wrapper-promo-ad root-promo active-promo">















<div class="partial-nav-ad-var-1-large container">
	<a href="/collections/PC%20Holiday%20Insiders/17197000000?icid=l2_holiday2018" class="promo-link" target="">

		<div class="background-image">









<script>
/*! Picturefill - Responsive Images that work today. (and mimic the proposed Picture element with span elements). Author: Scott Jehl, Filament Group, 2012 | License: MIT/GPLv2 */

(function( w ){

	// Enable strict mode
	"use strict";

	w.picturefill = function() {
		var ps = w.document.getElementsByTagName( "span" );

		// Loop the pictures
		for( var i = 0, il = ps.length; i < il; i++ ){
			if( ps[ i ].getAttribute( "data-picture" ) !== null ){

				var sources = ps[ i ].getElementsByTagName( "span" ),
					matches = [];

				// See if which sources match
				for( var j = 0, jl = sources.length; j < jl; j++ ){
					var media = sources[ j ].getAttribute( "data-media" );
					// if there's no media specified, OR w.matchMedia is supported
					if( !media || ( w.matchMedia && w.matchMedia( media ).matches ) ){
						matches.push( sources[ j ] );
					}
				}

				// Find any existing img element in the picture element
				var picImg = ps[ i ].getElementsByTagName( "img" )[ 0 ];

				if( matches.length ){
					var matchedEl = matches.pop();
					if( !picImg || picImg.parentNode.nodeName === "NOSCRIPT" ){
						picImg = w.document.createElement( "img" );
						var alt = ps[ i ].getAttribute( "data-alt" );
						if (alt !== null) {
							picImg.alt = alt;
						}
					}
					else if( matchedEl === picImg.parentNode ){
						// Skip further actions if the correct image is already in place
						continue;
					}

					picImg.src =  matchedEl.getAttribute( "data-src" );
					picImg.setAttribute("usemap", matchedEl.getAttribute("data-usemap"));
					matchedEl.appendChild( picImg );
					picImg.removeAttribute("width");
					picImg.removeAttribute("height");
				}
				else if( picImg ){
					picImg.parentNode.removeChild( picImg );
				}
			}
		}
	};

	// Run on resize and domready (w.load as a fallback)
	if( w.addEventListener ){
		w.addEventListener( "resize", w.picturefill, false );
		w.addEventListener( "DOMContentLoaded", function(){
			w.picturefill();
			// Run once only
			w.removeEventListener( "load", w.picturefill, false );
		}, false );
		w.addEventListener( "load", w.picturefill, false );
	}
	else if( w.attachEvent ){
		w.attachEvent( "onload", w.picturefill );
	}
}( this ));
</script>
<!-- Begin Template: ConfigurableContentAdaptiveImage -->

<span data-picture data-alt="" data-target="" data-usemap="" data-closest=".background-image" data-target-attribute="background-image" class="module-adaptive-image loading">
	<span class="sm" data-src="https://assets.shop.loblaws.ca/ContentMedia/rcss/marketing/2018/WK45/PC%20Insiders%20Holidays/L2/wk45_discount_l2_holidayinsiders_b3_en.png" data-usemap="-rim-sm"></span>
	<span class="sm" data-src="https://assets.shop.loblaws.ca/ContentMedia/rcss/marketing/2018/WK45/PC%20Insiders%20Holidays/L2/wk45_discount_l2_holidayinsiders_b3_en.png" data-usemap="-rim-sm-retina" data-media="(min-device-pixel-ratio: 2.0)"></span>
	<span class="md" data-src="https://assets.shop.loblaws.ca/ContentMedia/rcss/marketing/2018/WK45/PC%20Insiders%20Holidays/L2/wk45_discount_l2_holidayinsiders_b2_en.png" data-usemap="-rim-md" data-media="(min-width: 651px)"></span>
	<span class="md" data-src="https://assets.shop.loblaws.ca/ContentMedia/rcss/marketing/2018/WK45/PC%20Insiders%20Holidays/L2/wk45_discount_l2_holidayinsiders_b2_en.png" data-usemap="-rim-md-retina" data-media="(min-width: 651px) and (min-device-pixel-ratio: 2.0)"></span>
	<span class="lg" data-src="https://assets.shop.loblaws.ca/ContentMedia/rcss/marketing/2018/WK45/PC%20Insiders%20Holidays/L2/wk45_discount_l2_holidayinsiders_b1_en.png" data-usemap="-rim-lg" data-media="(min-width: 960px)"></span>
	<span class="lg" data-src="https://assets.shop.loblaws.ca/ContentMedia/rcss/marketing/2018/WK45/PC%20Insiders%20Holidays/L2/wk45_discount_l2_holidayinsiders_b1_en.png" data-usemap="-rim-lg-retina" data-media="(min-width: 960px) and (min-device-pixel-ratio: 2.0)"></span>

	<img src="https://assets.shop.loblaws.ca/ContentMedia/rcss/spacer.gif" alt="PC Insiders Collection Holiday Hits. Get Started" onError="this.onerror=null;this.src='https://assets.shop.loblaws.ca/ContentMedia/rcss/marketing/2018/WK45/PC%20Insiders%20Holidays/L2/wk45_discount_l2_holidayinsiders_b3_en.png';" />

	<!--[if (lt IE 9) & (!IEMobile)]>
		<img class="lg" src="https://assets.shop.loblaws.ca/ContentMedia/rcss/marketing/2018/WK45/PC%20Insiders%20Holidays/L2/wk45_discount_l2_holidayinsiders_b1_en.png" alt="" usemap="-rim-lg">
	<![endif]-->

</span>
<!-- End Template: ConfigurableContentAdaptiveImage -->
		</div>

		<div class="row">
			<div class="wrapper-nav-ad-var-1-large">
				<div class="promo-content-holder">
					<h3></h3>
					<p></p>

				</div>
			</div>
		</div>

	</a>
</div>
>
</div>
	</div></li><li data-level="1" class="more"
	role="menuitem"  data-auid = "bakery">
	<a class="sub-nav-link" href="/Food/Bakery/c/RCSS001003000000?navid=bakery" tabIndex="-1">
	        Bakery<span class="more-indicator"></span>
		    </a>
	<div class="sub-nav-container sub-nav-level level-2">
	<ul class="sub-nav-links" aria-hidden="true">
		<li data-level="2" class="more"
	role="menuitem"  data-auid = "fresh-breads">
	<a class="sub-nav-link" href="/Food/Bakery/Fresh-Breads/c/RCSS001003017000?navid=fresh-breads" tabIndex="-1">
	        Fresh Breads<span class="more-indicator"></span>
		    </a>
	<div class="sub-nav-container sub-nav-level level-3">
	<ul class="sub-nav-links" aria-hidden="true">
		<li data-level="3" class=""
	role="menuitem"  data-auid = "artisan-breads">
	<a class="sub-nav-link" href="/Food/Bakery/Fresh-Breads/Artisan-Breads/c/RCSS001003017001?navid=artisan-breads" tabIndex="-1">
	        Artisan Breads</a>
	</li><li data-level="3" class=""
	role="menuitem"  data-auid = "crusty-breads">
	<a class="sub-nav-link" href="/Food/Bakery/Fresh-Breads/Crusty-Breads/c/RCSS001003017003?navid=crusty-breads" tabIndex="-1">
	        Crusty Breads</a>
	</li><li data-level="3" class=""
	role="menuitem"  data-auid = "baguettes">
	<a class="sub-nav-link" href="/Food/Bakery/Fresh-Breads/Baguettes/c/RCSS001003017002?navid=baguettes" tabIndex="-1">
	        Baguettes</a>
	</li><li data-level="3" class=""
	role="menuitem"  data-auid = "specialty">
	<a class="sub-nav-link" href="/Food/Bakery/Fresh-Breads/Specialty/c/RCSS001003017007?navid=specialty" tabIndex="-1">
	        Specialty</a>
	</li><li data-level="3" class=""
	role="menuitem"  data-auid = "frozen">
	<a class="sub-nav-link" href="/Food/Bakery/Fresh-Breads/Frozen/c/RCSS001003017009?navid=frozen" tabIndex="-1">
	        Frozen</a>
	</li><li data-level="3" class=""
	role="menuitem"  data-auid = "dried-and-crispy">
	<a class="sub-nav-link" href="/Food/Bakery/Fresh-Breads/Dried-%26-Crispy/c/RCSS001003017004?navid=dried-crispy" tabIndex="-1">
	        Dried & Crispy</a>
	</li><li class="last see-all" role="menuitem" data-level="3" data-auid = "fresh-breads">
			<a class="see-all-link" href="/Food/Bakery/Fresh-Breads/c/RCSS001003017000?navid=fresh-breads" tabIndex="-1" >
			    See all products</a>
		</li>
	</ul>

	</div></li><li data-level="2" class="more"
	role="menuitem"  data-auid = "fresh-rolls">
	<a class="sub-nav-link" href="/Food/Bakery/Fresh-Rolls/c/RCSS001003018000?navid=fresh-rolls" tabIndex="-1">
	        Fresh Rolls<span class="more-indicator"></span>
		    </a>
	<div class="sub-nav-container sub-nav-level level-3">
	<ul class="sub-nav-links" aria-hidden="true">
		<li data-level="3" class=""
	role="menuitem"  data-auid = "savory-and-sweet">
	<a class="sub-nav-link" href="/Food/Bakery/Fresh-Rolls/Savory-%26-Sweet/c/RCSS001003018006?navid=savory-sweet" tabIndex="-1">
	        Savory & Sweet</a>
	</li><li data-level="3" class=""
	role="menuitem"  data-auid = "sandwich-rolls">
	<a class="sub-nav-link" href="/Food/Bakery/Fresh-Rolls/Sandwich-Rolls/c/RCSS001003018005?navid=sandwich-rolls" tabIndex="-1">
	        Sandwich Rolls</a>
	</li><li data-level="3" class=""
	role="menuitem"  data-auid = "hot-dog-and-hamburger-buns">
	<a class="sub-nav-link" href="/Food/Bakery/Fresh-Rolls/Hot-Dog-%26-Hamburger-Buns/c/RCSS001003018004?navid=hot-dog-hamburger-buns" tabIndex="-1">
	        Hot Dog & Hamburger Buns</a>
	</li><li data-level="3" class=""
	role="menuitem"  data-auid = "dinner-rolls">
	<a class="sub-nav-link" href="/Food/Bakery/Fresh-Rolls/Dinner-Rolls/c/RCSS001003018003?navid=dinner-rolls" tabIndex="-1">
	        Dinner Rolls</a>
	</li><li data-level="3" class=""
	role="menuitem"  data-auid = "croissants">
	<a class="sub-nav-link" href="/Food/Bakery/Fresh-Rolls/Croissants/c/RCSS001003018002?navid=croissants" tabIndex="-1">
	        Croissants</a>
	</li><li data-level="3" class=""
	role="menuitem"  data-auid = "bagels">
	<a class="sub-nav-link" href="/Food/Bakery/Fresh-Rolls/Bagels/c/RCSS001003018001?navid=bagels" tabIndex="-1">
	        Bagels</a>
	</li><li class="last see-all" role="menuitem" data-level="3" data-auid = "fresh-rolls">
			<a class="see-all-link" href="/Food/Bakery/Fresh-Rolls/c/RCSS001003018000?navid=fresh-rolls" tabIndex="-1" >
			    See all products</a>
		</li>
	</ul>

	</div></li><li data-level="2" class="more"
	role="menuitem"  data-auid = "cakes">
	<a class="sub-nav-link" href="/Food/Bakery/Cakes/c/RCSS001003012000?navid=cakes" tabIndex="-1">
	        Cakes<span class="more-indicator"></span>
		    </a>
	<div class="sub-nav-container sub-nav-level level-3">
	<ul class="sub-nav-links" aria-hidden="true">
		<li data-level="3" class=""
	role="menuitem"  data-auid = "cupcakes">
	<a class="sub-nav-link" href="/Food/Bakery/Cakes/Cupcakes/c/RCSS001003012002?navid=cupcakes" tabIndex="-1">
	        Cupcakes</a>
	</li><li data-level="3" class=""
	role="menuitem"  data-auid = "occasion-cakes">
	<a class="sub-nav-link" href="/Food/Bakery/Cakes/Occasion-Cakes/c/RCSS001003012004?navid=occasion-cakes" tabIndex="-1">
	        Occasion Cakes</a>
	</li><li data-level="3" class=""
	role="menuitem"  data-auid = "fruit-cakes">
	<a class="sub-nav-link" href="/Food/Bakery/Cakes/Fruit-Cakes/c/RCSS001003012003?navid=fruit-cakes" tabIndex="-1">
	        Fruit Cakes</a>
	</li><li data-level="3" class=""
	role="menuitem"  data-auid = "angel-cakes">
	<a class="sub-nav-link" href="/Food/Bakery/Cakes/Angel-Cakes/c/RCSS001003012007?navid=angel-cakes" tabIndex="-1">
	        Angel Cakes</a>
	</li><li data-level="3" class=""
	role="menuitem"  data-auid = "snack-cakes">
	<a class="sub-nav-link" href="/Food/Bakery/Cakes/Snack-Cakes/c/RCSS001003012006?navid=snack-cakes" tabIndex="-1">
	        Snack Cakes</a>
	</li><li data-level="3" class=""
	role="menuitem"  data-auid = "frozen">
	<a class="sub-nav-link" href="/Food/Bakery/Cakes/Frozen/c/RCSS001003012008?navid=frozen" tabIndex="-1">
	        Frozen</a>
	</li><li class="last see-all" role="menuitem" data-level="3" data-auid = "cakes">
			<a class="see-all-link" href="/Food/Bakery/Cakes/c/RCSS001003012000?navid=cakes" tabIndex="-1" >
			    See all products</a>
		</li>
	</ul>

	</div></li><li data-level="2" class="more"
	role="menuitem"  data-auid = "sweets">
	<a class="sub-nav-link" href="/Food/Bakery/Sweets/c/RCSS001003013000?navid=sweets" tabIndex="-1">
	        Sweets<span class="more-indicator"></span>
		    </a>
	<div class="sub-nav-container sub-nav-level level-3">
	<ul class="sub-nav-links" aria-hidden="true">
		<li data-level="3" class=""
	role="menuitem"  data-auid = "brownies-and-gingerbread">
	<a class="sub-nav-link" href="/Food/Bakery/Sweets/Brownies-%26-Gingerbread/c/RCSS001003013001?navid=brownies-gingerbread" tabIndex="-1">
	        Brownies & Gingerbread</a>
	</li><li data-level="3" class=""
	role="menuitem"  data-auid = "cookies">
	<a class="sub-nav-link" href="/Food/Bakery/Sweets/Cookies/c/RCSS001003013002?navid=cookies" tabIndex="-1">
	        Cookies</a>
	</li><li data-level="3" class=""
	role="menuitem"  data-auid = "donuts">
	<a class="sub-nav-link" href="/Food/Bakery/Sweets/Donuts/c/RCSS001003013003?navid=donuts" tabIndex="-1">
	        Donuts</a>
	</li><li data-level="3" class=""
	role="menuitem"  data-auid = "pies">
	<a class="sub-nav-link" href="/Food/Bakery/Sweets/Pies/c/RCSS001003013005?navid=pies" tabIndex="-1">
	        Pies</a>
	</li><li data-level="3" class=""
	role="menuitem"  data-auid = "pastries">
	<a class="sub-nav-link" href="/Food/Bakery/Sweets/Pastries/c/RCSS001003013004?navid=pastries" tabIndex="-1">
	        Pastries</a>
	</li><li data-level="3" class=""
	role="menuitem"  data-auid = "muffin">
	<a class="sub-nav-link" href="/Food/Bakery/Sweets/Muffin/c/RCSS001003013006?navid=muffin" tabIndex="-1">
	        Muffin</a>
	</li><li data-level="3" class=""
	role="menuitem"  data-auid = "frozen">
	<a class="sub-nav-link" href="/Food/Bakery/Sweets/Frozen/c/RCSS001003013009?navid=frozen" tabIndex="-1">
	        Frozen</a>
	</li><li data-level="3" class=""
	role="menuitem"  data-auid = "tarts-and-squares">
	<a class="sub-nav-link" href="/Food/Bakery/Sweets/Tarts-%26-Squares/c/RCSS001003013007?navid=tarts-squares" tabIndex="-1">
	        Tarts & Squares</a>
	</li><li data-level="3" class=""
	role="menuitem"  data-auid = "packaged-sweets">
	<a class="sub-nav-link" href="/Food/Bakery/Sweets/Packaged-Sweets/c/RCSS001003013010?navid=packaged-sweets" tabIndex="-1">
	        Packaged Sweets</a>
	</li><li class="last see-all" role="menuitem" data-level="3" data-auid = "sweets">
			<a class="see-all-link" href="/Food/Bakery/Sweets/c/RCSS001003013000?navid=sweets" tabIndex="-1" >
			    See all products</a>
		</li>
	</ul>

	</div></li><li data-level="2" class="more"
	role="menuitem"  data-auid = "packaged-breads">
	<a class="sub-nav-link" href="/Food/Bakery/Packaged-Breads/c/RCSS001003014000?navid=packaged-breads" tabIndex="-1">
	        Packaged Breads<span class="more-indicator"></span>
		    </a>
	<div class="sub-nav-container sub-nav-level level-3">
	<ul class="sub-nav-links" aria-hidden="true">
		<li data-level="3" class=""
	role="menuitem"  data-auid = "tortilla-and-wrap">
	<a class="sub-nav-link" href="/Food/Bakery/Packaged-Breads/Tortilla-%26-Wrap/c/RCSS001003014002?navid=tortilla-wrap" tabIndex="-1">
	        Tortilla & Wrap</a>
	</li><li data-level="3" class=""
	role="menuitem"  data-auid = "pita">
	<a class="sub-nav-link" href="/Food/Bakery/Packaged-Breads/Pita/c/RCSS001003014001?navid=pita" tabIndex="-1">
	        Pita</a>
	</li><li data-level="3" class=""
	role="menuitem"  data-auid = "dietary">
	<a class="sub-nav-link" href="/Food/Bakery/Packaged-Breads/Dietary/c/RCSS001003014003?navid=dietary" tabIndex="-1">
	        Dietary</a>
	</li><li data-level="3" class=""
	role="menuitem"  data-auid = "specialty">
	<a class="sub-nav-link" href="/Food/Bakery/Packaged-Breads/Specialty/c/RCSS001003014006?navid=specialty" tabIndex="-1">
	        Specialty</a>
	</li><li data-level="3" class=""
	role="menuitem"  data-auid = "white-and-wheat">
	<a class="sub-nav-link" href="/Food/Bakery/Packaged-Breads/White-%26-Wheat/c/RCSS001003014007?navid=white-wheat" tabIndex="-1">
	        White & Wheat</a>
	</li><li data-level="3" class=""
	role="menuitem"  data-auid = "rye-and-pumpernickel">
	<a class="sub-nav-link" href="/Food/Bakery/Packaged-Breads/Rye-%26-Pumpernickel/c/RCSS001003014005?navid=rye-pumpernickel" tabIndex="-1">
	        Rye & Pumpernickel</a>
	</li><li class="last see-all" role="menuitem" data-level="3" data-auid = "packaged-breads">
			<a class="see-all-link" href="/Food/Bakery/Packaged-Breads/c/RCSS001003014000?navid=packaged-breads" tabIndex="-1" >
			    See all products</a>
		</li>
	</ul>

	</div></li><li data-level="2" class="more"
	role="menuitem"  data-auid = "packaged-rolls">
	<a class="sub-nav-link" href="/Food/Bakery/Packaged-Rolls/c/RCSS001003015000?navid=packaged-rolls" tabIndex="-1">
	        Packaged Rolls<span class="more-indicator"></span>
		    </a>
	<div class="sub-nav-container sub-nav-level level-3">
	<ul class="sub-nav-links" aria-hidden="true">
		<li data-level="3" class=""
	role="menuitem"  data-auid = "crumpets,-waffles-and-scones">
	<a class="sub-nav-link" href="/Food/Bakery/Packaged-Rolls/Crumpets%2C-Waffles-%26-Scones/c/RCSS001003015003?navid=crumpets-waffles-scones" tabIndex="-1">
	        Crumpets, Waffles & Scones</a>
	</li><li data-level="3" class=""
	role="menuitem"  data-auid = "hot-dog,-hamburger-and-sandwich-rolls">
	<a class="sub-nav-link" href="/Food/Bakery/Packaged-Rolls/Hot-Dog%2C-Hamburger-%26-Sandwich-Rolls/c/RCSS001003015006?navid=hot-dog-hamburger-sandwich-rolls" tabIndex="-1">
	        Hot Dog, Hamburger & Sandwich Rolls</a>
	</li><li data-level="3" class=""
	role="menuitem"  data-auid = "bagels">
	<a class="sub-nav-link" href="/Food/Bakery/Packaged-Rolls/Bagels/c/RCSS001003015001?navid=bagels" tabIndex="-1">
	        Bagels</a>
	</li><li class="last see-all" role="menuitem" data-level="3" data-auid = "packaged-rolls">
			<a class="see-all-link" href="/Food/Bakery/Packaged-Rolls/c/RCSS001003015000?navid=packaged-rolls" tabIndex="-1" >
			    See all products</a>
		</li>
	</ul>

	</div></li><li data-level="2" class="more"
	role="menuitem"  data-auid = "pizza-crusts-and-crumbs">
	<a class="sub-nav-link" href="/Food/Bakery/Pizza-Crusts-%26-Crumbs/c/RCSS001003016000?navid=pizza-crusts-crumbs" tabIndex="-1">
	        Pizza Crusts & Crumbs<span class="more-indicator"></span>
		    </a>
	<div class="sub-nav-container sub-nav-level level-3">
	<ul class="sub-nav-links" aria-hidden="true">
		<li data-level="3" class=""
	role="menuitem"  data-auid = "pizza-shells-and-dough">
	<a class="sub-nav-link" href="/Food/Bakery/Pizza-Crusts-%26-Crumbs/Pizza-Shells-%26-Dough/c/RCSS001003016001?navid=pizza-shells-dough" tabIndex="-1">
	        Pizza Shells & Dough</a>
	</li><li data-level="3" class=""
	role="menuitem"  data-auid = "bread-crumbs">
	<a class="sub-nav-link" href="/Food/Bakery/Pizza-Crusts-%26-Crumbs/Bread-Crumbs/c/RCSS001003016002?navid=bread-crumbs" tabIndex="-1">
	        Bread Crumbs</a>
	</li><li class="last see-all" role="menuitem" data-level="3" data-auid = "pizza-crusts-and-crumbs">
			<a class="see-all-link" href="/Food/Bakery/Pizza-Crusts-%26-Crumbs/c/RCSS001003016000?navid=pizza-crusts-crumbs" tabIndex="-1" >
			    See all products</a>
		</li>
	</ul>

	</div></li><li data-level="2" class="more"
	role="menuitem"  data-auid = "everyday-deals">
	<a class="sub-nav-link" href="/Food/Bakery/Everyday-Deals/c/RCSS001003011000?navid=everyday-deals" tabIndex="-1">
	        Everyday Deals<span class="more-indicator"></span>
		    </a>
	<div class="sub-nav-container sub-nav-level level-3">
	<ul class="sub-nav-links" aria-hidden="true">
		<li data-level="3" class=""
	role="menuitem"  data-auid = "everyday-low-price">
	<a class="sub-nav-link" href="/Food/Bakery/Everyday-Deals/Everyday-Low-Price/c/RCSS001003011001?navid=everyday-low-price" tabIndex="-1">
	        Everyday Low Price</a>
	</li><li data-level="3" class=""
	role="menuitem"  data-auid = "mix-and-match">
	<a class="sub-nav-link" href="/Food/Bakery/Everyday-Deals/Mix-%26-Match/c/RCSS001003011002?navid=mix-match" tabIndex="-1">
	        Mix & Match</a>
	</li><li class="last see-all" role="menuitem" data-level="3" data-auid = "everyday-deals">
			<a class="see-all-link" href="/Food/Bakery/Everyday-Deals/c/RCSS001003011000?navid=everyday-deals" tabIndex="-1" >
			    See all products</a>
		</li>
	</ul>

	</div></li><li class="last see-all" role="menuitem" data-level="2" data-auid = "bakery">
			<a class="see-all-link" href="/Food/Bakery/c/RCSS001003000000?navid=bakery" tabIndex="-1" >
			    See all products</a>
		</li>
	</ul>

	<div class="wrapper-promo-ad root-promo active-promo">















<div class="partial-nav-ad-var-1-large container">
	<a href="/collections/General%20Mills%20Betty%20Crocker/017424000000?icid=l2_betty_crocker" class="promo-link" target="">

		<div class="background-image">









<script>
/*! Picturefill - Responsive Images that work today. (and mimic the proposed Picture element with span elements). Author: Scott Jehl, Filament Group, 2012 | License: MIT/GPLv2 */

(function( w ){

	// Enable strict mode
	"use strict";

	w.picturefill = function() {
		var ps = w.document.getElementsByTagName( "span" );

		// Loop the pictures
		for( var i = 0, il = ps.length; i < il; i++ ){
			if( ps[ i ].getAttribute( "data-picture" ) !== null ){

				var sources = ps[ i ].getElementsByTagName( "span" ),
					matches = [];

				// See if which sources match
				for( var j = 0, jl = sources.length; j < jl; j++ ){
					var media = sources[ j ].getAttribute( "data-media" );
					// if there's no media specified, OR w.matchMedia is supported
					if( !media || ( w.matchMedia && w.matchMedia( media ).matches ) ){
						matches.push( sources[ j ] );
					}
				}

				// Find any existing img element in the picture element
				var picImg = ps[ i ].getElementsByTagName( "img" )[ 0 ];

				if( matches.length ){
					var matchedEl = matches.pop();
					if( !picImg || picImg.parentNode.nodeName === "NOSCRIPT" ){
						picImg = w.document.createElement( "img" );
						var alt = ps[ i ].getAttribute( "data-alt" );
						if (alt !== null) {
							picImg.alt = alt;
						}
					}
					else if( matchedEl === picImg.parentNode ){
						// Skip further actions if the correct image is already in place
						continue;
					}

					picImg.src =  matchedEl.getAttribute( "data-src" );
					picImg.setAttribute("usemap", matchedEl.getAttribute("data-usemap"));
					matchedEl.appendChild( picImg );
					picImg.removeAttribute("width");
					picImg.removeAttribute("height");
				}
				else if( picImg ){
					picImg.parentNode.removeChild( picImg );
				}
			}
		}
	};

	// Run on resize and domready (w.load as a fallback)
	if( w.addEventListener ){
		w.addEventListener( "resize", w.picturefill, false );
		w.addEventListener( "DOMContentLoaded", function(){
			w.picturefill();
			// Run once only
			w.removeEventListener( "load", w.picturefill, false );
		}, false );
		w.addEventListener( "load", w.picturefill, false );
	}
	else if( w.attachEvent ){
		w.attachEvent( "onload", w.picturefill );
	}
}( this ));
</script>
<!-- Begin Template: ConfigurableContentAdaptiveImage -->

<span data-picture data-alt="" data-target="" data-usemap="" data-closest=".background-image" data-target-attribute="background-image" class="module-adaptive-image loading">
	<span class="sm" data-src="https://assets.shop.loblaws.ca/ContentMedia/rcss/marketing/2018/WK47/General%20Mills%20-%20Betty%20Crocker/L2/WK46_discount_bakedathome_L2_b3_en.jpg" data-usemap="-rim-sm"></span>
	<span class="sm" data-src="https://assets.shop.loblaws.ca/ContentMedia/rcss/marketing/2018/WK47/General%20Mills%20-%20Betty%20Crocker/L2/WK46_discount_bakedathome_L2_b3_en.jpg" data-usemap="-rim-sm-retina" data-media="(min-device-pixel-ratio: 2.0)"></span>
	<span class="md" data-src="https://assets.shop.loblaws.ca/ContentMedia/rcss/marketing/2018/WK47/General%20Mills%20-%20Betty%20Crocker/L2/WK46_discount_bakedathome_L2_b2_en.jpg" data-usemap="-rim-md" data-media="(min-width: 651px)"></span>
	<span class="md" data-src="https://assets.shop.loblaws.ca/ContentMedia/rcss/marketing/2018/WK47/General%20Mills%20-%20Betty%20Crocker/L2/WK46_discount_bakedathome_L2_b2_en.jpg" data-usemap="-rim-md-retina" data-media="(min-width: 651px) and (min-device-pixel-ratio: 2.0)"></span>
	<span class="lg" data-src="https://assets.shop.loblaws.ca/ContentMedia/rcss/marketing/2018/WK47/General%20Mills%20-%20Betty%20Crocker/L2/WK46_discount_bakedathome_L2_b1_en.jpg" data-usemap="-rim-lg" data-media="(min-width: 960px)"></span>
	<span class="lg" data-src="https://assets.shop.loblaws.ca/ContentMedia/rcss/marketing/2018/WK47/General%20Mills%20-%20Betty%20Crocker/L2/WK46_discount_bakedathome_L2_b1_en.jpg" data-usemap="-rim-lg-retina" data-media="(min-width: 960px) and (min-device-pixel-ratio: 2.0)"></span>

	<img src="https://assets.shop.loblaws.ca/ContentMedia/rcss/spacer.gif" alt="Betty Crocker" onError="this.onerror=null;this.src='https://assets.shop.loblaws.ca/ContentMedia/rcss/marketing/2018/WK47/General%20Mills%20-%20Betty%20Crocker/L2/WK46_discount_bakedathome_L2_b3_en.jpg';" />

	<!--[if (lt IE 9) & (!IEMobile)]>
		<img class="lg" src="https://assets.shop.loblaws.ca/ContentMedia/rcss/marketing/2018/WK47/General%20Mills%20-%20Betty%20Crocker/L2/WK46_discount_bakedathome_L2_b1_en.jpg" alt="" usemap="-rim-lg">
	<![endif]-->

</span>
<!-- End Template: ConfigurableContentAdaptiveImage -->
		</div>

		<div class="row">
			<div class="wrapper-nav-ad-var-1-large">
				<div class="promo-content-holder">
					<h3></h3>
					<p></p>

				</div>
			</div>
		</div>

	</a>
</div>
>
</div>
	</div></li><li data-level="1" class="more"
	role="menuitem"  data-auid = "meat-and-seafood">
	<a class="sub-nav-link" href="/Food/Meat-%26-Seafood/c/RCSS001004000000?navid=meat-seafood" tabIndex="-1">
	        Meat & Seafood<span class="more-indicator"></span>
		    </a>
	<div class="sub-nav-container sub-nav-level level-2">
	<ul class="sub-nav-links" aria-hidden="true">
		<li data-level="2" class=""
	role="menuitem"  data-auid = "club-packs">
	<a class="sub-nav-link" href="/Food/Meat-%26-Seafood/Club-Packs/c/RCSS001004016000?navid=club-packs" tabIndex="-1">
	        Club Packs</a>
	</li><li data-level="2" class="more"
	role="menuitem"  data-auid = "beef-and-veal">
	<a class="sub-nav-link" href="/Food/Meat-%26-Seafood/Beef-%26-Veal/c/RCSS001004001000?navid=beef-veal" tabIndex="-1">
	        Beef & Veal<span class="more-indicator"></span>
		    </a>
	<div class="sub-nav-container sub-nav-level level-3">
	<ul class="sub-nav-links" aria-hidden="true">
		<li data-level="3" class=""
	role="menuitem"  data-auid = "steak-cuts">
	<a class="sub-nav-link" href="/Food/Meat-%26-Seafood/Beef-%26-Veal/Steak-Cuts/c/RCSS001004001002?navid=steak-cuts" tabIndex="-1">
	        Steak Cuts</a>
	</li><li data-level="3" class=""
	role="menuitem"  data-auid = "roasts-and-ribs">
	<a class="sub-nav-link" href="/Food/Meat-%26-Seafood/Beef-%26-Veal/Roasts-%26-Ribs/c/RCSS001004001003?navid=roasts-ribs" tabIndex="-1">
	        Roasts & Ribs</a>
	</li><li data-level="3" class=""
	role="menuitem"  data-auid = "stew,-cubes-and-strips">
	<a class="sub-nav-link" href="/Food/Meat-%26-Seafood/Beef-%26-Veal/Stew%2C-Cubes-%26-Strips/c/RCSS001004001004?navid=stew-cubes-strips" tabIndex="-1">
	        Stew, Cubes & Strips</a>
	</li><li data-level="3" class=""
	role="menuitem"  data-auid = "veal-cuts">
	<a class="sub-nav-link" href="/Food/Meat-%26-Seafood/Beef-%26-Veal/Veal-Cuts/c/RCSS001004001008?navid=veal-cuts" tabIndex="-1">
	        Veal Cuts</a>
	</li><li data-level="3" class=""
	role="menuitem"  data-auid = "ground-beef-and-burgers">
	<a class="sub-nav-link" href="/Food/Meat-%26-Seafood/Beef-%26-Veal/Ground-Beef-%26-Burgers/c/RCSS001004001001?navid=ground-beef-burgers" tabIndex="-1">
	        Ground Beef & Burgers</a>
	</li><li data-level="3" class=""
	role="menuitem"  data-auid = "offal-and-other-cuts">
	<a class="sub-nav-link" href="/Food/Meat-%26-Seafood/Beef-%26-Veal/Offal-%26-Other-Cuts/c/RCSS001004001005?navid=offal-other-cuts" tabIndex="-1">
	        Offal & Other Cuts</a>
	</li><li class="last see-all" role="menuitem" data-level="3" data-auid = "beef-and-veal">
			<a class="see-all-link" href="/Food/Meat-%26-Seafood/Beef-%26-Veal/c/RCSS001004001000?navid=beef-veal" tabIndex="-1" >
			    See all products</a>
		</li>
	</ul>

	</div></li><li data-level="2" class="more"
	role="menuitem"  data-auid = "chicken-and-turkey">
	<a class="sub-nav-link" href="/Food/Meat-%26-Seafood/Chicken-%26-Turkey/c/RCSS001004002000?navid=chicken-turkey" tabIndex="-1">
	        Chicken & Turkey<span class="more-indicator"></span>
		    </a>
	<div class="sub-nav-container sub-nav-level level-3">
	<ul class="sub-nav-links" aria-hidden="true">
		<li data-level="3" class=""
	role="menuitem"  data-auid = "breasts">
	<a class="sub-nav-link" href="/Food/Meat-%26-Seafood/Chicken-%26-Turkey/Breasts/c/RCSS001004002001?navid=breasts" tabIndex="-1">
	        Breasts</a>
	</li><li data-level="3" class=""
	role="menuitem"  data-auid = "ground-and-offal">
	<a class="sub-nav-link" href="/Food/Meat-%26-Seafood/Chicken-%26-Turkey/Ground-and-Offal/c/RCSS001004002004?navid=ground-and-offal" tabIndex="-1">
	        Ground and Offal</a>
	</li><li data-level="3" class=""
	role="menuitem"  data-auid = "strips,-cubes-and-bacon">
	<a class="sub-nav-link" href="/Food/Meat-%26-Seafood/Chicken-%26-Turkey/Strips%2C-Cubes-%26-Bacon/c/RCSS001004002007?navid=strips-cubes-bacon" tabIndex="-1">
	        Strips, Cubes & Bacon</a>
	</li><li data-level="3" class=""
	role="menuitem"  data-auid = "whole-and-halved">
	<a class="sub-nav-link" href="/Food/Meat-%26-Seafood/Chicken-%26-Turkey/Whole-%26-Halved/c/RCSS001004002003?navid=whole-halved" tabIndex="-1">
	        Whole & Halved</a>
	</li><li data-level="3" class=""
	role="menuitem"  data-auid = "drumsticks-and-wings">
	<a class="sub-nav-link" href="/Food/Meat-%26-Seafood/Chicken-%26-Turkey/Drumsticks-%26-Wings/c/RCSS001004002005?navid=drumsticks-wings" tabIndex="-1">
	        Drumsticks & Wings</a>
	</li><li data-level="3" class=""
	role="menuitem"  data-auid = "thighs-and-legs">
	<a class="sub-nav-link" href="/Food/Meat-%26-Seafood/Chicken-%26-Turkey/Thighs-%26-Legs/c/RCSS001004002002?navid=thighs-legs" tabIndex="-1">
	        Thighs & Legs</a>
	</li><li class="last see-all" role="menuitem" data-level="3" data-auid = "chicken-and-turkey">
			<a class="see-all-link" href="/Food/Meat-%26-Seafood/Chicken-%26-Turkey/c/RCSS001004002000?navid=chicken-turkey" tabIndex="-1" >
			    See all products</a>
		</li>
	</ul>

	</div></li><li data-level="2" class="more"
	role="menuitem"  data-auid = "pork">
	<a class="sub-nav-link" href="/Food/Meat-%26-Seafood/Pork/c/RCSS001004003000?navid=pork" tabIndex="-1">
	        Pork<span class="more-indicator"></span>
		    </a>
	<div class="sub-nav-container sub-nav-level level-3">
	<ul class="sub-nav-links" aria-hidden="true">
		<li data-level="3" class=""
	role="menuitem"  data-auid = "ham">
	<a class="sub-nav-link" href="/Food/Meat-%26-Seafood/Pork/Ham/c/RCSS001004003001?navid=ham" tabIndex="-1">
	        Ham</a>
	</li><li data-level="3" class=""
	role="menuitem"  data-auid = "ground-pork">
	<a class="sub-nav-link" href="/Food/Meat-%26-Seafood/Pork/Ground-Pork/c/RCSS001004003006?navid=ground-pork" tabIndex="-1">
	        Ground Pork</a>
	</li><li data-level="3" class=""
	role="menuitem"  data-auid = "chops-and-steaks">
	<a class="sub-nav-link" href="/Food/Meat-%26-Seafood/Pork/Chops-%26-Steaks/c/RCSS001004003004?navid=chops-steaks" tabIndex="-1">
	        Chops & Steaks</a>
	</li><li data-level="3" class=""
	role="menuitem"  data-auid = "bacon">
	<a class="sub-nav-link" href="/Food/Meat-%26-Seafood/Pork/Bacon/c/RCSS001004003007?navid=bacon" tabIndex="-1">
	        Bacon</a>
	</li><li data-level="3" class=""
	role="menuitem"  data-auid = "ribs-and-roasts">
	<a class="sub-nav-link" href="/Food/Meat-%26-Seafood/Pork/Ribs-%26-Roasts/c/RCSS001004003002?navid=ribs-roasts" tabIndex="-1">
	        Ribs & Roasts</a>
	</li><li data-level="3" class=""
	role="menuitem"  data-auid = "tenderloin">
	<a class="sub-nav-link" href="/Food/Meat-%26-Seafood/Pork/Tenderloin/c/RCSS001004003003?navid=tenderloin" tabIndex="-1">
	        Tenderloin</a>
	</li><li data-level="3" class=""
	role="menuitem"  data-auid = "offal">
	<a class="sub-nav-link" href="/Food/Meat-%26-Seafood/Pork/Offal/c/RCSS001004003005?navid=offal" tabIndex="-1">
	        Offal</a>
	</li><li class="last see-all" role="menuitem" data-level="3" data-auid = "pork">
			<a class="see-all-link" href="/Food/Meat-%26-Seafood/Pork/c/RCSS001004003000?navid=pork" tabIndex="-1" >
			    See all products</a>
		</li>
	</ul>

	</div></li><li data-level="2" class="more"
	role="menuitem"  data-auid = "lamb-and-goat">
	<a class="sub-nav-link" href="/Food/Meat-%26-Seafood/Lamb-%26-Goat/c/RCSS001004004000?navid=lamb-goat" tabIndex="-1">
	        Lamb & Goat<span class="more-indicator"></span>
		    </a>
	<div class="sub-nav-container sub-nav-level level-3">
	<ul class="sub-nav-links" aria-hidden="true">
		<li data-level="3" class=""
	role="menuitem"  data-auid = "ground-and-offal">
	<a class="sub-nav-link" href="/Food/Meat-%26-Seafood/Lamb-%26-Goat/Ground-and-Offal/c/RCSS001004004001?navid=ground-and-offal" tabIndex="-1">
	        Ground and Offal</a>
	</li><li data-level="3" class=""
	role="menuitem"  data-auid = "roasts-and-ribs">
	<a class="sub-nav-link" href="/Food/Meat-%26-Seafood/Lamb-%26-Goat/Roasts-%26-Ribs/c/RCSS001004004002?navid=roasts-ribs" tabIndex="-1">
	        Roasts & Ribs</a>
	</li><li data-level="3" class=""
	role="menuitem"  data-auid = "steaks-and-loins">
	<a class="sub-nav-link" href="/Food/Meat-%26-Seafood/Lamb-%26-Goat/Steaks-%26-Loins/c/RCSS001004004003?navid=steaks-loins" tabIndex="-1">
	        Steaks & Loins</a>
	</li><li data-level="3" class=""
	role="menuitem"  data-auid = "stew-chops">
	<a class="sub-nav-link" href="/Food/Meat-%26-Seafood/Lamb-%26-Goat/Stew-Chops/c/RCSS001004004004?navid=stew-chops" tabIndex="-1">
	        Stew Chops</a>
	</li><li class="last see-all" role="menuitem" data-level="3" data-auid = "lamb-and-goat">
			<a class="see-all-link" href="/Food/Meat-%26-Seafood/Lamb-%26-Goat/c/RCSS001004004000?navid=lamb-goat" tabIndex="-1" >
			    See all products</a>
		</li>
	</ul>

	</div></li><li data-level="2" class=""
	role="menuitem"  data-auid = "free-from-meats">
	<a class="sub-nav-link" href="/Food/Meat-%26-Seafood/Free-From-Meats/c/RCSS001004005000?navid=free-from-meats" tabIndex="-1">
	        Free From Meats</a>
	</li><li data-level="2" class="more"
	role="menuitem"  data-auid = "frozen-meat">
	<a class="sub-nav-link" href="/Food/Meat-%26-Seafood/Frozen-Meat/c/RCSS001004015000?navid=frozen-meat" tabIndex="-1">
	        Frozen Meat<span class="more-indicator"></span>
		    </a>
	<div class="sub-nav-container sub-nav-level level-3">
	<ul class="sub-nav-links" aria-hidden="true">
		<li data-level="3" class=""
	role="menuitem"  data-auid = "chicken-breasts">
	<a class="sub-nav-link" href="/Food/Meat-%26-Seafood/Frozen-Meat/Chicken-Breasts/c/RCSS001004015002?navid=chicken-breasts" tabIndex="-1">
	        Chicken Breasts</a>
	</li><li data-level="3" class=""
	role="menuitem"  data-auid = "chicken-strips,-nuggets-and-more">
	<a class="sub-nav-link" href="/Food/Meat-%26-Seafood/Frozen-Meat/Chicken-Strips%2C-Nuggets-%26-More/c/RCSS001004015003?navid=chicken-strips-nuggets-more" tabIndex="-1">
	        Chicken Strips, Nuggets & More</a>
	</li><li data-level="3" class=""
	role="menuitem"  data-auid = "chicken-wings">
	<a class="sub-nav-link" href="/Food/Meat-%26-Seafood/Frozen-Meat/Chicken-Wings/c/RCSS001004015004?navid=chicken-wings" tabIndex="-1">
	        Chicken Wings</a>
	</li><li data-level="3" class=""
	role="menuitem"  data-auid = "grilling-burgers">
	<a class="sub-nav-link" href="/Food/Meat-%26-Seafood/Frozen-Meat/Grilling-Burgers/c/RCSS001004015005?navid=grilling-burgers" tabIndex="-1">
	        Grilling Burgers</a>
	</li><li data-level="3" class=""
	role="menuitem"  data-auid = "halal">
	<a class="sub-nav-link" href="/Food/Meat-%26-Seafood/Frozen-Meat/Halal/c/RCSS001004015006?navid=halal" tabIndex="-1">
	        Halal</a>
	</li><li data-level="3" class=""
	role="menuitem"  data-auid = "hors-d'oeuvres-and-meatballs">
	<a class="sub-nav-link" href="/Food/Meat-%26-Seafood/Frozen-Meat/Hors-D%27Oeuvres-%26-Meatballs/c/RCSS001004015007?navid=hors-doeuvres-meatballs" tabIndex="-1">
	        Hors D'Oeuvres & Meatballs</a>
	</li><li data-level="3" class=""
	role="menuitem"  data-auid = "pies-and-dinners">
	<a class="sub-nav-link" href="/Food/Meat-%26-Seafood/Frozen-Meat/Pies-%26-Dinners/c/RCSS001004015008?navid=pies-dinners" tabIndex="-1">
	        Pies & Dinners</a>
	</li><li data-level="3" class=""
	role="menuitem"  data-auid = "ribs-and-sausage">
	<a class="sub-nav-link" href="/Food/Meat-%26-Seafood/Frozen-Meat/Ribs-%26-Sausage/c/RCSS001004015009?navid=ribs-sausage" tabIndex="-1">
	        Ribs & Sausage</a>
	</li><li data-level="3" class=""
	role="menuitem"  data-auid = "battered-and-breaded">
	<a class="sub-nav-link" href="/Food/Frozen/Fish-%26-Seafood/Battered-%26-Breaded/c/RCSS001007005002?navid=battered-breaded" tabIndex="-1">
	        Battered & Breaded</a>
	</li><li data-level="3" class=""
	role="menuitem"  data-auid = "burgers-and-patties">
	<a class="sub-nav-link" href="/Food/Frozen/Fish-%26-Seafood/Burgers-%26-Patties/c/RCSS001007005003?navid=burgers-patties" tabIndex="-1">
	        Burgers & Patties</a>
	</li><li class="last see-all" role="menuitem" data-level="3" data-auid = "frozen-meat">
			<a class="see-all-link" href="/Food/Meat-%26-Seafood/Frozen-Meat/c/RCSS001004015000?navid=frozen-meat" tabIndex="-1" >
			    See all products</a>
		</li>
	</ul>

	</div></li><li data-level="2" class="more"
	role="menuitem"  data-auid = "prepped-and-marinated">
	<a class="sub-nav-link" href="/Food/Meat-%26-Seafood/Prepped-%26-Marinated/c/RCSS001004009000?navid=prepped-marinated" tabIndex="-1">
	        Prepped & Marinated<span class="more-indicator"></span>
		    </a>
	<div class="sub-nav-container sub-nav-level level-3">
	<ul class="sub-nav-links" aria-hidden="true">
		<li data-level="3" class=""
	role="menuitem"  data-auid = "kebabs-and-skewers">
	<a class="sub-nav-link" href="/Food/Meat-%26-Seafood/Prepped-%26-Marinated/Kebabs-%26-Skewers/c/RCSS001004009005?navid=kebabs-skewers" tabIndex="-1">
	        Kebabs & Skewers</a>
	</li><li data-level="3" class=""
	role="menuitem"  data-auid = "marinated-cubes-and-steaks">
	<a class="sub-nav-link" href="/Food/Meat-%26-Seafood/Prepped-%26-Marinated/Marinated-Cubes-%26-Steaks/c/RCSS001004009006?navid=marinated-cubes-steaks" tabIndex="-1">
	        Marinated Cubes & Steaks</a>
	</li><li data-level="3" class=""
	role="menuitem"  data-auid = "sausages-and-hot-dogs">
	<a class="sub-nav-link" href="/Food/Meat-%26-Seafood/Prepped-%26-Marinated/Sausages-%26-Hot-Dogs/c/RCSS001004009009?navid=sausages-hot-dogs" tabIndex="-1">
	        Sausages & Hot Dogs</a>
	</li><li class="last see-all" role="menuitem" data-level="3" data-auid = "prepped-and-marinated">
			<a class="see-all-link" href="/Food/Meat-%26-Seafood/Prepped-%26-Marinated/c/RCSS001004009000?navid=prepped-marinated" tabIndex="-1" >
			    See all products</a>
		</li>
	</ul>

	</div></li><li data-level="2" class="more"
	role="menuitem"  data-auid = "game-meats-and-fowl">
	<a class="sub-nav-link" href="/Food/Meat-%26-Seafood/Game-Meats-%26-Fowl/c/RCSS001004010000?navid=game-meats-fowl" tabIndex="-1">
	        Game Meats & Fowl<span class="more-indicator"></span>
		    </a>
	<div class="sub-nav-container sub-nav-level level-3">
	<ul class="sub-nav-links" aria-hidden="true">
		<li data-level="3" class=""
	role="menuitem"  data-auid = "duck">
	<a class="sub-nav-link" href="/Food/Meat-%26-Seafood/Game-Meats-%26-Fowl/Duck/c/RCSS001004010002?navid=duck" tabIndex="-1">
	        Duck</a>
	</li><li data-level="3" class=""
	role="menuitem"  data-auid = "rabbit">
	<a class="sub-nav-link" href="/Food/Meat-%26-Seafood/Game-Meats-%26-Fowl/Rabbit/c/RCSS001004010003?navid=rabbit" tabIndex="-1">
	        Rabbit</a>
	</li><li data-level="3" class=""
	role="menuitem"  data-auid = "cornish-hen">
	<a class="sub-nav-link" href="/Food/Meat-%26-Seafood/Game-Meats-%26-Fowl/Cornish-Hen/c/RCSS001004010004?navid=cornish-hen" tabIndex="-1">
	        Cornish Hen</a>
	</li><li class="last see-all" role="menuitem" data-level="3" data-auid = "game-meats-and-fowl">
			<a class="see-all-link" href="/Food/Meat-%26-Seafood/Game-Meats-%26-Fowl/c/RCSS001004010000?navid=game-meats-fowl" tabIndex="-1" >
			    See all products</a>
		</li>
	</ul>

	</div></li><li data-level="2" class="more"
	role="menuitem"  data-auid = "fish-and-seafood">
	<a class="sub-nav-link" href="/Food/Meat-%26-Seafood/Fish-%26-Seafood/c/RCSS001004006000?navid=fish-seafood" tabIndex="-1">
	        Fish & Seafood<span class="more-indicator"></span>
		    </a>
	<div class="sub-nav-container sub-nav-level level-3">
	<ul class="sub-nav-links" aria-hidden="true">
		<li data-level="3" class=""
	role="menuitem"  data-auid = "small-and-salty">
	<a class="sub-nav-link" href="/Food/Meat-%26-Seafood/Fish-%26-Seafood/Small-%26-Salty/c/RCSS001004006004?navid=small-salty" tabIndex="-1">
	        Small & Salty</a>
	</li><li data-level="3" class=""
	role="menuitem"  data-auid = "white-fish">
	<a class="sub-nav-link" href="/Food/Meat-%26-Seafood/Fish-%26-Seafood/White-Fish/c/RCSS001004006002?navid=white-fish" tabIndex="-1">
	        White Fish</a>
	</li><li data-level="3" class=""
	role="menuitem"  data-auid = "salmon,-trout-and-tuna">
	<a class="sub-nav-link" href="/Food/Meat-%26-Seafood/Fish-%26-Seafood/Salmon%2C-Trout-%26-Tuna/c/RCSS001004006003?navid=salmon-trout-tuna" tabIndex="-1">
	        Salmon, Trout & Tuna</a>
	</li><li data-level="3" class=""
	role="menuitem"  data-auid = "whole-fish">
	<a class="sub-nav-link" href="/Food/Meat-%26-Seafood/Fish-%26-Seafood/Whole-Fish/c/RCSS001004006001?navid=whole-fish" tabIndex="-1">
	        Whole Fish</a>
	</li><li data-level="3" class=""
	role="menuitem"  data-auid = "scallops,-mussels-and-more">
	<a class="sub-nav-link" href="/Food/Meat-%26-Seafood/Fish-%26-Seafood/Scallops%2C-Mussels-%26-More/c/RCSS001004006006?navid=scallops-mussels-more" tabIndex="-1">
	        Scallops, Mussels & More</a>
	</li><li data-level="3" class=""
	role="menuitem"  data-auid = "lobster-and-crab">
	<a class="sub-nav-link" href="/Food/Meat-%26-Seafood/Fish-%26-Seafood/Lobster-%26-Crab/c/RCSS001004006007?navid=lobster-crab" tabIndex="-1">
	        Lobster & Crab</a>
	</li><li data-level="3" class=""
	role="menuitem"  data-auid = "shrimp-and-prawns">
	<a class="sub-nav-link" href="/Food/Meat-%26-Seafood/Fish-%26-Seafood/Shrimp-%26-Prawns/c/RCSS001004006005?navid=shrimp-prawns" tabIndex="-1">
	        Shrimp & Prawns</a>
	</li><li class="last see-all" role="menuitem" data-level="3" data-auid = "fish-and-seafood">
			<a class="see-all-link" href="/Food/Meat-%26-Seafood/Fish-%26-Seafood/c/RCSS001004006000?navid=fish-seafood" tabIndex="-1" >
			    See all products</a>
		</li>
	</ul>

	</div></li><li data-level="2" class="more"
	role="menuitem"  data-auid = "frozen-seafood">
	<a class="sub-nav-link" href="/Food/Meat-%26-Seafood/Frozen-Seafood/c/RCSS001004018000?navid=frozen-seafood" tabIndex="-1">
	        Frozen Seafood<span class="more-indicator"></span>
		    </a>
	<div class="sub-nav-container sub-nav-level level-3">
	<ul class="sub-nav-links" aria-hidden="true">
		<li data-level="3" class=""
	role="menuitem"  data-auid = "salmon">
	<a class="sub-nav-link" href="/Food/Meat-%26-Seafood/Frozen-Seafood/Salmon/c/RCSS001004018001?navid=salmon" tabIndex="-1">
	        Salmon</a>
	</li><li data-level="3" class=""
	role="menuitem"  data-auid = "shrimp">
	<a class="sub-nav-link" href="/Food/Meat-%26-Seafood/Frozen-Seafood/Shrimp/c/RCSS001004018002?navid=shrimp" tabIndex="-1">
	        Shrimp</a>
	</li><li data-level="3" class=""
	role="menuitem"  data-auid = "whole-fish-and-fillets">
	<a class="sub-nav-link" href="/Food/Meat-%26-Seafood/Frozen-Seafood/Whole-Fish-%26-Fillets/c/RCSS001004018003?navid=whole-fish-fillets" tabIndex="-1">
	        Whole Fish & Fillets</a>
	</li><li data-level="3" class=""
	role="menuitem"  data-auid = "hors-d'oeuvres">
	<a class="sub-nav-link" href="/Food/Meat-%26-Seafood/Frozen-Seafood/Hors-D%27oeuvres/c/RCSS001004018004?navid=hors-doeuvres" tabIndex="-1">
	        Hors D'oeuvres</a>
	</li><li data-level="3" class=""
	role="menuitem"  data-auid = "ready-to-cook">
	<a class="sub-nav-link" href="/Food/Meat-%26-Seafood/Frozen-Seafood/Ready-To-Cook/c/RCSS001004018005?navid=ready-to-cook" tabIndex="-1">
	        Ready To Cook</a>
	</li><li data-level="3" class=""
	role="menuitem"  data-auid = "smoked-fish">
	<a class="sub-nav-link" href="/Food/Meat-%26-Seafood/Frozen-Seafood/Smoked-Fish/c/RCSS001004018006?navid=smoked-fish" tabIndex="-1">
	        Smoked Fish</a>
	</li><li data-level="3" class=""
	role="menuitem"  data-auid = "shellfish,-squid-and-octopus">
	<a class="sub-nav-link" href="/Food/Meat-%26-Seafood/Frozen-Seafood/Shellfish%2C-Squid-%26-Octopus/c/RCSS001004018007?navid=shellfish-squid-octopus" tabIndex="-1">
	        Shellfish, Squid & Octopus</a>
	</li><li class="last see-all" role="menuitem" data-level="3" data-auid = "frozen-seafood">
			<a class="see-all-link" href="/Food/Meat-%26-Seafood/Frozen-Seafood/c/RCSS001004018000?navid=frozen-seafood" tabIndex="-1" >
			    See all products</a>
		</li>
	</ul>

	</div></li><li class="last see-all" role="menuitem" data-level="2" data-auid = "meat-and-seafood">
			<a class="see-all-link" href="/Food/Meat-%26-Seafood/c/RCSS001004000000?navid=meat-seafood" tabIndex="-1" >
			    See all products</a>
		</li>
	</ul>

	<div class="wrapper-promo-ad root-promo active-promo">















<div class="partial-nav-ad-var-1-large container">
	<a href="/Food/Meat-%26-Seafood/c/RCSS001004000000" class="promo-link" target="">

		<div class="background-image">









<script>
/*! Picturefill - Responsive Images that work today. (and mimic the proposed Picture element with span elements). Author: Scott Jehl, Filament Group, 2012 | License: MIT/GPLv2 */

(function( w ){

	// Enable strict mode
	"use strict";

	w.picturefill = function() {
		var ps = w.document.getElementsByTagName( "span" );

		// Loop the pictures
		for( var i = 0, il = ps.length; i < il; i++ ){
			if( ps[ i ].getAttribute( "data-picture" ) !== null ){

				var sources = ps[ i ].getElementsByTagName( "span" ),
					matches = [];

				// See if which sources match
				for( var j = 0, jl = sources.length; j < jl; j++ ){
					var media = sources[ j ].getAttribute( "data-media" );
					// if there's no media specified, OR w.matchMedia is supported
					if( !media || ( w.matchMedia && w.matchMedia( media ).matches ) ){
						matches.push( sources[ j ] );
					}
				}

				// Find any existing img element in the picture element
				var picImg = ps[ i ].getElementsByTagName( "img" )[ 0 ];

				if( matches.length ){
					var matchedEl = matches.pop();
					if( !picImg || picImg.parentNode.nodeName === "NOSCRIPT" ){
						picImg = w.document.createElement( "img" );
						var alt = ps[ i ].getAttribute( "data-alt" );
						if (alt !== null) {
							picImg.alt = alt;
						}
					}
					else if( matchedEl === picImg.parentNode ){
						// Skip further actions if the correct image is already in place
						continue;
					}

					picImg.src =  matchedEl.getAttribute( "data-src" );
					picImg.setAttribute("usemap", matchedEl.getAttribute("data-usemap"));
					matchedEl.appendChild( picImg );
					picImg.removeAttribute("width");
					picImg.removeAttribute("height");
				}
				else if( picImg ){
					picImg.parentNode.removeChild( picImg );
				}
			}
		}
	};

	// Run on resize and domready (w.load as a fallback)
	if( w.addEventListener ){
		w.addEventListener( "resize", w.picturefill, false );
		w.addEventListener( "DOMContentLoaded", function(){
			w.picturefill();
			// Run once only
			w.removeEventListener( "load", w.picturefill, false );
		}, false );
		w.addEventListener( "load", w.picturefill, false );
	}
	else if( w.attachEvent ){
		w.attachEvent( "onload", w.picturefill );
	}
}( this ));
</script>
<!-- Begin Template: ConfigurableContentAdaptiveImage -->

<span data-picture data-alt="" data-target="" data-usemap="" data-closest=".background-image" data-target-attribute="background-image" class="module-adaptive-image loading">
	<span class="sm" data-src="https://assets.shop.loblaws.ca/ContentMedia/rcss/marketing/2016/categoryl2s/RCSS_L2-categories_meat%26seafood_b3_en.jpg" data-usemap="-rim-sm"></span>
	<span class="sm" data-src="https://assets.shop.loblaws.ca/ContentMedia/rcss/marketing/2016/categoryl2s/RCSS_L2-categories_meat%26seafood_b3_en.jpg" data-usemap="-rim-sm-retina" data-media="(min-device-pixel-ratio: 2.0)"></span>
	<span class="md" data-src="https://assets.shop.loblaws.ca/ContentMedia/rcss/marketing/2016/categoryl2s/RCSS_L2-categories_meat%26seafood_b2_en.jpg" data-usemap="-rim-md" data-media="(min-width: 651px)"></span>
	<span class="md" data-src="https://assets.shop.loblaws.ca/ContentMedia/rcss/marketing/2016/categoryl2s/RCSS_L2-categories_meat%26seafood_b2_en.jpg" data-usemap="-rim-md-retina" data-media="(min-width: 651px) and (min-device-pixel-ratio: 2.0)"></span>
	<span class="lg" data-src="https://assets.shop.loblaws.ca/ContentMedia/rcss/marketing/2016/categoryl2s/RCSS_L2-categories_meat%26seafood_b1_en.jpg" data-usemap="-rim-lg" data-media="(min-width: 960px)"></span>
	<span class="lg" data-src="https://assets.shop.loblaws.ca/ContentMedia/rcss/marketing/2016/categoryl2s/RCSS_L2-categories_meat%26seafood_b1_en.jpg" data-usemap="-rim-lg-retina" data-media="(min-width: 960px) and (min-device-pixel-ratio: 2.0)"></span>

	<img src="https://assets.shop.loblaws.ca/ContentMedia/rcss/spacer.gif" alt="Shop Now" onError="this.onerror=null;this.src='https://assets.shop.loblaws.ca/ContentMedia/rcss/marketing/2016/categoryl2s/RCSS_L2-categories_meat%26seafood_b3_en.jpg';" />

	<!--[if (lt IE 9) & (!IEMobile)]>
		<img class="lg" src="https://assets.shop.loblaws.ca/ContentMedia/rcss/marketing/2016/categoryl2s/RCSS_L2-categories_meat%26seafood_b1_en.jpg" alt="" usemap="-rim-lg">
	<![endif]-->

</span>
<!-- End Template: ConfigurableContentAdaptiveImage -->
		</div>

		<div class="row">
			<div class="wrapper-nav-ad-var-1-large">
				<div class="promo-content-holder">
					<h3></h3>
					<p></p>

				</div>
			</div>
		</div>

	</a>
</div>
>
</div>
	</div></li><li data-level="1" class="more"
	role="menuitem"  data-auid = "dairy-and-eggs">
	<a class="sub-nav-link" href="/Food/Dairy-and-Eggs/c/RCSS001005000000?navid=dairy-and-eggs" tabIndex="-1">
	        Dairy and Eggs<span class="more-indicator"></span>
		    </a>
	<div class="sub-nav-container sub-nav-level level-2">
	<ul class="sub-nav-links" aria-hidden="true">
		<li data-level="2" class=""
	role="menuitem"  data-auid = "always-a-low-price">
	<a class="sub-nav-link" href="/Food/Dairy-and-Eggs/Always-a-Low-Price/c/RCSS001005010000?navid=always-a-low-price" tabIndex="-1">
	        Always a Low Price</a>
	</li><li data-level="2" class="more"
	role="menuitem"  data-auid = "milk-and-cream">
	<a class="sub-nav-link" href="/Food/Dairy-and-Eggs/Milk-%26-Cream/c/RCSS001005005000?navid=milk-cream" tabIndex="-1">
	        Milk & Cream<span class="more-indicator"></span>
		    </a>
	<div class="sub-nav-container sub-nav-level level-3">
	<ul class="sub-nav-links" aria-hidden="true">
		<li data-level="3" class=""
	role="menuitem"  data-auid = "2%-and-whole-milk">
	<a class="sub-nav-link" href="/Food/Dairy-and-Eggs/Milk-%26-Cream/2%25-%26-Whole-Milk/c/RCSS001005005005?navid=2-whole-milk" tabIndex="-1">
	        2% & Whole Milk</a>
	</li><li data-level="3" class=""
	role="menuitem"  data-auid = "1%-and-skim-milk">
	<a class="sub-nav-link" href="/Food/Dairy-and-Eggs/Milk-%26-Cream/1%25-%26-Skim-Milk/c/RCSS001005005006?navid=1-skim-milk" tabIndex="-1">
	        1% & Skim Milk</a>
	</li><li data-level="3" class=""
	role="menuitem"  data-auid = "heavy-cream">
	<a class="sub-nav-link" href="/Food/Dairy-and-Eggs/Milk-%26-Cream/Heavy-Cream/c/RCSS001005005003?navid=heavy-cream" tabIndex="-1">
	        Heavy Cream</a>
	</li><li data-level="3" class=""
	role="menuitem"  data-auid = "creamers">
	<a class="sub-nav-link" href="/Food/Dairy-and-Eggs/Milk-%26-Cream/Creamers/c/RCSS001005005001?navid=creamers" tabIndex="-1">
	        Creamers</a>
	</li><li data-level="3" class=""
	role="menuitem"  data-auid = "flavoured-milk">
	<a class="sub-nav-link" href="/Food/Dairy-and-Eggs/Milk-%26-Cream/Flavoured-Milk/c/RCSS001005005009?navid=flavoured-milk" tabIndex="-1">
	        Flavoured Milk</a>
	</li><li data-level="3" class=""
	role="menuitem"  data-auid = "lactose-free-milks">
	<a class="sub-nav-link" href="/Food/Dairy-and-Eggs/Milk-%26-Cream/Lactose-Free-Milks/c/RCSS001005005011?navid=lactose-free-milks" tabIndex="-1">
	        Lactose Free Milks</a>
	</li><li data-level="3" class=""
	role="menuitem"  data-auid = "goat-and-buffalo-milk">
	<a class="sub-nav-link" href="/Food/Dairy-and-Eggs/Milk-%26-Cream/Goat-%26-Buffalo-Milk/c/RCSS001005005007?navid=goat-buffalo-milk" tabIndex="-1">
	        Goat & Buffalo Milk</a>
	</li><li data-level="3" class=""
	role="menuitem"  data-auid = "long-life-milk">
	<a class="sub-nav-link" href="/Food/Dairy-and-Eggs/Milk-%26-Cream/Long-Life-Milk/c/RCSS001005005010?navid=long-life-milk" tabIndex="-1">
	        Long Life Milk</a>
	</li><li class="last see-all" role="menuitem" data-level="3" data-auid = "milk-and-cream">
			<a class="see-all-link" href="/Food/Dairy-and-Eggs/Milk-%26-Cream/c/RCSS001005005000?navid=milk-cream" tabIndex="-1" >
			    See all products</a>
		</li>
	</ul>

	</div></li><li data-level="2" class="more"
	role="menuitem"  data-auid = "packaged-cheeses">
	<a class="sub-nav-link" href="/Food/Dairy-and-Eggs/Packaged-Cheeses/c/RCSS001005007000?navid=packaged-cheeses" tabIndex="-1">
	        Packaged Cheeses<span class="more-indicator"></span>
		    </a>
	<div class="sub-nav-container sub-nav-level level-3">
	<ul class="sub-nav-links" aria-hidden="true">
		<li data-level="3" class=""
	role="menuitem"  data-auid = "cheese-blocks">
	<a class="sub-nav-link" href="/Food/Dairy-and-Eggs/Packaged-Cheeses/Cheese-Blocks/c/RCSS001005007001?navid=cheese-blocks" tabIndex="-1">
	        Cheese Blocks</a>
	</li><li data-level="3" class=""
	role="menuitem"  data-auid = "shredded-cheese">
	<a class="sub-nav-link" href="/Food/Dairy-and-Eggs/Packaged-Cheeses/Shredded-Cheese/c/RCSS001005007006?navid=shredded-cheese" tabIndex="-1">
	        Shredded Cheese</a>
	</li><li data-level="3" class=""
	role="menuitem"  data-auid = "string-and-snack">
	<a class="sub-nav-link" href="/Food/Dairy-and-Eggs/Packaged-Cheeses/String-%26-Snack/c/RCSS001005007002?navid=string-snack" tabIndex="-1">
	        String & Snack</a>
	</li><li data-level="3" class=""
	role="menuitem"  data-auid = "sliced-cheese">
	<a class="sub-nav-link" href="/Food/Dairy-and-Eggs/Packaged-Cheeses/Sliced-Cheese/c/RCSS001005007007?navid=sliced-cheese" tabIndex="-1">
	        Sliced Cheese</a>
	</li><li data-level="3" class=""
	role="menuitem"  data-auid = "cream-cheese">
	<a class="sub-nav-link" href="/Food/Dairy-and-Eggs/Packaged-Cheeses/Cream-Cheese/c/RCSS001005007003?navid=cream-cheese" tabIndex="-1">
	        Cream Cheese</a>
	</li><li data-level="3" class=""
	role="menuitem"  data-auid = "cottage-cheese">
	<a class="sub-nav-link" href="/Food/Dairy-and-Eggs/Packaged-Cheeses/Cottage-Cheese/c/RCSS001005007004?navid=cottage-cheese" tabIndex="-1">
	        Cottage Cheese</a>
	</li><li data-level="3" class=""
	role="menuitem"  data-auid = "vegan-and-lactose-free">
	<a class="sub-nav-link" href="/Food/Dairy-and-Eggs/Packaged-Cheeses/Vegan-%26-Lactose-Free/c/RCSS001005007005?navid=vegan-lactose-free" tabIndex="-1">
	        Vegan & Lactose Free</a>
	</li><li data-level="3" class=""
	role="menuitem"  data-auid = "deli-and-specialty">
	<a class="sub-nav-link" href="/Food/Dairy-and-Eggs/Packaged-Cheeses/Deli-%26-Specialty/c/RCSS001005007008?navid=deli-specialty" tabIndex="-1">
	        Deli & Specialty</a>
	</li><li class="last see-all" role="menuitem" data-level="3" data-auid = "packaged-cheeses">
			<a class="see-all-link" href="/Food/Dairy-and-Eggs/Packaged-Cheeses/c/RCSS001005007000?navid=packaged-cheeses" tabIndex="-1" >
			    See all products</a>
		</li>
	</ul>

	</div></li><li data-level="2" class="more"
	role="menuitem"  data-auid = "butter-and-spreads">
	<a class="sub-nav-link" href="/Food/Dairy-and-Eggs/Butter-%26-Spreads/c/RCSS001005001000?navid=butter-spreads" tabIndex="-1">
	        Butter & Spreads<span class="more-indicator"></span>
		    </a>
	<div class="sub-nav-container sub-nav-level level-3">
	<ul class="sub-nav-links" aria-hidden="true">
		<li data-level="3" class=""
	role="menuitem"  data-auid = "butter">
	<a class="sub-nav-link" href="/Food/Dairy-and-Eggs/Butter-%26-Spreads/Butter/c/RCSS001005001001?navid=butter" tabIndex="-1">
	        Butter</a>
	</li><li data-level="3" class=""
	role="menuitem"  data-auid = "margarine-and-spreads">
	<a class="sub-nav-link" href="/Food/Dairy-and-Eggs/Butter-%26-Spreads/Margarine-%26-Spreads/c/RCSS001005001002?navid=margarine-spreads" tabIndex="-1">
	        Margarine & Spreads</a>
	</li><li class="last see-all" role="menuitem" data-level="3" data-auid = "butter-and-spreads">
			<a class="see-all-link" href="/Food/Dairy-and-Eggs/Butter-%26-Spreads/c/RCSS001005001000?navid=butter-spreads" tabIndex="-1" >
			    See all products</a>
		</li>
	</ul>

	</div></li><li data-level="2" class="more"
	role="menuitem"  data-auid = "egg-and-egg-substitutes">
	<a class="sub-nav-link" href="/Food/Dairy-and-Eggs/Egg-%26-Egg-Substitutes/c/RCSS001005003000?navid=egg-egg-substitutes" tabIndex="-1">
	        Egg & Egg Substitutes<span class="more-indicator"></span>
		    </a>
	<div class="sub-nav-container sub-nav-level level-3">
	<ul class="sub-nav-links" aria-hidden="true">
		<li data-level="3" class=""
	role="menuitem"  data-auid = "whole-eggs">
	<a class="sub-nav-link" href="/Food/Dairy-and-Eggs/Egg-%26-Egg-Substitutes/Whole-Eggs/c/RCSS001005003001?navid=whole-eggs" tabIndex="-1">
	        Whole Eggs</a>
	</li><li data-level="3" class=""
	role="menuitem"  data-auid = "quail-and-duck-eggs">
	<a class="sub-nav-link" href="/Food/Dairy-and-Eggs/Egg-%26-Egg-Substitutes/Quail-and-Duck-Eggs/c/RCSS001005003003?navid=quail-and-duck-eggs" tabIndex="-1">
	        Quail and Duck Eggs</a>
	</li><li data-level="3" class=""
	role="menuitem"  data-auid = "liquid-eggs-and-whites">
	<a class="sub-nav-link" href="/Food/Dairy-and-Eggs/Egg-%26-Egg-Substitutes/Liquid-Eggs-%26-Whites/c/RCSS001005003002?navid=liquid-eggs-whites" tabIndex="-1">
	        Liquid Eggs & Whites</a>
	</li><li class="last see-all" role="menuitem" data-level="3" data-auid = "egg-and-egg-substitutes">
			<a class="see-all-link" href="/Food/Dairy-and-Eggs/Egg-%26-Egg-Substitutes/c/RCSS001005003000?navid=egg-egg-substitutes" tabIndex="-1" >
			    See all products</a>
		</li>
	</ul>

	</div></li><li data-level="2" class="more"
	role="menuitem"  data-auid = "yogurt">
	<a class="sub-nav-link" href="/Food/Dairy-and-Eggs/Yogurt/c/RCSS001005009000?navid=yogurt" tabIndex="-1">
	        Yogurt<span class="more-indicator"></span>
		    </a>
	<div class="sub-nav-container sub-nav-level level-3">
	<ul class="sub-nav-links" aria-hidden="true">
		<li data-level="3" class=""
	role="menuitem"  data-auid = "greek-tub-yogurt">
	<a class="sub-nav-link" href="/Food/Dairy-and-Eggs/Yogurt/Greek-Tub-Yogurt/c/RCSS001005009010?navid=greek-tub-yogurt" tabIndex="-1">
	        Greek Tub Yogurt</a>
	</li><li data-level="3" class=""
	role="menuitem"  data-auid = "greek-multi-pack-yogurt">
	<a class="sub-nav-link" href="/Food/Dairy-and-Eggs/Yogurt/Greek-Multi-Pack-Yogurt/c/RCSS001005009012?navid=greek-multipack-yogurt" tabIndex="-1">
	        Greek Multi-Pack Yogurt</a>
	</li><li data-level="3" class=""
	role="menuitem"  data-auid = "yogurt-tubs">
	<a class="sub-nav-link" href="/Food/Dairy-and-Eggs/Yogurt/Yogurt-Tubs/c/RCSS001005009005?navid=yogurt-tubs" tabIndex="-1">
	        Yogurt Tubs</a>
	</li><li data-level="3" class=""
	role="menuitem"  data-auid = "multipacks">
	<a class="sub-nav-link" href="/Food/Dairy-and-Eggs/Yogurt/Multipacks/c/RCSS001005009006?navid=multipacks" tabIndex="-1">
	        Multipacks</a>
	</li><li data-level="3" class=""
	role="menuitem"  data-auid = "single-yogurts">
	<a class="sub-nav-link" href="/Food/Dairy-and-Eggs/Yogurt/Single-Yogurts/c/RCSS001005009009?navid=single-yogurts" tabIndex="-1">
	        Single Yogurts</a>
	</li><li data-level="3" class=""
	role="menuitem"  data-auid = "drinkable-and-smoothies">
	<a class="sub-nav-link" href="/Food/Dairy-and-Eggs/Yogurt/Drinkable-%26-Smoothies/c/RCSS001005009003?navid=drinkable-smoothies" tabIndex="-1">
	        Drinkable & Smoothies</a>
	</li><li data-level="3" class=""
	role="menuitem"  data-auid = "probiotic">
	<a class="sub-nav-link" href="/Food/Dairy-and-Eggs/Yogurt/Probiotic/c/RCSS001005009007?navid=probiotic" tabIndex="-1">
	        Probiotic</a>
	</li><li data-level="3" class=""
	role="menuitem"  data-auid = "greek-yogurt">
	<a class="sub-nav-link" href="/Food/Dairy-and-Eggs/Yogurt/Greek-Yogurt/c/RCSS001005009001?navid=greek-yogurt" tabIndex="-1">
	        Greek Yogurt</a>
	</li><li class="last see-all" role="menuitem" data-level="3" data-auid = "yogurt">
			<a class="see-all-link" href="/Food/Dairy-and-Eggs/Yogurt/c/RCSS001005009000?navid=yogurt" tabIndex="-1" >
			    See all products</a>
		</li>
	</ul>

	</div></li><li data-level="2" class="more"
	role="menuitem"  data-auid = "sour-creams-and-chip-dips">
	<a class="sub-nav-link" href="/Food/Dairy-and-Eggs/Sour-Creams-%26-Chip-Dips/c/RCSS001005008000?navid=sour-creams-chip-dips" tabIndex="-1">
	        Sour Creams & Chip Dips<span class="more-indicator"></span>
		    </a>
	<div class="sub-nav-container sub-nav-level level-3">
	<ul class="sub-nav-links" aria-hidden="true">
		<li data-level="3" class=""
	role="menuitem"  data-auid = "sour-cream">
	<a class="sub-nav-link" href="/Food/Dairy-and-Eggs/Sour-Creams-%26-Chip-Dips/Sour-Cream/c/RCSS001005008001?navid=sour-cream" tabIndex="-1">
	        Sour Cream</a>
	</li><li data-level="3" class=""
	role="menuitem"  data-auid = "chilled-chip-dips">
	<a class="sub-nav-link" href="/Food/Dairy-and-Eggs/Sour-Creams-%26-Chip-Dips/Chilled-Chip-Dips/c/RCSS001005008002?navid=chilled-chip-dips" tabIndex="-1">
	        Chilled Chip Dips</a>
	</li><li class="last see-all" role="menuitem" data-level="3" data-auid = "sour-creams-and-chip-dips">
			<a class="see-all-link" href="/Food/Dairy-and-Eggs/Sour-Creams-%26-Chip-Dips/c/RCSS001005008000?navid=sour-creams-chip-dips" tabIndex="-1" >
			    See all products</a>
		</li>
	</ul>

	</div></li><li data-level="2" class="more"
	role="menuitem"  data-auid = "chilled-desserts-and-doughs">
	<a class="sub-nav-link" href="/Food/Dairy-and-Eggs/Chilled-Desserts-%26-Doughs/c/RCSS001005002000?navid=chilled-desserts-doughs" tabIndex="-1">
	        Chilled Desserts & Doughs<span class="more-indicator"></span>
		    </a>
	<div class="sub-nav-container sub-nav-level level-3">
	<ul class="sub-nav-links" aria-hidden="true">
		<li data-level="3" class=""
	role="menuitem"  data-auid = "puddings-and-mousse">
	<a class="sub-nav-link" href="/Food/Dairy-and-Eggs/Chilled-Desserts-%26-Doughs/Puddings-%26-Mousse/c/RCSS001005002001?navid=puddings-mousse" tabIndex="-1">
	        Puddings & Mousse</a>
	</li><li data-level="3" class=""
	role="menuitem"  data-auid = "chilled-doughs">
	<a class="sub-nav-link" href="/Food/Dairy-and-Eggs/Chilled-Desserts-%26-Doughs/Chilled-Doughs/c/RCSS001005002004?navid=chilled-doughs" tabIndex="-1">
	        Chilled Doughs</a>
	</li><li data-level="3" class=""
	role="menuitem"  data-auid = "whipped-cream">
	<a class="sub-nav-link" href="/Food/Dairy-and-Eggs/Chilled-Desserts-%26-Doughs/Whipped-Cream/c/RCSS001005002003?navid=whipped-cream" tabIndex="-1">
	        Whipped Cream</a>
	</li><li class="last see-all" role="menuitem" data-level="3" data-auid = "chilled-desserts-and-doughs">
			<a class="see-all-link" href="/Food/Dairy-and-Eggs/Chilled-Desserts-%26-Doughs/c/RCSS001005002000?navid=chilled-desserts-doughs" tabIndex="-1" >
			    See all products</a>
		</li>
	</ul>

	</div></li><li data-level="2" class=""
	role="menuitem"  data-auid = "organic-dairy">
	<a class="sub-nav-link" href="/Food/Dairy-and-Eggs/Organic-Dairy/c/RCSS001005006000?navid=organic-dairy" tabIndex="-1">
	        Organic Dairy</a>
	</li><li data-level="2" class="more"
	role="menuitem"  data-auid = "lactose-free-dairy">
	<a class="sub-nav-link" href="/Food/Dairy-and-Eggs/Lactose-Free-Dairy/c/RCSS001005004000?navid=lactose-free-dairy" tabIndex="-1">
	        Lactose Free Dairy<span class="more-indicator"></span>
		    </a>
	<div class="sub-nav-container sub-nav-level level-3">
	<ul class="sub-nav-links" aria-hidden="true">
		<li data-level="3" class=""
	role="menuitem"  data-auid = "soy-beverages">
	<a class="sub-nav-link" href="/Food/Dairy-and-Eggs/Lactose-Free-Dairy/Soy-Beverages/c/RCSS001005004001?navid=soy-beverages" tabIndex="-1">
	        Soy Beverages</a>
	</li><li data-level="3" class=""
	role="menuitem"  data-auid = "grain,-seed-and-nut-drinks">
	<a class="sub-nav-link" href="/Food/Dairy-and-Eggs/Lactose-Free-Dairy/Grain%2C-Seed-%26-Nut-Drinks/c/RCSS001005004002?navid=grain-seed-nut-drinks" tabIndex="-1">
	        Grain, Seed & Nut Drinks</a>
	</li><li class="last see-all" role="menuitem" data-level="3" data-auid = "lactose-free-dairy">
			<a class="see-all-link" href="/Food/Dairy-and-Eggs/Lactose-Free-Dairy/c/RCSS001005004000?navid=lactose-free-dairy" tabIndex="-1" >
			    See all products</a>
		</li>
	</ul>

	</div></li><li class="last see-all" role="menuitem" data-level="2" data-auid = "dairy-and-eggs">
			<a class="see-all-link" href="/Food/Dairy-and-Eggs/c/RCSS001005000000?navid=dairy-and-eggs" tabIndex="-1" >
			    See all products</a>
		</li>
	</ul>

	<div class="wrapper-promo-ad root-promo active-promo">















<div class="partial-nav-ad-var-1-large container">
	<a href="/collections/General%20Mills%20Betty%20Crocker/017424000000?icid=l2_betty_crocker" class="promo-link" target="">

		<div class="background-image">









<script>
/*! Picturefill - Responsive Images that work today. (and mimic the proposed Picture element with span elements). Author: Scott Jehl, Filament Group, 2012 | License: MIT/GPLv2 */

(function( w ){

	// Enable strict mode
	"use strict";

	w.picturefill = function() {
		var ps = w.document.getElementsByTagName( "span" );

		// Loop the pictures
		for( var i = 0, il = ps.length; i < il; i++ ){
			if( ps[ i ].getAttribute( "data-picture" ) !== null ){

				var sources = ps[ i ].getElementsByTagName( "span" ),
					matches = [];

				// See if which sources match
				for( var j = 0, jl = sources.length; j < jl; j++ ){
					var media = sources[ j ].getAttribute( "data-media" );
					// if there's no media specified, OR w.matchMedia is supported
					if( !media || ( w.matchMedia && w.matchMedia( media ).matches ) ){
						matches.push( sources[ j ] );
					}
				}

				// Find any existing img element in the picture element
				var picImg = ps[ i ].getElementsByTagName( "img" )[ 0 ];

				if( matches.length ){
					var matchedEl = matches.pop();
					if( !picImg || picImg.parentNode.nodeName === "NOSCRIPT" ){
						picImg = w.document.createElement( "img" );
						var alt = ps[ i ].getAttribute( "data-alt" );
						if (alt !== null) {
							picImg.alt = alt;
						}
					}
					else if( matchedEl === picImg.parentNode ){
						// Skip further actions if the correct image is already in place
						continue;
					}

					picImg.src =  matchedEl.getAttribute( "data-src" );
					picImg.setAttribute("usemap", matchedEl.getAttribute("data-usemap"));
					matchedEl.appendChild( picImg );
					picImg.removeAttribute("width");
					picImg.removeAttribute("height");
				}
				else if( picImg ){
					picImg.parentNode.removeChild( picImg );
				}
			}
		}
	};

	// Run on resize and domready (w.load as a fallback)
	if( w.addEventListener ){
		w.addEventListener( "resize", w.picturefill, false );
		w.addEventListener( "DOMContentLoaded", function(){
			w.picturefill();
			// Run once only
			w.removeEventListener( "load", w.picturefill, false );
		}, false );
		w.addEventListener( "load", w.picturefill, false );
	}
	else if( w.attachEvent ){
		w.attachEvent( "onload", w.picturefill );
	}
}( this ));
</script>
<!-- Begin Template: ConfigurableContentAdaptiveImage -->

<span data-picture data-alt="" data-target="" data-usemap="" data-closest=".background-image" data-target-attribute="background-image" class="module-adaptive-image loading">
	<span class="sm" data-src="https://assets.shop.loblaws.ca/ContentMedia/rcss/marketing/2018/WK47/General%20Mills%20-%20Betty%20Crocker/L2/WK46_discount_bakedathome_L2_b3_en.jpg" data-usemap="-rim-sm"></span>
	<span class="sm" data-src="https://assets.shop.loblaws.ca/ContentMedia/rcss/marketing/2018/WK47/General%20Mills%20-%20Betty%20Crocker/L2/WK46_discount_bakedathome_L2_b3_en.jpg" data-usemap="-rim-sm-retina" data-media="(min-device-pixel-ratio: 2.0)"></span>
	<span class="md" data-src="https://assets.shop.loblaws.ca/ContentMedia/rcss/marketing/2018/WK47/General%20Mills%20-%20Betty%20Crocker/L2/WK46_discount_bakedathome_L2_b2_en.jpg" data-usemap="-rim-md" data-media="(min-width: 651px)"></span>
	<span class="md" data-src="https://assets.shop.loblaws.ca/ContentMedia/rcss/marketing/2018/WK47/General%20Mills%20-%20Betty%20Crocker/L2/WK46_discount_bakedathome_L2_b2_en.jpg" data-usemap="-rim-md-retina" data-media="(min-width: 651px) and (min-device-pixel-ratio: 2.0)"></span>
	<span class="lg" data-src="https://assets.shop.loblaws.ca/ContentMedia/rcss/marketing/2018/WK47/General%20Mills%20-%20Betty%20Crocker/L2/WK46_discount_bakedathome_L2_b1_en.jpg" data-usemap="-rim-lg" data-media="(min-width: 960px)"></span>
	<span class="lg" data-src="https://assets.shop.loblaws.ca/ContentMedia/rcss/marketing/2018/WK47/General%20Mills%20-%20Betty%20Crocker/L2/WK46_discount_bakedathome_L2_b1_en.jpg" data-usemap="-rim-lg-retina" data-media="(min-width: 960px) and (min-device-pixel-ratio: 2.0)"></span>

	<img src="https://assets.shop.loblaws.ca/ContentMedia/rcss/spacer.gif" alt="Betty Crocker" onError="this.onerror=null;this.src='https://assets.shop.loblaws.ca/ContentMedia/rcss/marketing/2018/WK47/General%20Mills%20-%20Betty%20Crocker/L2/WK46_discount_bakedathome_L2_b3_en.jpg';" />

	<!--[if (lt IE 9) & (!IEMobile)]>
		<img class="lg" src="https://assets.shop.loblaws.ca/ContentMedia/rcss/marketing/2018/WK47/General%20Mills%20-%20Betty%20Crocker/L2/WK46_discount_bakedathome_L2_b1_en.jpg" alt="" usemap="-rim-lg">
	<![endif]-->

</span>
<!-- End Template: ConfigurableContentAdaptiveImage -->
		</div>

		<div class="row">
			<div class="wrapper-nav-ad-var-1-large">
				<div class="promo-content-holder">
					<h3></h3>
					<p></p>

				</div>
			</div>
		</div>

	</a>
</div>
>
</div>
	</div></li><li data-level="1" class="more"
	role="menuitem"  data-auid = "drinks">
	<a class="sub-nav-link" href="/Food/Drinks/c/RCSS001006000000?navid=drinks" tabIndex="-1">
	        Drinks<span class="more-indicator"></span>
		    </a>
	<div class="sub-nav-container sub-nav-level level-2">
	<ul class="sub-nav-links" aria-hidden="true">
		<li data-level="2" class="more"
	role="menuitem"  data-auid = "juice">
	<a class="sub-nav-link" href="/Food/Drinks/Juice/c/RCSS001006004000?navid=juice" tabIndex="-1">
	        Juice<span class="more-indicator"></span>
		    </a>
	<div class="sub-nav-container sub-nav-level level-3">
	<ul class="sub-nav-links" aria-hidden="true">
		<li data-level="3" class=""
	role="menuitem"  data-auid = "chilled-juices">
	<a class="sub-nav-link" href="/Food/Drinks/Juice/Chilled-Juices/c/RCSS001006004002?navid=chilled-juices" tabIndex="-1">
	        Chilled Juices</a>
	</li><li data-level="3" class=""
	role="menuitem"  data-auid = "shelf-stable-juices">
	<a class="sub-nav-link" href="/Food/Drinks/Juice/Shelf-Stable-Juices/c/RCSS001006004006?navid=shelfstable-juices" tabIndex="-1">
	        Shelf-Stable Juices</a>
	</li><li data-level="3" class=""
	role="menuitem"  data-auid = "juice-boxes">
	<a class="sub-nav-link" href="/Food/Drinks/Juice/Juice-Boxes/c/RCSS001006004005?navid=juice-boxes" tabIndex="-1">
	        Juice Boxes</a>
	</li><li data-level="3" class=""
	role="menuitem"  data-auid = "sparkling-juices">
	<a class="sub-nav-link" href="/Food/Drinks/Juice/Sparkling-Juices/c/RCSS001006004011?navid=sparkling-juices" tabIndex="-1">
	        Sparkling Juices</a>
	</li><li data-level="3" class=""
	role="menuitem"  data-auid = "vegetable-juices">
	<a class="sub-nav-link" href="/Food/Drinks/Juice/Vegetable-Juices/c/RCSS001006004010?navid=vegetable-juices" tabIndex="-1">
	        Vegetable Juices</a>
	</li><li data-level="3" class=""
	role="menuitem"  data-auid = "cranberry-juices">
	<a class="sub-nav-link" href="/Food/Drinks/Juice/Cranberry-Juices/c/RCSS001006004003?navid=cranberry-juices" tabIndex="-1">
	        Cranberry Juices</a>
	</li><li class="last see-all" role="menuitem" data-level="3" data-auid = "juice">
			<a class="see-all-link" href="/Food/Drinks/Juice/c/RCSS001006004000?navid=juice" tabIndex="-1" >
			    See all products</a>
		</li>
	</ul>

	</div></li><li data-level="2" class="more"
	role="menuitem"  data-auid = "soft-drinks">
	<a class="sub-nav-link" href="/Food/Drinks/Soft-Drinks/c/RCSS001006005000?navid=soft-drinks" tabIndex="-1">
	        Soft Drinks<span class="more-indicator"></span>
		    </a>
	<div class="sub-nav-container sub-nav-level level-3">
	<ul class="sub-nav-links" aria-hidden="true">
		<li data-level="3" class=""
	role="menuitem"  data-auid = "1-liter-and-less">
	<a class="sub-nav-link" href="/Food/Drinks/Soft-Drinks/1-Liter-%26-Less/c/RCSS001006005001?navid=1liter-less" tabIndex="-1">
	        1-Liter & Less</a>
	</li><li data-level="3" class=""
	role="menuitem"  data-auid = "1.5---2-liter">
	<a class="sub-nav-link" href="/Food/Drinks/Soft-Drinks/1-5---2-Liter/c/RCSS001006005002?navid=15-2-liter" tabIndex="-1">
	        1.5 - 2 Liter</a>
	</li><li data-level="3" class=""
	role="menuitem"  data-auid = "4---6-packs">
	<a class="sub-nav-link" href="/Food/Drinks/Soft-Drinks/4---6-Packs/c/RCSS001006005003?navid=4-6-packs" tabIndex="-1">
	        4 - 6 Packs</a>
	</li><li data-level="3" class=""
	role="menuitem"  data-auid = "8---12-packs">
	<a class="sub-nav-link" href="/Food/Drinks/Soft-Drinks/8---12-Packs/c/RCSS001006005004?navid=8-12-packs" tabIndex="-1">
	        8 - 12 Packs</a>
	</li><li data-level="3" class=""
	role="menuitem"  data-auid = "18-and-up-packs">
	<a class="sub-nav-link" href="/Food/Drinks/Soft-Drinks/18-%26-Up-Packs/c/RCSS001006005005?navid=18-up-packs" tabIndex="-1">
	        18 & Up Packs</a>
	</li><li data-level="3" class=""
	role="menuitem"  data-auid = "specialty-drinks">
	<a class="sub-nav-link" href="/Food/Drinks/Soft-Drinks/Specialty-Drinks/c/RCSS001006005008?navid=specialty-drinks" tabIndex="-1">
	        Specialty Drinks</a>
	</li><li class="last see-all" role="menuitem" data-level="3" data-auid = "soft-drinks">
			<a class="see-all-link" href="/Food/Drinks/Soft-Drinks/c/RCSS001006005000?navid=soft-drinks" tabIndex="-1" >
			    See all products</a>
		</li>
	</ul>

	</div></li><li data-level="2" class="more"
	role="menuitem"  data-auid = "sports-and-energy">
	<a class="sub-nav-link" href="/Food/Drinks/Sports-%26-Energy/c/RCSS001006007000?navid=sports-energy" tabIndex="-1">
	        Sports & Energy<span class="more-indicator"></span>
		    </a>
	<div class="sub-nav-container sub-nav-level level-3">
	<ul class="sub-nav-links" aria-hidden="true">
		<li data-level="3" class=""
	role="menuitem"  data-auid = "energy-drinks">
	<a class="sub-nav-link" href="/Food/Drinks/Sports-%26-Energy/Energy-Drinks/c/RCSS001006007001?navid=energy-drinks" tabIndex="-1">
	        Energy Drinks</a>
	</li><li data-level="3" class=""
	role="menuitem"  data-auid = "sports-drinks">
	<a class="sub-nav-link" href="/Food/Drinks/Sports-%26-Energy/Sports-Drinks/c/RCSS001006007003?navid=sports-drinks" tabIndex="-1">
	        Sports Drinks</a>
	</li><li data-level="3" class=""
	role="menuitem"  data-auid = "meal-replacements">
	<a class="sub-nav-link" href="/Food/Drinks/Sports-%26-Energy/Meal-Replacements/c/RCSS001006007004?navid=meal-replacements" tabIndex="-1">
	        Meal Replacements</a>
	</li><li class="last see-all" role="menuitem" data-level="3" data-auid = "sports-and-energy">
			<a class="see-all-link" href="/Food/Drinks/Sports-%26-Energy/c/RCSS001006007000?navid=sports-energy" tabIndex="-1" >
			    See all products</a>
		</li>
	</ul>

	</div></li><li data-level="2" class="more"
	role="menuitem"  data-auid = "coffee">
	<a class="sub-nav-link" href="/Food/Drinks/Coffee/c/RCSS001006001000?navid=coffee" tabIndex="-1">
	        Coffee<span class="more-indicator"></span>
		    </a>
	<div class="sub-nav-container sub-nav-level level-3">
	<ul class="sub-nav-links" aria-hidden="true">
		<li data-level="3" class=""
	role="menuitem"  data-auid = "ground-coffee">
	<a class="sub-nav-link" href="/Food/Drinks/Coffee/Ground-Coffee/c/RCSS001006001004?navid=ground-coffee" tabIndex="-1">
	        Ground Coffee</a>
	</li><li data-level="3" class=""
	role="menuitem"  data-auid = "coffee-pods">
	<a class="sub-nav-link" href="/Food/Drinks/Coffee/Coffee-Pods/c/RCSS001006001002?navid=coffee-pods" tabIndex="-1">
	        Coffee Pods</a>
	</li><li data-level="3" class=""
	role="menuitem"  data-auid = "instant-coffee">
	<a class="sub-nav-link" href="/Food/Drinks/Coffee/Instant-Coffee/c/RCSS001006001007?navid=instant-coffee" tabIndex="-1">
	        Instant Coffee</a>
	</li><li data-level="3" class=""
	role="menuitem"  data-auid = "whole-bean">
	<a class="sub-nav-link" href="/Food/Drinks/Coffee/Whole-Bean/c/RCSS001006001008?navid=whole-bean" tabIndex="-1">
	        Whole Bean</a>
	</li><li data-level="3" class=""
	role="menuitem"  data-auid = "iced-coffee">
	<a class="sub-nav-link" href="/No-Navigation-Supercategory/Iced-Teas-%26-Coffees/Iced-Coffee/c/RCSS001006003002?navid=iced-coffee" tabIndex="-1">
	        Iced Coffee</a>
	</li><li data-level="3" class=""
	role="menuitem"  data-auid = "coffee-filters">
	<a class="sub-nav-link" href="/Food/Drinks/Coffee/Coffee-Filters/c/RCSS001006001009?navid=coffee-filters" tabIndex="-1">
	        Coffee Filters</a>
	</li><li data-level="3" class=""
	role="menuitem"  data-auid = "coffee-whiteners">
	<a class="sub-nav-link" href="/Food/Drinks/Coffee/Coffee-Whiteners/c/RCSS001006001003?navid=coffee-whiteners" tabIndex="-1">
	        Coffee Whiteners</a>
	</li><li data-level="3" class=""
	role="menuitem"  data-auid = "accessories">
	<a class="sub-nav-link" href="/Food/Drinks/Coffee/Accessories/c/RCSS001006001010?navid=accessories" tabIndex="-1">
	        Accessories</a>
	</li><li class="last see-all" role="menuitem" data-level="3" data-auid = "coffee">
			<a class="see-all-link" href="/Food/Drinks/Coffee/c/RCSS001006001000?navid=coffee" tabIndex="-1" >
			    See all products</a>
		</li>
	</ul>

	</div></li><li data-level="2" class="more"
	role="menuitem"  data-auid = "tea-and-hot-drinks">
	<a class="sub-nav-link" href="/Food/Drinks/Tea-%26-Hot-Drinks/c/RCSS001006008000?navid=tea-hot-drinks" tabIndex="-1">
	        Tea & Hot Drinks<span class="more-indicator"></span>
		    </a>
	<div class="sub-nav-container sub-nav-level level-3">
	<ul class="sub-nav-links" aria-hidden="true">
		<li data-level="3" class=""
	role="menuitem"  data-auid = "black-tea">
	<a class="sub-nav-link" href="/Food/Drinks/Tea-%26-Hot-Drinks/Black-Tea/c/RCSS001006008001?navid=black-tea" tabIndex="-1">
	        Black Tea</a>
	</li><li data-level="3" class=""
	role="menuitem"  data-auid = "green-tea">
	<a class="sub-nav-link" href="/Food/Drinks/Tea-%26-Hot-Drinks/Green-Tea/c/RCSS001006008003?navid=green-tea" tabIndex="-1">
	        Green Tea</a>
	</li><li data-level="3" class=""
	role="menuitem"  data-auid = "herbal-tea">
	<a class="sub-nav-link" href="/Food/Drinks/Tea-%26-Hot-Drinks/Herbal-Tea/c/RCSS001006008009?navid=herbal-tea" tabIndex="-1">
	        Herbal Tea</a>
	</li><li data-level="3" class=""
	role="menuitem"  data-auid = "specialty-tea">
	<a class="sub-nav-link" href="/Food/Drinks/Tea-%26-Hot-Drinks/Specialty-Tea/c/RCSS001006008005?navid=specialty-tea" tabIndex="-1">
	        Specialty Tea</a>
	</li><li data-level="3" class=""
	role="menuitem"  data-auid = "tea-pods">
	<a class="sub-nav-link" href="/Food/Drinks/Tea-%26-Hot-Drinks/Tea-Pods/c/RCSS001006008008?navid=tea-pods" tabIndex="-1">
	        Tea Pods</a>
	</li><li data-level="3" class=""
	role="menuitem"  data-auid = "iced-tea">
	<a class="sub-nav-link" href="/No-Navigation-Supercategory/Iced-Teas-%26-Coffees/Iced-Tea/c/RCSS001006003001?navid=iced-tea" tabIndex="-1">
	        Iced Tea</a>
	</li><li data-level="3" class=""
	role="menuitem"  data-auid = "hot-chocolate">
	<a class="sub-nav-link" href="/Food/Drinks/Tea-%26-Hot-Drinks/Hot-Chocolate/c/RCSS001006008002?navid=hot-chocolate" tabIndex="-1">
	        Hot Chocolate</a>
	</li><li data-level="3" class=""
	role="menuitem"  data-auid = "hot-cider">
	<a class="sub-nav-link" href="/Food/Drinks/Tea-%26-Hot-Drinks/Hot-Cider/c/RCSS001006008004?navid=hot-cider" tabIndex="-1">
	        Hot Cider</a>
	</li><li data-level="3" class=""
	role="menuitem"  data-auid = "variety-packs">
	<a class="sub-nav-link" href="/Food/Drinks/Tea-%26-Hot-Drinks/Variety-Packs/c/RCSS001006008007?navid=variety-packs" tabIndex="-1">
	        Variety Packs</a>
	</li><li data-level="3" class=""
	role="menuitem"  data-auid = "kettles">
	<a class="sub-nav-link" href="/Home-%26-Lifestyle/Home-%26-Outdoors/Small-Kitchen-Appliances/Kettles/c/RCSS002009011005?navid=kettles" tabIndex="-1">
	        Kettles</a>
	</li><li class="last see-all" role="menuitem" data-level="3" data-auid = "tea-and-hot-drinks">
			<a class="see-all-link" href="/Food/Drinks/Tea-%26-Hot-Drinks/c/RCSS001006008000?navid=tea-hot-drinks" tabIndex="-1" >
			    See all products</a>
		</li>
	</ul>

	</div></li><li data-level="2" class="more"
	role="menuitem"  data-auid = "water">
	<a class="sub-nav-link" href="/Food/Drinks/Water/c/RCSS001006009000?navid=water" tabIndex="-1">
	        Water<span class="more-indicator"></span>
		    </a>
	<div class="sub-nav-container sub-nav-level level-3">
	<ul class="sub-nav-links" aria-hidden="true">
		<li data-level="3" class=""
	role="menuitem"  data-auid = "up-to-1.5l-water">
	<a class="sub-nav-link" href="/Food/Drinks/Water/Up-to-1-5L-Water/c/RCSS001006009006?navid=up-to-15l-water" tabIndex="-1">
	        Up to 1.5L Water</a>
	</li><li data-level="3" class=""
	role="menuitem"  data-auid = "4l-and-up-water">
	<a class="sub-nav-link" href="/Food/Drinks/Water/4L-%26-Up-Water/c/RCSS001006009007?navid=4l-up-water" tabIndex="-1">
	        4L & Up Water</a>
	</li><li data-level="3" class=""
	role="menuitem"  data-auid = "4---6-pack-water">
	<a class="sub-nav-link" href="/Food/Drinks/Water/4---6-Pack-Water/c/RCSS001006009008?navid=4-6-pack-water" tabIndex="-1">
	        4 - 6 Pack Water</a>
	</li><li data-level="3" class=""
	role="menuitem"  data-auid = "8---15-pack-water">
	<a class="sub-nav-link" href="/Food/Drinks/Water/8---15-Pack-Water/c/RCSS001006009009?navid=8-15-pack-water" tabIndex="-1">
	        8 - 15 Pack Water</a>
	</li><li data-level="3" class=""
	role="menuitem"  data-auid = "18-pack-and-up-water">
	<a class="sub-nav-link" href="/Food/Drinks/Water/18-Pack-%26-Up-Water/c/RCSS001006009010?navid=18-pack-up-water" tabIndex="-1">
	        18 Pack & Up Water</a>
	</li><li data-level="3" class=""
	role="menuitem"  data-auid = "sparkling-water">
	<a class="sub-nav-link" href="/Food/Drinks/Water/Sparkling-Water/c/RCSS001006009001?navid=sparkling-water" tabIndex="-1">
	        Sparkling Water</a>
	</li><li data-level="3" class=""
	role="menuitem"  data-auid = "tonic-water">
	<a class="sub-nav-link" href="/Food/Drinks/Water/Tonic-Water/c/RCSS001006009004?navid=tonic-water" tabIndex="-1">
	        Tonic Water</a>
	</li><li data-level="3" class=""
	role="menuitem"  data-auid = "flavoured-water">
	<a class="sub-nav-link" href="/Food/Drinks/Water/Flavoured-Water/c/RCSS001006009005?navid=flavoured-water" tabIndex="-1">
	        Flavoured Water</a>
	</li><li data-level="3" class=""
	role="menuitem"  data-auid = "coconut-water">
	<a class="sub-nav-link" href="/Food/Drinks/Water/Coconut-Water/c/RCSS001006009002?navid=coconut-water" tabIndex="-1">
	        Coconut Water</a>
	</li><li data-level="3" class=""
	role="menuitem"  data-auid = "bottled-water">
	<a class="sub-nav-link" href="/Food/Drinks/Water/Bottled-Water/c/RCSS001006009003?navid=bottled-water" tabIndex="-1">
	        Bottled Water</a>
	</li><li class="last see-all" role="menuitem" data-level="3" data-auid = "water">
			<a class="see-all-link" href="/Food/Drinks/Water/c/RCSS001006009000?navid=water" tabIndex="-1" >
			    See all products</a>
		</li>
	</ul>

	</div></li><li data-level="2" class="more"
	role="menuitem"  data-auid = "drink-mixes">
	<a class="sub-nav-link" href="/Food/Drinks/Drink-Mixes/c/RCSS001006002000?navid=drink-mixes" tabIndex="-1">
	        Drink Mixes<span class="more-indicator"></span>
		    </a>
	<div class="sub-nav-container sub-nav-level level-3">
	<ul class="sub-nav-links" aria-hidden="true">
		<li data-level="3" class=""
	role="menuitem"  data-auid = "liquid-drink-mix">
	<a class="sub-nav-link" href="/Food/Drinks/Drink-Mixes/Liquid-Drink-Mix/c/RCSS001006002001?navid=liquid-drink-mix" tabIndex="-1">
	        Liquid Drink Mix</a>
	</li><li data-level="3" class=""
	role="menuitem"  data-auid = "powdered-drink-mixes">
	<a class="sub-nav-link" href="/Food/Drinks/Drink-Mixes/Powdered-Drink-Mixes/c/RCSS001006002002?navid=powdered-drink-mixes" tabIndex="-1">
	        Powdered Drink Mixes</a>
	</li><li class="last see-all" role="menuitem" data-level="3" data-auid = "drink-mixes">
			<a class="see-all-link" href="/Food/Drinks/Drink-Mixes/c/RCSS001006002000?navid=drink-mixes" tabIndex="-1" >
			    See all products</a>
		</li>
	</ul>

	</div></li><li data-level="2" class="more"
	role="menuitem"  data-auid = "soy,-rice-and-almond">
	<a class="sub-nav-link" href="/Food/Drinks/Soy%2C-Rice-%26-Almond/c/RCSS001006006000?navid=soy-rice-almond" tabIndex="-1">
	        Soy, Rice & Almond<span class="more-indicator"></span>
		    </a>
	<div class="sub-nav-container sub-nav-level level-3">
	<ul class="sub-nav-links" aria-hidden="true">
		<li data-level="3" class=""
	role="menuitem"  data-auid = "rice-milk">
	<a class="sub-nav-link" href="/Food/Drinks/Soy%2C-Rice-%26-Almond/Rice-Milk/c/RCSS001006006003?navid=rice-milk" tabIndex="-1">
	        Rice Milk</a>
	</li><li data-level="3" class=""
	role="menuitem"  data-auid = "nut-and-seed-milks">
	<a class="sub-nav-link" href="/Food/Drinks/Soy%2C-Rice-%26-Almond/Nut-%26-Seed-Milks/c/RCSS001006006002?navid=nut-seed-milks" tabIndex="-1">
	        Nut & Seed Milks</a>
	</li><li data-level="3" class=""
	role="menuitem"  data-auid = "soy-milk">
	<a class="sub-nav-link" href="/Food/Drinks/Soy%2C-Rice-%26-Almond/Soy-Milk/c/RCSS001006006001?navid=soy-milk" tabIndex="-1">
	        Soy Milk</a>
	</li><li class="last see-all" role="menuitem" data-level="3" data-auid = "soy,-rice-and-almond">
			<a class="see-all-link" href="/Food/Drinks/Soy%2C-Rice-%26-Almond/c/RCSS001006006000?navid=soy-rice-almond" tabIndex="-1" >
			    See all products</a>
		</li>
	</ul>

	</div></li><li data-level="2" class="more"
	role="menuitem"  data-auid = "alcohol-free">
	<a class="sub-nav-link" href="/Food/Drinks/Alcohol-Free/c/RCSS001006010000?navid=alcohol-free" tabIndex="-1">
	        Alcohol Free<span class="more-indicator"></span>
		    </a>
	<div class="sub-nav-container sub-nav-level level-3">
	<ul class="sub-nav-links" aria-hidden="true">
		<li data-level="3" class=""
	role="menuitem"  data-auid = "beer">
	<a class="sub-nav-link" href="/Food/Drinks/Alcohol-Free/Beer/c/RCSS001006010003?navid=beer" tabIndex="-1">
	        Beer</a>
	</li><li data-level="3" class=""
	role="menuitem"  data-auid = "wine">
	<a class="sub-nav-link" href="/Food/Drinks/Alcohol-Free/Wine/c/RCSS001006010001?navid=wine" tabIndex="-1">
	        Wine</a>
	</li><li data-level="3" class=""
	role="menuitem"  data-auid = "alcohol-free-drinks">
	<a class="sub-nav-link" href="/Food/Drinks/Alcohol-Free/Alcohol-Free-Drinks/c/RCSS001006010006?navid=alcohol-free-drinks" tabIndex="-1">
	        Alcohol Free Drinks</a>
	</li><li data-level="3" class=""
	role="menuitem"  data-auid = "cocktail-mixes">
	<a class="sub-nav-link" href="/Food/Drinks/Alcohol-Free/Cocktail-Mixes/c/RCSS001006002005?navid=cocktail-mixes" tabIndex="-1">
	        Cocktail Mixes</a>
	</li><li class="last see-all" role="menuitem" data-level="3" data-auid = "alcohol-free">
			<a class="see-all-link" href="/Food/Drinks/Alcohol-Free/c/RCSS001006010000?navid=alcohol-free" tabIndex="-1" >
			    See all products</a>
		</li>
	</ul>

	</div></li><li data-level="2" class=""
	role="menuitem"  data-auid = "club-packs">
	<a class="sub-nav-link" href="/Food/Drinks/Club-Packs/c/RCSS001006011000?navid=club-packs" tabIndex="-1">
	        Club Packs</a>
	</li><li class="last see-all" role="menuitem" data-level="2" data-auid = "drinks">
			<a class="see-all-link" href="/Food/Drinks/c/RCSS001006000000?navid=drinks" tabIndex="-1" >
			    See all products</a>
		</li>
	</ul>

	<div class="wrapper-promo-ad root-promo active-promo">















<div class="partial-nav-ad-var-1-large container">
	<a href="/Food/Drinks/c/RCSS001006000000" class="promo-link" target="">

		<div class="background-image">









<script>
/*! Picturefill - Responsive Images that work today. (and mimic the proposed Picture element with span elements). Author: Scott Jehl, Filament Group, 2012 | License: MIT/GPLv2 */

(function( w ){

	// Enable strict mode
	"use strict";

	w.picturefill = function() {
		var ps = w.document.getElementsByTagName( "span" );

		// Loop the pictures
		for( var i = 0, il = ps.length; i < il; i++ ){
			if( ps[ i ].getAttribute( "data-picture" ) !== null ){

				var sources = ps[ i ].getElementsByTagName( "span" ),
					matches = [];

				// See if which sources match
				for( var j = 0, jl = sources.length; j < jl; j++ ){
					var media = sources[ j ].getAttribute( "data-media" );
					// if there's no media specified, OR w.matchMedia is supported
					if( !media || ( w.matchMedia && w.matchMedia( media ).matches ) ){
						matches.push( sources[ j ] );
					}
				}

				// Find any existing img element in the picture element
				var picImg = ps[ i ].getElementsByTagName( "img" )[ 0 ];

				if( matches.length ){
					var matchedEl = matches.pop();
					if( !picImg || picImg.parentNode.nodeName === "NOSCRIPT" ){
						picImg = w.document.createElement( "img" );
						var alt = ps[ i ].getAttribute( "data-alt" );
						if (alt !== null) {
							picImg.alt = alt;
						}
					}
					else if( matchedEl === picImg.parentNode ){
						// Skip further actions if the correct image is already in place
						continue;
					}

					picImg.src =  matchedEl.getAttribute( "data-src" );
					picImg.setAttribute("usemap", matchedEl.getAttribute("data-usemap"));
					matchedEl.appendChild( picImg );
					picImg.removeAttribute("width");
					picImg.removeAttribute("height");
				}
				else if( picImg ){
					picImg.parentNode.removeChild( picImg );
				}
			}
		}
	};

	// Run on resize and domready (w.load as a fallback)
	if( w.addEventListener ){
		w.addEventListener( "resize", w.picturefill, false );
		w.addEventListener( "DOMContentLoaded", function(){
			w.picturefill();
			// Run once only
			w.removeEventListener( "load", w.picturefill, false );
		}, false );
		w.addEventListener( "load", w.picturefill, false );
	}
	else if( w.attachEvent ){
		w.attachEvent( "onload", w.picturefill );
	}
}( this ));
</script>
<!-- Begin Template: ConfigurableContentAdaptiveImage -->

<span data-picture data-alt="" data-target="" data-usemap="" data-closest=".background-image" data-target-attribute="background-image" class="module-adaptive-image loading">
	<span class="sm" data-src="https://assets.shop.loblaws.ca/ContentMedia/rcss/marketing/2016/categoryl2s/RCSS_L2-categories_drinks_b3_en.jpg" data-usemap="-rim-sm"></span>
	<span class="sm" data-src="https://assets.shop.loblaws.ca/ContentMedia/rcss/marketing/2016/categoryl2s/RCSS_L2-categories_drinks_b3_en.jpg" data-usemap="-rim-sm-retina" data-media="(min-device-pixel-ratio: 2.0)"></span>
	<span class="md" data-src="https://assets.shop.loblaws.ca/ContentMedia/rcss/marketing/2016/categoryl2s/RCSS_L2-categories_drinks_b2_en.jpg" data-usemap="-rim-md" data-media="(min-width: 651px)"></span>
	<span class="md" data-src="https://assets.shop.loblaws.ca/ContentMedia/rcss/marketing/2016/categoryl2s/RCSS_L2-categories_drinks_b2_en.jpg" data-usemap="-rim-md-retina" data-media="(min-width: 651px) and (min-device-pixel-ratio: 2.0)"></span>
	<span class="lg" data-src="https://assets.shop.loblaws.ca/ContentMedia/rcss/marketing/2016/categoryl2s/RCSS_L2-categories_drinks_b1_en.jpg" data-usemap="-rim-lg" data-media="(min-width: 960px)"></span>
	<span class="lg" data-src="https://assets.shop.loblaws.ca/ContentMedia/rcss/marketing/2016/categoryl2s/RCSS_L2-categories_drinks_b1_en.jpg" data-usemap="-rim-lg-retina" data-media="(min-width: 960px) and (min-device-pixel-ratio: 2.0)"></span>

	<img src="https://assets.shop.loblaws.ca/ContentMedia/rcss/spacer.gif" alt="Shop Now" onError="this.onerror=null;this.src='https://assets.shop.loblaws.ca/ContentMedia/rcss/marketing/2016/categoryl2s/RCSS_L2-categories_drinks_b3_en.jpg';" />

	<!--[if (lt IE 9) & (!IEMobile)]>
		<img class="lg" src="https://assets.shop.loblaws.ca/ContentMedia/rcss/marketing/2016/categoryl2s/RCSS_L2-categories_drinks_b1_en.jpg" alt="" usemap="-rim-lg">
	<![endif]-->

</span>
<!-- End Template: ConfigurableContentAdaptiveImage -->
		</div>

		<div class="row">
			<div class="wrapper-nav-ad-var-1-large">
				<div class="promo-content-holder">
					<h3></h3>
					<p></p>

				</div>
			</div>
		</div>

	</a>
</div>
>
</div>
	</div></li><li data-level="1" class="more"
	role="menuitem"  data-auid = "frozen">
	<a class="sub-nav-link" href="/Food/Frozen/c/RCSS001007000000?navid=frozen" tabIndex="-1">
	        Frozen<span class="more-indicator"></span>
		    </a>
	<div class="sub-nav-container sub-nav-level level-2">
	<ul class="sub-nav-links" aria-hidden="true">
		<li data-level="2" class=""
	role="menuitem"  data-auid = "always-a-low-price">
	<a class="sub-nav-link" href="/Food/Frozen/Always-a-Low-Price/c/RCSS001007013000?navid=always-a-low-price" tabIndex="-1">
	        Always a Low Price</a>
	</li><li data-level="2" class="more"
	role="menuitem"  data-auid = "appetizers-and-snacks">
	<a class="sub-nav-link" href="/Food/Frozen/Appetizers-%26-Snacks/c/RCSS001007001000?navid=appetizers-snacks" tabIndex="-1">
	        Appetizers & Snacks<span class="more-indicator"></span>
		    </a>
	<div class="sub-nav-container sub-nav-level level-3">
	<ul class="sub-nav-links" aria-hidden="true">
		<li data-level="3" class=""
	role="menuitem"  data-auid = "hors-d’oeuvres">
	<a class="sub-nav-link" href="/Food/Frozen/Appetizers-%26-Snacks/Hors-d%E2%80%99oeuvres/c/RCSS001007001003?navid=hors-doeuvres" tabIndex="-1">
	        Hors d’oeuvres</a>
	</li><li data-level="3" class=""
	role="menuitem"  data-auid = "pockets-and-pies">
	<a class="sub-nav-link" href="/Food/Frozen/Appetizers-%26-Snacks/Pockets-%26-Pies/c/RCSS001007001004?navid=pockets-pies" tabIndex="-1">
	        Pockets & Pies</a>
	</li><li data-level="3" class=""
	role="menuitem"  data-auid = "corn-dogs-and-burritos">
	<a class="sub-nav-link" href="/Food/Frozen/Appetizers-%26-Snacks/Corn-Dogs-%26-Burritos/c/RCSS001007001002?navid=corn-dogs-burritos" tabIndex="-1">
	        Corn Dogs & Burritos</a>
	</li><li class="last see-all" role="menuitem" data-level="3" data-auid = "appetizers-and-snacks">
			<a class="see-all-link" href="/Food/Frozen/Appetizers-%26-Snacks/c/RCSS001007001000?navid=appetizers-snacks" tabIndex="-1" >
			    See all products</a>
		</li>
	</ul>

	</div></li><li data-level="2" class="more"
	role="menuitem"  data-auid = "bakery-and-fruit">
	<a class="sub-nav-link" href="/Food/Frozen/Bakery-%26-Fruit/c/RCSS001007002000?navid=bakery-fruit" tabIndex="-1">
	        Bakery & Fruit<span class="more-indicator"></span>
		    </a>
	<div class="sub-nav-container sub-nav-level level-3">
	<ul class="sub-nav-links" aria-hidden="true">
		<li data-level="3" class=""
	role="menuitem"  data-auid = "fruit">
	<a class="sub-nav-link" href="/Food/Frozen/Bakery-%26-Fruit/Fruit/c/RCSS001007002007?navid=fruit" tabIndex="-1">
	        Fruit</a>
	</li><li data-level="3" class=""
	role="menuitem"  data-auid = "bread-and-baked">
	<a class="sub-nav-link" href="/Food/Frozen/Bakery-%26-Fruit/Bread-%26-Baked/c/RCSS001007002004?navid=bread-baked" tabIndex="-1">
	        Bread & Baked</a>
	</li><li data-level="3" class=""
	role="menuitem"  data-auid = "cheesecakes-and-pies">
	<a class="sub-nav-link" href="/Food/Frozen/Bakery-%26-Fruit/Cheesecakes-%26-Pies/c/RCSS001007002001?navid=cheesecakes-pies" tabIndex="-1">
	        Cheesecakes & Pies</a>
	</li><li data-level="3" class=""
	role="menuitem"  data-auid = "frozen-cakes">
	<a class="sub-nav-link" href="/Food/Frozen/Bakery-%26-Fruit/Frozen-Cakes/c/RCSS001007002002?navid=frozen-cakes" tabIndex="-1">
	        Frozen Cakes</a>
	</li><li data-level="3" class=""
	role="menuitem"  data-auid = "pie-shells-and-dough">
	<a class="sub-nav-link" href="/Food/Frozen/Bakery-%26-Fruit/Pie-Shells-%26-Dough/c/RCSS001007002003?navid=pie-shells-dough" tabIndex="-1">
	        Pie Shells & Dough</a>
	</li><li data-level="3" class=""
	role="menuitem"  data-auid = "dessert-toppings">
	<a class="sub-nav-link" href="/Food/Frozen/Bakery-%26-Fruit/Dessert-Toppings/c/RCSS001007002005?navid=dessert-toppings" tabIndex="-1">
	        Dessert Toppings</a>
	</li><li class="last see-all" role="menuitem" data-level="3" data-auid = "bakery-and-fruit">
			<a class="see-all-link" href="/Food/Frozen/Bakery-%26-Fruit/c/RCSS001007002000?navid=bakery-fruit" tabIndex="-1" >
			    See all products</a>
		</li>
	</ul>

	</div></li><li data-level="2" class="more"
	role="menuitem"  data-auid = "beverages-and-ice">
	<a class="sub-nav-link" href="/Food/Frozen/Beverages-%26-Ice/c/RCSS001007003000?navid=beverages-ice" tabIndex="-1">
	        Beverages & Ice<span class="more-indicator"></span>
		    </a>
	<div class="sub-nav-container sub-nav-level level-3">
	<ul class="sub-nav-links" aria-hidden="true">
		<li data-level="3" class=""
	role="menuitem"  data-auid = "juices">
	<a class="sub-nav-link" href="/Food/Frozen/Beverages-%26-Ice/Juices/c/RCSS001007003001?navid=juices" tabIndex="-1">
	        Juices</a>
	</li><li data-level="3" class=""
	role="menuitem"  data-auid = "ice">
	<a class="sub-nav-link" href="/Food/Frozen/Beverages-%26-Ice/Ice/c/RCSS001007003003?navid=ice" tabIndex="-1">
	        Ice</a>
	</li><li class="last see-all" role="menuitem" data-level="3" data-auid = "beverages-and-ice">
			<a class="see-all-link" href="/Food/Frozen/Beverages-%26-Ice/c/RCSS001007003000?navid=beverages-ice" tabIndex="-1" >
			    See all products</a>
		</li>
	</ul>

	</div></li><li data-level="2" class="more"
	role="menuitem"  data-auid = "breakfast-foods">
	<a class="sub-nav-link" href="/Food/Frozen/Breakfast-Foods/c/RCSS001007004000?navid=breakfast-foods" tabIndex="-1">
	        Breakfast Foods<span class="more-indicator"></span>
		    </a>
	<div class="sub-nav-container sub-nav-level level-3">
	<ul class="sub-nav-links" aria-hidden="true">
		<li data-level="3" class=""
	role="menuitem"  data-auid = "waffles,-pancakes-and-french-toast">
	<a class="sub-nav-link" href="/Food/Frozen/Breakfast-Foods/Waffles%2C-Pancakes-%26-French-Toast/c/RCSS001007004001?navid=waffles-pancakes-french-toast" tabIndex="-1">
	        Waffles, Pancakes & French Toast</a>
	</li><li data-level="3" class=""
	role="menuitem"  data-auid = "hashbrowns">
	<a class="sub-nav-link" href="/Food/Frozen/Breakfast-Foods/Hashbrowns/c/RCSS001007004005?navid=hashbrowns" tabIndex="-1">
	        Hashbrowns</a>
	</li><li data-level="3" class=""
	role="menuitem"  data-auid = "toaster-pastries-and-muffins">
	<a class="sub-nav-link" href="/Food/Frozen/Breakfast-Foods/Toaster-Pastries-%26-Muffins/c/RCSS001007004002?navid=toaster-pastries-muffins" tabIndex="-1">
	        Toaster Pastries & Muffins</a>
	</li><li data-level="3" class=""
	role="menuitem"  data-auid = "breakfast-sandwiches">
	<a class="sub-nav-link" href="/Food/Frozen/Breakfast-Foods/Breakfast-Sandwiches/c/RCSS001007004003?navid=breakfast-sandwiches" tabIndex="-1">
	        Breakfast Sandwiches</a>
	</li><li class="last see-all" role="menuitem" data-level="3" data-auid = "breakfast-foods">
			<a class="see-all-link" href="/Food/Frozen/Breakfast-Foods/c/RCSS001007004000?navid=breakfast-foods" tabIndex="-1" >
			    See all products</a>
		</li>
	</ul>

	</div></li><li data-level="2" class="more"
	role="menuitem"  data-auid = "ice-cream-and-treats">
	<a class="sub-nav-link" href="/Food/Frozen/Ice-Cream-%26-Treats/c/RCSS001007006000?navid=ice-cream-treats" tabIndex="-1">
	        Ice Cream & Treats<span class="more-indicator"></span>
		    </a>
	<div class="sub-nav-container sub-nav-level level-3">
	<ul class="sub-nav-links" aria-hidden="true">
		<li data-level="3" class=""
	role="menuitem"  data-auid = "ice-cream-tubs-and-treats">
	<a class="sub-nav-link" href="/Food/Frozen/Ice-Cream-%26-Treats/Ice-Cream-Tubs-%26-Treats/c/RCSS001007006006?navid=ice-cream-tubs-treats" tabIndex="-1">
	        Ice Cream Tubs & Treats</a>
	</li><li data-level="3" class=""
	role="menuitem"  data-auid = "frozen-yogurt-and-gelato">
	<a class="sub-nav-link" href="/Food/Frozen/Ice-Cream-%26-Treats/Frozen-Yogurt-%26-Gelato/c/RCSS001007006003?navid=frozen-yogurt-gelato" tabIndex="-1">
	        Frozen Yogurt & Gelato</a>
	</li><li data-level="3" class=""
	role="menuitem"  data-auid = "sherbert-and-sorbet">
	<a class="sub-nav-link" href="/Food/Frozen/Ice-Cream-%26-Treats/Sherbert-%26-Sorbet/c/RCSS001007006002?navid=sherbert-sorbet" tabIndex="-1">
	        Sherbert & Sorbet</a>
	</li><li data-level="3" class=""
	role="menuitem"  data-auid = "ice-cream-bars-and-treats">
	<a class="sub-nav-link" href="/Food/Frozen/Ice-Cream-%26-Treats/Ice-Cream-Bars-%26-Treats/c/RCSS001007006005?navid=ice-cream-bars-treats" tabIndex="-1">
	        Ice Cream Bars & Treats</a>
	</li><li data-level="3" class=""
	role="menuitem"  data-auid = "popsicles-and-fruit-bars">
	<a class="sub-nav-link" href="/Food/Frozen/Ice-Cream-%26-Treats/Popsicles-%26-Fruit-Bars/c/RCSS001007006004?navid=popsicles-fruit-bars" tabIndex="-1">
	        Popsicles & Fruit Bars</a>
	</li><li data-level="3" class=""
	role="menuitem"  data-auid = "ice-cream-cakes">
	<a class="sub-nav-link" href="/Food/Frozen/Ice-Cream-%26-Treats/Ice-Cream-Cakes/c/RCSS001007006001?navid=ice-cream-cakes" tabIndex="-1">
	        Ice Cream Cakes</a>
	</li><li class="last see-all" role="menuitem" data-level="3" data-auid = "ice-cream-and-treats">
			<a class="see-all-link" href="/Food/Frozen/Ice-Cream-%26-Treats/c/RCSS001007006000?navid=ice-cream-treats" tabIndex="-1" >
			    See all products</a>
		</li>
	</ul>

	</div></li><li data-level="2" class=""
	role="menuitem"  data-auid = "frozen-meals">
	<a class="sub-nav-link" href="/Food/Frozen/Frozen-Meals/c/RCSS001007007000?navid=frozen-meals" tabIndex="-1">
	        Frozen Meals</a>
	</li><li data-level="2" class="more"
	role="menuitem"  data-auid = "meat-and-poultry">
	<a class="sub-nav-link" href="/Food/Frozen/Meat-%26-Poultry/c/RCSS001007008000?navid=meat-poultry" tabIndex="-1">
	        Meat & Poultry<span class="more-indicator"></span>
		    </a>
	<div class="sub-nav-container sub-nav-level level-3">
	<ul class="sub-nav-links" aria-hidden="true">
		<li data-level="3" class=""
	role="menuitem"  data-auid = "chicken-and-turkey">
	<a class="sub-nav-link" href="/Food/Frozen/Meat-%26-Poultry/Chicken-%26-Turkey/c/RCSS001007008001?navid=chicken-turkey" tabIndex="-1">
	        Chicken & Turkey</a>
	</li><li data-level="3" class=""
	role="menuitem"  data-auid = "pork">
	<a class="sub-nav-link" href="/Food/Frozen/Meat-%26-Poultry/Pork/c/RCSS001007008003?navid=pork" tabIndex="-1">
	        Pork</a>
	</li><li data-level="3" class=""
	role="menuitem"  data-auid = "game-meat">
	<a class="sub-nav-link" href="/Food/Frozen/Meat-%26-Poultry/Game-Meat/c/RCSS001007008007?navid=game-meat" tabIndex="-1">
	        Game Meat</a>
	</li><li data-level="3" class=""
	role="menuitem"  data-auid = "burgers-and-meatballs">
	<a class="sub-nav-link" href="/Food/Frozen/Meat-%26-Poultry/Burgers-%26-Meatballs/c/RCSS001007008005?navid=burgers-meatballs" tabIndex="-1">
	        Burgers & Meatballs</a>
	</li><li data-level="3" class=""
	role="menuitem"  data-auid = "sausages-and-bacon">
	<a class="sub-nav-link" href="/Food/Frozen/Meat-%26-Poultry/Sausages-%26-Bacon/c/RCSS001007008004?navid=sausages-bacon" tabIndex="-1">
	        Sausages & Bacon</a>
	</li><li data-level="3" class=""
	role="menuitem"  data-auid = "meatless-meat">
	<a class="sub-nav-link" href="/Food/Frozen/Meat-%26-Poultry/Meatless-Meat/c/RCSS001007008009?navid=meatless-meat" tabIndex="-1">
	        Meatless Meat</a>
	</li><li class="last see-all" role="menuitem" data-level="3" data-auid = "meat-and-poultry">
			<a class="see-all-link" href="/Food/Frozen/Meat-%26-Poultry/c/RCSS001007008000?navid=meat-poultry" tabIndex="-1" >
			    See all products</a>
		</li>
	</ul>

	</div></li><li data-level="2" class="more"
	role="menuitem"  data-auid = "pizza-and-perogies">
	<a class="sub-nav-link" href="/Food/Frozen/Pizza-%26-Perogies/c/RCSS001007009000?navid=pizza-perogies" tabIndex="-1">
	        Pizza & Perogies<span class="more-indicator"></span>
		    </a>
	<div class="sub-nav-container sub-nav-level level-3">
	<ul class="sub-nav-links" aria-hidden="true">
		<li data-level="3" class=""
	role="menuitem"  data-auid = "meat-pizzas">
	<a class="sub-nav-link" href="/Food/Frozen/Pizza-%26-Perogies/Meat-Pizzas/c/RCSS001007009002?navid=meat-pizzas" tabIndex="-1">
	        Meat Pizzas</a>
	</li><li data-level="3" class=""
	role="menuitem"  data-auid = "chicken-and-seafood-pizzas">
	<a class="sub-nav-link" href="/Food/Frozen/Pizza-%26-Perogies/Chicken-%26-Seafood-Pizzas/c/RCSS001007009004?navid=chicken-seafood-pizzas" tabIndex="-1">
	        Chicken & Seafood Pizzas</a>
	</li><li data-level="3" class=""
	role="menuitem"  data-auid = "vegetarian-pizzas">
	<a class="sub-nav-link" href="/Food/Frozen/Pizza-%26-Perogies/Vegetarian-Pizzas/c/RCSS001007009003?navid=vegetarian-pizzas" tabIndex="-1">
	        Vegetarian Pizzas</a>
	</li><li data-level="3" class=""
	role="menuitem"  data-auid = "cheese-pizzas">
	<a class="sub-nav-link" href="/Food/Frozen/Pizza-%26-Perogies/Cheese-Pizzas/c/RCSS001007009001?navid=cheese-pizzas" tabIndex="-1">
	        Cheese Pizzas</a>
	</li><li data-level="3" class=""
	role="menuitem"  data-auid = "snack-and-handheld-pizzas">
	<a class="sub-nav-link" href="/Food/Frozen/Pizza-%26-Perogies/Snack-%26-Handheld-Pizzas/c/RCSS001007009006?navid=snack-handheld-pizzas" tabIndex="-1">
	        Snack & Handheld Pizzas</a>
	</li><li data-level="3" class=""
	role="menuitem"  data-auid = "perogies">
	<a class="sub-nav-link" href="/Food/Frozen/Pizza-%26-Perogies/Perogies/c/RCSS001007009007?navid=perogies" tabIndex="-1">
	        Perogies</a>
	</li><li data-level="3" class=""
	role="menuitem"  data-auid = "frozen-pasta">
	<a class="sub-nav-link" href="/Food/Frozen/Pizza-%26-Perogies/Frozen-Pasta/c/RCSS001007009005?navid=frozen-pasta" tabIndex="-1">
	        Frozen Pasta</a>
	</li><li class="last see-all" role="menuitem" data-level="3" data-auid = "pizza-and-perogies">
			<a class="see-all-link" href="/Food/Frozen/Pizza-%26-Perogies/c/RCSS001007009000?navid=pizza-perogies" tabIndex="-1" >
			    See all products</a>
		</li>
	</ul>

	</div></li><li data-level="2" class="more"
	role="menuitem"  data-auid = "vegetables">
	<a class="sub-nav-link" href="/Food/Frozen/Vegetables/c/RCSS001007010000?navid=vegetables" tabIndex="-1">
	        Vegetables<span class="more-indicator"></span>
		    </a>
	<div class="sub-nav-container sub-nav-level level-3">
	<ul class="sub-nav-links" aria-hidden="true">
		<li data-level="3" class=""
	role="menuitem"  data-auid = "vegetable-bags">
	<a class="sub-nav-link" href="/Food/Frozen/Vegetables/Vegetable-Bags/c/RCSS001007010004?navid=vegetable-bags" tabIndex="-1">
	        Vegetable Bags</a>
	</li><li data-level="3" class=""
	role="menuitem"  data-auid = "herbs">
	<a class="sub-nav-link" href="/Food/Frozen/Vegetables/Herbs/c/RCSS001007010007?navid=herbs" tabIndex="-1">
	        Herbs</a>
	</li><li data-level="3" class=""
	role="menuitem"  data-auid = "hashbrowns-and-patties">
	<a class="sub-nav-link" href="/Food/Frozen/Vegetables/Hashbrowns-%26-Patties/c/RCSS001007010003?navid=hashbrowns-patties" tabIndex="-1">
	        Hashbrowns & Patties</a>
	</li><li data-level="3" class=""
	role="menuitem"  data-auid = "stirfry-blends-and-edamame">
	<a class="sub-nav-link" href="/Food/Frozen/Vegetables/Stirfry-Blends-%26-Edamame/c/RCSS001007010006?navid=stirfry-blends-edamame" tabIndex="-1">
	        Stirfry Blends & Edamame</a>
	</li><li data-level="3" class=""
	role="menuitem"  data-auid = "french-fries-and-onion-rings">
	<a class="sub-nav-link" href="/Food/Frozen/Vegetables/French-Fries-%26-Onion-Rings/c/RCSS001007010002?navid=french-fries-onion-rings" tabIndex="-1">
	        French Fries & Onion Rings</a>
	</li><li data-level="3" class=""
	role="menuitem"  data-auid = "broccoli-and-cauliflower">
	<a class="sub-nav-link" href="/Food/Frozen/Vegetables/Broccoli-%26-Cauliflower/c/RCSS001007010005?navid=broccoli-cauliflower" tabIndex="-1">
	        Broccoli & Cauliflower</a>
	</li><li data-level="3" class=""
	role="menuitem"  data-auid = "spinach-and-kale">
	<a class="sub-nav-link" href="/Food/Frozen/Vegetables/Spinach-%26-Kale/c/RCSS001007010001?navid=spinach-kale" tabIndex="-1">
	        Spinach & Kale</a>
	</li><li class="last see-all" role="menuitem" data-level="3" data-auid = "vegetables">
			<a class="see-all-link" href="/Food/Frozen/Vegetables/c/RCSS001007010000?navid=vegetables" tabIndex="-1" >
			    See all products</a>
		</li>
	</ul>

	</div></li><li data-level="2" class=""
	role="menuitem"  data-auid = "club-packs">
	<a class="sub-nav-link" href="/Food/Frozen/Club-Packs/c/RCSS001007011000?navid=club-packs" tabIndex="-1">
	        Club Packs</a>
	</li><li data-level="2" class="more"
	role="menuitem"  data-auid = "frozen-seafood">
	<a class="sub-nav-link" href="/Food/Frozen/Frozen-Seafood/c/RCSS001007012000?navid=frozen-seafood" tabIndex="-1">
	        Frozen Seafood<span class="more-indicator"></span>
		    </a>
	<div class="sub-nav-container sub-nav-level level-3">
	<ul class="sub-nav-links" aria-hidden="true">
		<li data-level="3" class=""
	role="menuitem"  data-auid = "salmon">
	<a class="sub-nav-link" href="/Food/Frozen/Frozen-Seafood/Salmon/c/RCSS001007012001?navid=salmon" tabIndex="-1">
	        Salmon</a>
	</li><li data-level="3" class=""
	role="menuitem"  data-auid = "shrimp">
	<a class="sub-nav-link" href="/Food/Frozen/Frozen-Seafood/Shrimp/c/RCSS001007012002?navid=shrimp" tabIndex="-1">
	        Shrimp</a>
	</li><li data-level="3" class=""
	role="menuitem"  data-auid = "whole-fish-and-fillets">
	<a class="sub-nav-link" href="/Food/Frozen/Frozen-Seafood/Whole-Fish-%26-Fillets/c/RCSS001007012003?navid=whole-fish-fillets" tabIndex="-1">
	        Whole Fish & Fillets</a>
	</li><li data-level="3" class=""
	role="menuitem"  data-auid = "hors-d'oeuvres">
	<a class="sub-nav-link" href="/Food/Frozen/Frozen-Seafood/Hors-D%27oeuvres/c/RCSS001007012004?navid=hors-doeuvres" tabIndex="-1">
	        Hors D'oeuvres</a>
	</li><li data-level="3" class=""
	role="menuitem"  data-auid = "ready-to-cook">
	<a class="sub-nav-link" href="/Food/Frozen/Frozen-Seafood/Ready-To-Cook/c/RCSS001007012005?navid=ready-to-cook" tabIndex="-1">
	        Ready To Cook</a>
	</li><li data-level="3" class=""
	role="menuitem"  data-auid = "smoked-fish">
	<a class="sub-nav-link" href="/Food/Frozen/Frozen-Seafood/Smoked-Fish/c/RCSS001007012006?navid=smoked-fish" tabIndex="-1">
	        Smoked Fish</a>
	</li><li data-level="3" class=""
	role="menuitem"  data-auid = "shellfish,-squid-and-octopus">
	<a class="sub-nav-link" href="/Food/Frozen/Frozen-Seafood/Shellfish%2C-Squid-%26-Octopus/c/RCSS001007012007?navid=shellfish-squid-octopus" tabIndex="-1">
	        Shellfish, Squid & Octopus</a>
	</li><li class="last see-all" role="menuitem" data-level="3" data-auid = "frozen-seafood">
			<a class="see-all-link" href="/Food/Frozen/Frozen-Seafood/c/RCSS001007012000?navid=frozen-seafood" tabIndex="-1" >
			    See all products</a>
		</li>
	</ul>

	</div></li><li class="last see-all" role="menuitem" data-level="2" data-auid = "frozen">
			<a class="see-all-link" href="/Food/Frozen/c/RCSS001007000000?navid=frozen" tabIndex="-1" >
			    See all products</a>
		</li>
	</ul>

	<div class="wrapper-promo-ad root-promo active-promo">















<div class="partial-nav-ad-var-1-large container">
	<a href="/collections/PC%20Holiday%20Insiders/17197000000?icid=l2_holiday2018" class="promo-link" target="">

		<div class="background-image">









<script>
/*! Picturefill - Responsive Images that work today. (and mimic the proposed Picture element with span elements). Author: Scott Jehl, Filament Group, 2012 | License: MIT/GPLv2 */

(function( w ){

	// Enable strict mode
	"use strict";

	w.picturefill = function() {
		var ps = w.document.getElementsByTagName( "span" );

		// Loop the pictures
		for( var i = 0, il = ps.length; i < il; i++ ){
			if( ps[ i ].getAttribute( "data-picture" ) !== null ){

				var sources = ps[ i ].getElementsByTagName( "span" ),
					matches = [];

				// See if which sources match
				for( var j = 0, jl = sources.length; j < jl; j++ ){
					var media = sources[ j ].getAttribute( "data-media" );
					// if there's no media specified, OR w.matchMedia is supported
					if( !media || ( w.matchMedia && w.matchMedia( media ).matches ) ){
						matches.push( sources[ j ] );
					}
				}

				// Find any existing img element in the picture element
				var picImg = ps[ i ].getElementsByTagName( "img" )[ 0 ];

				if( matches.length ){
					var matchedEl = matches.pop();
					if( !picImg || picImg.parentNode.nodeName === "NOSCRIPT" ){
						picImg = w.document.createElement( "img" );
						var alt = ps[ i ].getAttribute( "data-alt" );
						if (alt !== null) {
							picImg.alt = alt;
						}
					}
					else if( matchedEl === picImg.parentNode ){
						// Skip further actions if the correct image is already in place
						continue;
					}

					picImg.src =  matchedEl.getAttribute( "data-src" );
					picImg.setAttribute("usemap", matchedEl.getAttribute("data-usemap"));
					matchedEl.appendChild( picImg );
					picImg.removeAttribute("width");
					picImg.removeAttribute("height");
				}
				else if( picImg ){
					picImg.parentNode.removeChild( picImg );
				}
			}
		}
	};

	// Run on resize and domready (w.load as a fallback)
	if( w.addEventListener ){
		w.addEventListener( "resize", w.picturefill, false );
		w.addEventListener( "DOMContentLoaded", function(){
			w.picturefill();
			// Run once only
			w.removeEventListener( "load", w.picturefill, false );
		}, false );
		w.addEventListener( "load", w.picturefill, false );
	}
	else if( w.attachEvent ){
		w.attachEvent( "onload", w.picturefill );
	}
}( this ));
</script>
<!-- Begin Template: ConfigurableContentAdaptiveImage -->

<span data-picture data-alt="" data-target="" data-usemap="" data-closest=".background-image" data-target-attribute="background-image" class="module-adaptive-image loading">
	<span class="sm" data-src="https://assets.shop.loblaws.ca/ContentMedia/rcss/marketing/2018/WK45/PC%20Insiders%20Holidays/L2/wk45_discount_l2_holidayinsiders_b3_en.png" data-usemap="-rim-sm"></span>
	<span class="sm" data-src="https://assets.shop.loblaws.ca/ContentMedia/rcss/marketing/2018/WK45/PC%20Insiders%20Holidays/L2/wk45_discount_l2_holidayinsiders_b3_en.png" data-usemap="-rim-sm-retina" data-media="(min-device-pixel-ratio: 2.0)"></span>
	<span class="md" data-src="https://assets.shop.loblaws.ca/ContentMedia/rcss/marketing/2018/WK45/PC%20Insiders%20Holidays/L2/wk45_discount_l2_holidayinsiders_b2_en.png" data-usemap="-rim-md" data-media="(min-width: 651px)"></span>
	<span class="md" data-src="https://assets.shop.loblaws.ca/ContentMedia/rcss/marketing/2018/WK45/PC%20Insiders%20Holidays/L2/wk45_discount_l2_holidayinsiders_b2_en.png" data-usemap="-rim-md-retina" data-media="(min-width: 651px) and (min-device-pixel-ratio: 2.0)"></span>
	<span class="lg" data-src="https://assets.shop.loblaws.ca/ContentMedia/rcss/marketing/2018/WK45/PC%20Insiders%20Holidays/L2/wk45_discount_l2_holidayinsiders_b1_en.png" data-usemap="-rim-lg" data-media="(min-width: 960px)"></span>
	<span class="lg" data-src="https://assets.shop.loblaws.ca/ContentMedia/rcss/marketing/2018/WK45/PC%20Insiders%20Holidays/L2/wk45_discount_l2_holidayinsiders_b1_en.png" data-usemap="-rim-lg-retina" data-media="(min-width: 960px) and (min-device-pixel-ratio: 2.0)"></span>

	<img src="https://assets.shop.loblaws.ca/ContentMedia/rcss/spacer.gif" alt="PC Insiders Collection Holiday Hits. Get Started" onError="this.onerror=null;this.src='https://assets.shop.loblaws.ca/ContentMedia/rcss/marketing/2018/WK45/PC%20Insiders%20Holidays/L2/wk45_discount_l2_holidayinsiders_b3_en.png';" />

	<!--[if (lt IE 9) & (!IEMobile)]>
		<img class="lg" src="https://assets.shop.loblaws.ca/ContentMedia/rcss/marketing/2018/WK45/PC%20Insiders%20Holidays/L2/wk45_discount_l2_holidayinsiders_b1_en.png" alt="" usemap="-rim-lg">
	<![endif]-->

</span>
<!-- End Template: ConfigurableContentAdaptiveImage -->
		</div>

		<div class="row">
			<div class="wrapper-nav-ad-var-1-large">
				<div class="promo-content-holder">
					<h3></h3>
					<p></p>

				</div>
			</div>
		</div>

	</a>
</div>
>
</div>
	</div></li><li data-level="1" class="more current"
	role="menuitem"  data-auid = "pantry">
	<a class="sub-nav-link" href="/Food/Pantry/c/RCSS001008000000?navid=pantry" tabIndex="-1">
	        Pantry<span class="more-indicator"></span>
		    </a>
	<div class="sub-nav-container sub-nav-level level-2">
	<ul class="sub-nav-links" aria-hidden="true">
		<li data-level="2" class="more"
	role="menuitem"  data-auid = "baby-food-and-formula">
	<a class="sub-nav-link" href="/Food/Pantry/Baby-Food-%26-Formula/c/RCSS001008001000?navid=baby-food-formula" tabIndex="-1">
	        Baby Food & Formula<span class="more-indicator"></span>
		    </a>
	<div class="sub-nav-container sub-nav-level level-3">
	<ul class="sub-nav-links" aria-hidden="true">
		<li data-level="3" class=""
	role="menuitem"  data-auid = "baby-formulas">
	<a class="sub-nav-link" href="/Food/Pantry/Baby-Food-%26-Formula/Baby-Formulas/c/RCSS001008001001?navid=baby-formulas" tabIndex="-1">
	        Baby Formulas</a>
	</li><li data-level="3" class=""
	role="menuitem"  data-auid = "dry-baby-food">
	<a class="sub-nav-link" href="/Food/Pantry/Baby-Food-%26-Formula/Dry-Baby-Food/c/RCSS001008001005?navid=dry-baby-food" tabIndex="-1">
	        Dry Baby Food</a>
	</li><li data-level="3" class=""
	role="menuitem"  data-auid = "toddler-food">
	<a class="sub-nav-link" href="/Food/Pantry/Baby-Food-%26-Formula/Toddler-Food/c/RCSS001008001006?navid=toddler-food" tabIndex="-1">
	        Toddler Food</a>
	</li><li data-level="3" class=""
	role="menuitem"  data-auid = "snacks-and-biscuits">
	<a class="sub-nav-link" href="/Food/Pantry/Baby-Food-%26-Formula/Snacks-%26-Biscuits/c/RCSS001008001007?navid=snacks-biscuits" tabIndex="-1">
	        Snacks & Biscuits</a>
	</li><li data-level="3" class=""
	role="menuitem"  data-auid = "organic-baby-food-and-formula">
	<a class="sub-nav-link" href="/Food/Pantry/Baby-Food-%26-Formula/Organic-Baby-Food-%26-Formula/c/RCSS001008001009?navid=organic-baby-food-formula" tabIndex="-1">
	        Organic Baby Food & Formula</a>
	</li><li data-level="3" class=""
	role="menuitem"  data-auid = "suggested-disposable-diapers">
	<a class="sub-nav-link" href="/Food/Pantry/Baby-Food-%26-Formula/Suggested-Disposable-Diapers/c/RCSS001008001010?navid=suggested-disposable-diapers" tabIndex="-1">
	        Suggested Disposable Diapers</a>
	</li><li class="last see-all" role="menuitem" data-level="3" data-auid = "baby-food-and-formula">
			<a class="see-all-link" href="/Food/Pantry/Baby-Food-%26-Formula/c/RCSS001008001000?navid=baby-food-formula" tabIndex="-1" >
			    See all products</a>
		</li>
	</ul>

	</div></li><li data-level="2" class="more"
	role="menuitem"  data-auid = "breakfast">
	<a class="sub-nav-link" href="/Food/Pantry/Breakfast/c/RCSS001008004000?navid=breakfast" tabIndex="-1">
	        Breakfast<span class="more-indicator"></span>
		    </a>
	<div class="sub-nav-container sub-nav-level level-3">
	<ul class="sub-nav-links" aria-hidden="true">
		<li data-level="3" class=""
	role="menuitem"  data-auid = "family-cereals">
	<a class="sub-nav-link" href="/Food/Pantry/Breakfast/Family-Cereals/c/RCSS001008004009?navid=family-cereals" tabIndex="-1">
	        Family Cereals</a>
	</li><li data-level="3" class=""
	role="menuitem"  data-auid = "adult-cereals">
	<a class="sub-nav-link" href="/Food/Pantry/Breakfast/Adult-Cereals/c/RCSS001008004008?navid=adult-cereals" tabIndex="-1">
	        Adult Cereals</a>
	</li><li data-level="3" class=""
	role="menuitem"  data-auid = "kids-cereals">
	<a class="sub-nav-link" href="/Food/Pantry/Breakfast/Kids-Cereals/c/RCSS001008004007?navid=kids-cereals" tabIndex="-1">
	        Kids Cereals</a>
	</li><li data-level="3" class=""
	role="menuitem"  data-auid = "muesli-and-granola">
	<a class="sub-nav-link" href="/Food/Pantry/Breakfast/Muesli-%26-Granola/c/RCSS001008004006?navid=muesli-granola" tabIndex="-1">
	        Muesli & Granola</a>
	</li><li data-level="3" class=""
	role="menuitem"  data-auid = "oatmeal-and-hot-cereals">
	<a class="sub-nav-link" href="/Food/Pantry/Breakfast/Oatmeal-%26-Hot-Cereals/c/RCSS001008004010?navid=oatmeal-hot-cereals" tabIndex="-1">
	        Oatmeal & Hot Cereals</a>
	</li><li data-level="3" class=""
	role="menuitem"  data-auid = "breakfast-bars-and-pastries">
	<a class="sub-nav-link" href="/Food/Pantry/Breakfast/Breakfast-Bars-%26-Pastries/c/RCSS001008004011?navid=breakfast-bars-pastries" tabIndex="-1">
	        Breakfast Bars & Pastries</a>
	</li><li data-level="3" class=""
	role="menuitem"  data-auid = "honey-and-syrups">
	<a class="sub-nav-link" href="/Food/Pantry/Breakfast/Honey-%26-Syrups/c/RCSS001008004002?navid=honey-syrups" tabIndex="-1">
	        Honey & Syrups</a>
	</li><li data-level="3" class=""
	role="menuitem"  data-auid = "nut-and-seed-butters">
	<a class="sub-nav-link" href="/Food/Pantry/Breakfast/Nut-%26-Seed-Butters/c/RCSS001008004004?navid=nut-seed-butters" tabIndex="-1">
	        Nut & Seed Butters</a>
	</li><li data-level="3" class=""
	role="menuitem"  data-auid = "jams,-jellies-and-preserves">
	<a class="sub-nav-link" href="/Food/Pantry/Breakfast/Jams%2C-Jellies-%26-Preserves/c/RCSS001008004003?navid=jams-jellies-preserves" tabIndex="-1">
	        Jams, Jellies & Preserves</a>
	</li><li data-level="3" class=""
	role="menuitem"  data-auid = "chocolate-and-sweet-spreads">
	<a class="sub-nav-link" href="/Food/Pantry/Breakfast/Chocolate-%26-Sweet-Spreads/c/RCSS001008004005?navid=chocolate-sweet-spreads" tabIndex="-1">
	        Chocolate & Sweet Spreads</a>
	</li><li data-level="3" class=""
	role="menuitem"  data-auid = "cheese-and-savory-spreads">
	<a class="sub-nav-link" href="/Food/Pantry/Breakfast/Cheese-%26-Savory-Spreads/c/RCSS001008004001?navid=cheese-savory-spreads" tabIndex="-1">
	        Cheese & Savory Spreads</a>
	</li><li class="last see-all" role="menuitem" data-level="3" data-auid = "breakfast">
			<a class="see-all-link" href="/Food/Pantry/Breakfast/c/RCSS001008004000?navid=breakfast" tabIndex="-1" >
			    See all products</a>
		</li>
	</ul>

	</div></li><li data-level="2" class="more"
	role="menuitem"  data-auid = "baking-ingredients">
	<a class="sub-nav-link" href="/Food/Pantry/Baking-Ingredients/c/RCSS001008002000?navid=baking-ingredients" tabIndex="-1">
	        Baking Ingredients<span class="more-indicator"></span>
		    </a>
	<div class="sub-nav-container sub-nav-level level-3">
	<ul class="sub-nav-links" aria-hidden="true">
		<li data-level="3" class=""
	role="menuitem"  data-auid = "canned-and-powdered-milk">
	<a class="sub-nav-link" href="/Food/Pantry/Baking-Ingredients/Canned-%26-Powdered-Milk/c/RCSS001008002011?navid=canned-powdered-milk" tabIndex="-1">
	        Canned & Powdered Milk</a>
	</li><li data-level="3" class=""
	role="menuitem"  data-auid = "chocolate-and-cocoa">
	<a class="sub-nav-link" href="/Food/Pantry/Baking-Ingredients/Chocolate-%26-Cocoa/c/RCSS001008002003?navid=chocolate-cocoa" tabIndex="-1">
	        Chocolate & Cocoa</a>
	</li><li data-level="3" class=""
	role="menuitem"  data-auid = "decorations-and-frosting">
	<a class="sub-nav-link" href="/Food/Pantry/Baking-Ingredients/Decorations-%26-Frosting/c/RCSS001008002002?navid=decorations-frosting" tabIndex="-1">
	        Decorations & Frosting</a>
	</li><li data-level="3" class=""
	role="menuitem"  data-auid = "doughs-and-crusts">
	<a class="sub-nav-link" href="/Food/Pantry/Baking-Ingredients/Doughs-%26-Crusts/c/RCSS001008002007?navid=doughs-crusts" tabIndex="-1">
	        Doughs & Crusts</a>
	</li><li data-level="3" class=""
	role="menuitem"  data-auid = "extracts-and-colouring">
	<a class="sub-nav-link" href="/Food/Pantry/Baking-Ingredients/Extracts-%26-Colouring/c/RCSS001008002008?navid=extracts-colouring" tabIndex="-1">
	        Extracts & Colouring</a>
	</li><li data-level="3" class=""
	role="menuitem"  data-auid = "flour-and-baking-aides">
	<a class="sub-nav-link" href="/Food/Pantry/Baking-Ingredients/Flour-%26-Baking-Aides/c/RCSS001008002009?navid=flour-baking-aides" tabIndex="-1">
	        Flour & Baking Aides</a>
	</li><li data-level="3" class=""
	role="menuitem"  data-auid = "fruit,-seeds-and-nuts">
	<a class="sub-nav-link" href="/Food/Pantry/Baking-Ingredients/Fruit%2C-Seeds-%26-Nuts/c/RCSS001008002010?navid=fruit-seeds-nuts" tabIndex="-1">
	        Fruit, Seeds & Nuts</a>
	</li><li data-level="3" class=""
	role="menuitem"  data-auid = "kits,-mixes-and-filling">
	<a class="sub-nav-link" href="/Food/Pantry/Baking-Ingredients/Kits%2C-Mixes-%26-Filling/c/RCSS001008002001?navid=kits-mixes-filling" tabIndex="-1">
	        Kits, Mixes & Filling</a>
	</li><li data-level="3" class=""
	role="menuitem"  data-auid = "meals-and-grains">
	<a class="sub-nav-link" href="/Food/Pantry/Baking-Ingredients/Meals-%26-Grains/c/RCSS001008002006?navid=meals-grains" tabIndex="-1">
	        Meals & Grains</a>
	</li><li data-level="3" class=""
	role="menuitem"  data-auid = "shortening-and-fats">
	<a class="sub-nav-link" href="/Food/Pantry/Baking-Ingredients/Shortening-%26-Fats/c/RCSS001008002004?navid=shortening-fats" tabIndex="-1">
	        Shortening & Fats</a>
	</li><li data-level="3" class=""
	role="menuitem"  data-auid = "sugar-and-sweeteners">
	<a class="sub-nav-link" href="/Food/Pantry/Baking-Ingredients/Sugar-%26-Sweeteners/c/RCSS001008002005?navid=sugar-sweeteners" tabIndex="-1">
	        Sugar & Sweeteners</a>
	</li><li class="last see-all" role="menuitem" data-level="3" data-auid = "baking-ingredients">
			<a class="see-all-link" href="/Food/Pantry/Baking-Ingredients/c/RCSS001008002000?navid=baking-ingredients" tabIndex="-1" >
			    See all products</a>
		</li>
	</ul>

	</div></li><li data-level="2" class="more"
	role="menuitem"  data-auid = "canned-and-jarred">
	<a class="sub-nav-link" href="/Food/Pantry/Canned-%26-Jarred/c/RCSS001008003000?navid=canned-jarred" tabIndex="-1">
	        Canned & Jarred<span class="more-indicator"></span>
		    </a>
	<div class="sub-nav-container sub-nav-level level-3">
	<ul class="sub-nav-links" aria-hidden="true">
		<li data-level="3" class=""
	role="menuitem"  data-auid = "beans-and-legumes">
	<a class="sub-nav-link" href="/Food/Pantry/Canned-%26-Jarred/Beans-%26-Legumes/c/RCSS001008003001?navid=beans-legumes" tabIndex="-1">
	        Beans & Legumes</a>
	</li><li data-level="3" class=""
	role="menuitem"  data-auid = "cooking-sauces">
	<a class="sub-nav-link" href="/Food/Pantry/Canned-%26-Jarred/Cooking-Sauces/c/RCSS001008003011?navid=cooking-sauces" tabIndex="-1">
	        Cooking Sauces</a>
	</li><li data-level="3" class=""
	role="menuitem"  data-auid = "fish-and-seafood">
	<a class="sub-nav-link" href="/Food/Pantry/Canned-%26-Jarred/Fish-%26-Seafood/c/RCSS001008003006?navid=fish-seafood" tabIndex="-1">
	        Fish & Seafood</a>
	</li><li data-level="3" class=""
	role="menuitem"  data-auid = "fruit">
	<a class="sub-nav-link" href="/Food/Pantry/Canned-%26-Jarred/Fruit/c/RCSS001008003005?navid=fruit" tabIndex="-1">
	        Fruit</a>
	</li><li data-level="3" class=""
	role="menuitem"  data-auid = "meats">
	<a class="sub-nav-link" href="/Food/Pantry/Canned-%26-Jarred/Meats/c/RCSS001008003007?navid=meats" tabIndex="-1">
	        Meats</a>
	</li><li data-level="3" class=""
	role="menuitem"  data-auid = "pasta-and-pasta-sauce">
	<a class="sub-nav-link" href="/Food/Pantry/Canned-%26-Jarred/Pasta-%26-Pasta-Sauce/c/RCSS001008003002?navid=pasta-pasta-sauce" tabIndex="-1">
	        Pasta & Pasta Sauce</a>
	</li><li data-level="3" class=""
	role="menuitem"  data-auid = "condensed-soup">
	<a class="sub-nav-link" href="/Food/Pantry/Canned-%26-Jarred/Condensed-Soup/c/RCSS001008003003?navid=condensed-soup" tabIndex="-1">
	        Condensed Soup</a>
	</li><li data-level="3" class=""
	role="menuitem"  data-auid = "stews-and-chili">
	<a class="sub-nav-link" href="/Food/Pantry/Canned-%26-Jarred/Stews-%26-Chili/c/RCSS001008003004?navid=stews-chili" tabIndex="-1">
	        Stews & Chili</a>
	</li><li data-level="3" class=""
	role="menuitem"  data-auid = "tomatoes-and-paste">
	<a class="sub-nav-link" href="/Food/Pantry/Canned-%26-Jarred/Tomatoes-%26-Paste/c/RCSS001008003009?navid=tomatoes-paste" tabIndex="-1">
	        Tomatoes & Paste</a>
	</li><li data-level="3" class=""
	role="menuitem"  data-auid = "vegetables">
	<a class="sub-nav-link" href="/Food/Pantry/Canned-%26-Jarred/Vegetables/c/RCSS001008003008?navid=vegetables" tabIndex="-1">
	        Vegetables</a>
	</li><li data-level="3" class=""
	role="menuitem"  data-auid = "ready-to-serve-soup">
	<a class="sub-nav-link" href="/Food/Pantry/Canned-%26-Jarred/Ready-To-Serve-Soup/c/RCSS001008003012?navid=ready-to-serve-soup" tabIndex="-1">
	        Ready To Serve Soup</a>
	</li><li data-level="3" class=""
	role="menuitem"  data-auid = "broth">
	<a class="sub-nav-link" href="/Food/Pantry/Canned-%26-Jarred/Broth/c/RCSS001008003013?navid=broth" tabIndex="-1">
	        Broth</a>
	</li><li data-level="3" class=""
	role="menuitem"  data-auid = "dry-soup-mix">
	<a class="sub-nav-link" href="/Food/Pantry/Canned-%26-Jarred/Dry-Soup-Mix/c/RCSS001008003014?navid=dry-soup-mix" tabIndex="-1">
	        Dry Soup Mix</a>
	</li><li data-level="3" class=""
	role="menuitem"  data-auid = "instant-soups-and-noodles">
	<a class="sub-nav-link" href="/Food/Pantry/Canned-%26-Jarred/Instant-Soups-%26-Noodles/c/RCSS001008003015?navid=instant-soups-noodles" tabIndex="-1">
	        Instant Soups & Noodles</a>
	</li><li class="last see-all" role="menuitem" data-level="3" data-auid = "canned-and-jarred">
			<a class="see-all-link" href="/Food/Pantry/Canned-%26-Jarred/c/RCSS001008003000?navid=canned-jarred" tabIndex="-1" >
			    See all products</a>
		</li>
	</ul>

	</div></li><li data-level="2" class="more"
	role="menuitem"  data-auid = "international-foods">
	<a class="sub-nav-link" href="/Food/Pantry/International-Foods/c/RCSS001008008000?navid=international-foods" tabIndex="-1">
	        International Foods<span class="more-indicator"></span>
		    </a>
	<div class="sub-nav-container sub-nav-level level-3">
	<ul class="sub-nav-links" aria-hidden="true">
		<li data-level="3" class=""
	role="menuitem"  data-auid = "asian-kits-and-mixes">
	<a class="sub-nav-link" href="/Food/Pantry/International-Foods/Asian-Kits-%26-Mixes/c/RCSS001008008003?navid=asian-kits-mixes" tabIndex="-1">
	        Asian Kits & Mixes</a>
	</li><li data-level="3" class=""
	role="menuitem"  data-auid = "indian-kits-and-mixes">
	<a class="sub-nav-link" href="/Food/Pantry/International-Foods/Indian-Kits-%26-Mixes/c/RCSS001008008002?navid=indian-kits-mixes" tabIndex="-1">
	        Indian Kits & Mixes</a>
	</li><li data-level="3" class=""
	role="menuitem"  data-auid = "mexican-kits-and-mixes">
	<a class="sub-nav-link" href="/Food/Pantry/International-Foods/Mexican-Kits-%26-Mixes/c/RCSS001008008001?navid=mexican-kits-mixes" tabIndex="-1">
	        Mexican Kits & Mixes</a>
	</li><li data-level="3" class=""
	role="menuitem"  data-auid = "pasta-kits">
	<a class="sub-nav-link" href="/Food/Pantry/International-Foods/Pasta-Kits/c/RCSS001008008004?navid=pasta-kits" tabIndex="-1">
	        Pasta Kits</a>
	</li><li data-level="3" class=""
	role="menuitem"  data-auid = "potato-and-rice-kits">
	<a class="sub-nav-link" href="/Food/Pantry/International-Foods/Potato-%26-Rice-Kits/c/RCSS001008008005?navid=potato-rice-kits" tabIndex="-1">
	        Potato & Rice Kits</a>
	</li><li data-level="3" class=""
	role="menuitem"  data-auid = "slow-cooker-packets">
	<a class="sub-nav-link" href="/Food/Pantry/International-Foods/Slow-Cooker-Packets/c/RCSS001008008007?navid=slow-cooker-packets" tabIndex="-1">
	        Slow Cooker Packets</a>
	</li><li data-level="3" class=""
	role="menuitem"  data-auid = "sushi-kits-and-ingredients">
	<a class="sub-nav-link" href="/Food/Pantry/International-Foods/Sushi-Kits-%26-Ingredients/c/RCSS001008008006?navid=sushi-kits-ingredients" tabIndex="-1">
	        Sushi Kits & Ingredients</a>
	</li><li class="last see-all" role="menuitem" data-level="3" data-auid = "international-foods">
			<a class="see-all-link" href="/Food/Pantry/International-Foods/c/RCSS001008008000?navid=international-foods" tabIndex="-1" >
			    See all products</a>
		</li>
	</ul>

	</div></li><li data-level="2" class="more"
	role="menuitem"  data-auid = "pasta,-rice-and-beans">
	<a class="sub-nav-link" href="/Food/Pantry/Pasta%2C-Rice-%26-Beans/c/RCSS001008009000?navid=pasta-rice-beans" tabIndex="-1">
	        Pasta, Rice & Beans<span class="more-indicator"></span>
		    </a>
	<div class="sub-nav-container sub-nav-level level-3">
	<ul class="sub-nav-links" aria-hidden="true">
		<li data-level="3" class=""
	role="menuitem"  data-auid = "dried-beans">
	<a class="sub-nav-link" href="/Food/Pantry/Pasta%2C-Rice-%26-Beans/Dried-Beans/c/RCSS001008009008?navid=dried-beans" tabIndex="-1">
	        Dried Beans</a>
	</li><li data-level="3" class=""
	role="menuitem"  data-auid = "noodles">
	<a class="sub-nav-link" href="/Food/Pantry/Pasta%2C-Rice-%26-Beans/Noodles/c/RCSS001008009003?navid=noodles" tabIndex="-1">
	        Noodles</a>
	</li><li data-level="3" class=""
	role="menuitem"  data-auid = "pasta">
	<a class="sub-nav-link" href="/Food/Pantry/Pasta%2C-Rice-%26-Beans/Pasta/c/RCSS001008009001?navid=pasta" tabIndex="-1">
	        Pasta</a>
	</li><li data-level="3" class=""
	role="menuitem"  data-auid = "polenta-and-couscous">
	<a class="sub-nav-link" href="/Food/Pantry/Pasta%2C-Rice-%26-Beans/Polenta-%26-Couscous/c/RCSS001008009006?navid=polenta-couscous" tabIndex="-1">
	        Polenta & Couscous</a>
	</li><li data-level="3" class=""
	role="menuitem"  data-auid = "quinoa">
	<a class="sub-nav-link" href="/Food/Pantry/Pasta%2C-Rice-%26-Beans/Quinoa/c/RCSS001008009007?navid=quinoa" tabIndex="-1">
	        Quinoa</a>
	</li><li data-level="3" class=""
	role="menuitem"  data-auid = "rice">
	<a class="sub-nav-link" href="/Food/Pantry/Pasta%2C-Rice-%26-Beans/Rice/c/RCSS001008009004?navid=rice" tabIndex="-1">
	        Rice</a>
	</li><li data-level="3" class=""
	role="menuitem"  data-auid = "specialty-grains">
	<a class="sub-nav-link" href="/Food/Pantry/Pasta%2C-Rice-%26-Beans/Specialty-Grains/c/RCSS001008009005?navid=specialty-grains" tabIndex="-1">
	        Specialty Grains</a>
	</li><li class="last see-all" role="menuitem" data-level="3" data-auid = "pasta,-rice-and-beans">
			<a class="see-all-link" href="/Food/Pantry/Pasta%2C-Rice-%26-Beans/c/RCSS001008009000?navid=pasta-rice-beans" tabIndex="-1" >
			    See all products</a>
		</li>
	</ul>

	</div></li><li data-level="2" class="more"
	role="menuitem"  data-auid = "condiments">
	<a class="sub-nav-link" href="/Food/Pantry/Condiments/c/RCSS001008005000?navid=condiments" tabIndex="-1">
	        Condiments<span class="more-indicator"></span>
		    </a>
	<div class="sub-nav-container sub-nav-level level-3">
	<ul class="sub-nav-links" aria-hidden="true">
		<li data-level="3" class=""
	role="menuitem"  data-auid = "mustard-and-ketchup">
	<a class="sub-nav-link" href="/Food/Pantry/Condiments/Mustard-%26-Ketchup/c/RCSS001008005001?navid=mustard-ketchup" tabIndex="-1">
	        Mustard & Ketchup</a>
	</li><li data-level="3" class=""
	role="menuitem"  data-auid = "bbq-and-steak-sauces">
	<a class="sub-nav-link" href="/Food/Pantry/Condiments/BBQ-%26-Steak-Sauces/c/RCSS001008005004?navid=bbq-steak-sauces" tabIndex="-1">
	        BBQ & Steak Sauces</a>
	</li><li data-level="3" class=""
	role="menuitem"  data-auid = "mayonnaise-and-sandwich-spreads">
	<a class="sub-nav-link" href="/Food/Pantry/Condiments/Mayonnaise-%26-Sandwich-Spreads/c/RCSS001008005003?navid=mayonnaise-sandwich-spreads" tabIndex="-1">
	        Mayonnaise & Sandwich Spreads</a>
	</li><li data-level="3" class=""
	role="menuitem"  data-auid = "relish,-chutney-and-fruit-sauces">
	<a class="sub-nav-link" href="/Food/Pantry/Condiments/Relish%2C-Chutney-%26-Fruit-Sauces/c/RCSS001008005005?navid=relish-chutney-fruit-sauces" tabIndex="-1">
	        Relish, Chutney & Fruit Sauces</a>
	</li><li data-level="3" class=""
	role="menuitem"  data-auid = "hot-and-chili-sauces">
	<a class="sub-nav-link" href="/Food/Pantry/Condiments/Hot-%26-Chili-Sauces/c/RCSS001008005007?navid=hot-chili-sauces" tabIndex="-1">
	        Hot & Chili Sauces</a>
	</li><li data-level="3" class=""
	role="menuitem"  data-auid = "salad-dressing">
	<a class="sub-nav-link" href="/Food/Pantry/Condiments/Salad-Dressing/c/RCSS001008005002?navid=salad-dressing" tabIndex="-1">
	        Salad Dressing</a>
	</li><li data-level="3" class=""
	role="menuitem"  data-auid = "croutons-and-salad-toppings">
	<a class="sub-nav-link" href="/Food/Pantry/Condiments/Croutons-%26-Salad-Toppings/c/RCSS001008005010?navid=croutons-salad-toppings" tabIndex="-1">
	        Croutons & Salad Toppings</a>
	</li><li data-level="3" class=""
	role="menuitem"  data-auid = "pickles-and-antipasto">
	<a class="sub-nav-link" href="/Food/Pantry/Condiments/Pickles-%26-Antipasto/c/RCSS001008005008?navid=pickles-antipasto" tabIndex="-1">
	        Pickles & Antipasto</a>
	</li><li data-level="3" class=""
	role="menuitem"  data-auid = "salsa-and-guacamole">
	<a class="sub-nav-link" href="/Food/Pantry/Condiments/Salsa-%26-Guacamole/c/RCSS001008005009?navid=salsa-guacamole" tabIndex="-1">
	        Salsa & Guacamole</a>
	</li><li data-level="3" class=""
	role="menuitem"  data-auid = "tartare-and-seafood-sauces">
	<a class="sub-nav-link" href="/Food/Pantry/Condiments/Tartare-%26-Seafood-Sauces/c/RCSS001008005006?navid=tartare-seafood-sauces" tabIndex="-1">
	        Tartare & Seafood Sauces</a>
	</li><li data-level="3" class=""
	role="menuitem"  data-auid = "world-condiments">
	<a class="sub-nav-link" href="/Food/Pantry/Condiments/World-Condiments/c/RCSS001008005011?navid=world-condiments" tabIndex="-1">
	        World Condiments</a>
	</li><li class="last see-all" role="menuitem" data-level="3" data-auid = "condiments">
			<a class="see-all-link" href="/Food/Pantry/Condiments/c/RCSS001008005000?navid=condiments" tabIndex="-1" >
			    See all products</a>
		</li>
	</ul>

	</div></li><li data-level="2" class="more"
	role="menuitem"  data-auid = "spices-and-sauces">
	<a class="sub-nav-link" href="/Food/Pantry/Spices-%26-Sauces/c/RCSS001008006000?navid=spices-sauces" tabIndex="-1">
	        Spices & Sauces<span class="more-indicator"></span>
		    </a>
	<div class="sub-nav-container sub-nav-level level-3">
	<ul class="sub-nav-links" aria-hidden="true">
		<li data-level="3" class=""
	role="menuitem"  data-auid = "spices">
	<a class="sub-nav-link" href="/Food/Pantry/Spices-%26-Sauces/Spices/c/RCSS001008006002?navid=spices" tabIndex="-1">
	        Spices</a>
	</li><li data-level="3" class=""
	role="menuitem"  data-auid = "herb-and-spice-blends">
	<a class="sub-nav-link" href="/Food/Pantry/Spices-%26-Sauces/Herb-%26-Spice-Blends/c/RCSS001008006004?navid=herb-spice-blends" tabIndex="-1">
	        Herb & Spice Blends</a>
	</li><li data-level="3" class=""
	role="menuitem"  data-auid = "salt-and-peppers">
	<a class="sub-nav-link" href="/Food/Pantry/Spices-%26-Sauces/Salt-%26-Peppers/c/RCSS001008006001?navid=salt-peppers" tabIndex="-1">
	        Salt & Peppers</a>
	</li><li data-level="3" class=""
	role="menuitem"  data-auid = "gravy,-stock-and-stuffing">
	<a class="sub-nav-link" href="/Food/Pantry/Spices-%26-Sauces/Gravy%2C-Stock-%26-Stuffing/c/RCSS001008006007?navid=gravy-stock-stuffing" tabIndex="-1">
	        Gravy, Stock & Stuffing</a>
	</li><li data-level="3" class=""
	role="menuitem"  data-auid = "cooking-pastes-and-marinades">
	<a class="sub-nav-link" href="/Food/Pantry/Spices-%26-Sauces/Cooking-Pastes-%26-Marinades/c/RCSS001008006008?navid=cooking-pastes-marinades" tabIndex="-1">
	        Cooking Pastes & Marinades</a>
	</li><li data-level="3" class=""
	role="menuitem"  data-auid = "cooking-sauces">
	<a class="sub-nav-link" href="/Food/Pantry/Spices-%26-Sauces/Cooking-Sauces/c/RCSS001008006009?navid=cooking-sauces" tabIndex="-1">
	        Cooking Sauces</a>
	</li><li data-level="3" class=""
	role="menuitem"  data-auid = "packet-sauces-and-seasonings">
	<a class="sub-nav-link" href="/Food/Pantry/Spices-%26-Sauces/Packet-Sauces-%26-Seasonings/c/RCSS001008006005?navid=packet-sauces-seasonings" tabIndex="-1">
	        Packet Sauces & Seasonings</a>
	</li><li data-level="3" class=""
	role="menuitem"  data-auid = "breadings,-batters-and-coatings">
	<a class="sub-nav-link" href="/Food/Pantry/Spices-%26-Sauces/Breadings%2C-Batters-%26-Coatings/c/RCSS001008006006?navid=breadings-batters-coatings" tabIndex="-1">
	        Breadings, Batters & Coatings</a>
	</li><li class="last see-all" role="menuitem" data-level="3" data-auid = "spices-and-sauces">
			<a class="see-all-link" href="/Food/Pantry/Spices-%26-Sauces/c/RCSS001008006000?navid=spices-sauces" tabIndex="-1" >
			    See all products</a>
		</li>
	</ul>

	</div></li><li data-level="2" class="more"
	role="menuitem"  data-auid = "oils-and-vinegars">
	<a class="sub-nav-link" href="/Food/Pantry/Oils-%26-Vinegars/c/RCSS001008007000?navid=oils-vinegars" tabIndex="-1">
	        Oils & Vinegars<span class="more-indicator"></span>
		    </a>
	<div class="sub-nav-container sub-nav-level level-3">
	<ul class="sub-nav-links" aria-hidden="true">
		<li data-level="3" class=""
	role="menuitem"  data-auid = "olive-oils">
	<a class="sub-nav-link" href="/Food/Pantry/Oils-%26-Vinegars/Olive-Oils/c/RCSS001008007002?navid=olive-oils" tabIndex="-1">
	        Olive Oils</a>
	</li><li data-level="3" class=""
	role="menuitem"  data-auid = "vegetable-oils">
	<a class="sub-nav-link" href="/Food/Pantry/Oils-%26-Vinegars/Vegetable-Oils/c/RCSS001008007001?navid=vegetable-oils" tabIndex="-1">
	        Vegetable Oils</a>
	</li><li data-level="3" class=""
	role="menuitem"  data-auid = "nut-and-seed-oils">
	<a class="sub-nav-link" href="/Food/Pantry/Oils-%26-Vinegars/Nut-%26-Seed-Oils/c/RCSS001008007003?navid=nut-seed-oils" tabIndex="-1">
	        Nut & Seed Oils</a>
	</li><li data-level="3" class=""
	role="menuitem"  data-auid = "infused-oils">
	<a class="sub-nav-link" href="/Food/Pantry/Oils-%26-Vinegars/Infused-Oils/c/RCSS001008007004?navid=infused-oils" tabIndex="-1">
	        Infused Oils</a>
	</li><li data-level="3" class=""
	role="menuitem"  data-auid = "cooking-sprays">
	<a class="sub-nav-link" href="/Food/Pantry/Oils-%26-Vinegars/Cooking-Sprays/c/RCSS001008007006?navid=cooking-sprays" tabIndex="-1">
	        Cooking Sprays</a>
	</li><li data-level="3" class=""
	role="menuitem"  data-auid = "white-vinegar">
	<a class="sub-nav-link" href="/Food/Pantry/Oils-%26-Vinegars/White-Vinegar/c/RCSS001008007007?navid=white-vinegar" tabIndex="-1">
	        White Vinegar</a>
	</li><li data-level="3" class=""
	role="menuitem"  data-auid = "balsamic-vinegar">
	<a class="sub-nav-link" href="/Food/Pantry/Oils-%26-Vinegars/Balsamic-Vinegar/c/RCSS001008007008?navid=balsamic-vinegar" tabIndex="-1">
	        Balsamic Vinegar</a>
	</li><li data-level="3" class=""
	role="menuitem"  data-auid = "cider-vinegar">
	<a class="sub-nav-link" href="/Food/Pantry/Oils-%26-Vinegars/Cider-Vinegar/c/RCSS001008007009?navid=cider-vinegar" tabIndex="-1">
	        Cider Vinegar</a>
	</li><li data-level="3" class=""
	role="menuitem"  data-auid = "specialty-vinegars">
	<a class="sub-nav-link" href="/Food/Pantry/Oils-%26-Vinegars/Specialty-Vinegars/c/RCSS001008007010?navid=specialty-vinegars" tabIndex="-1">
	        Specialty Vinegars</a>
	</li><li data-level="3" class=""
	role="menuitem"  data-auid = "cooking-wine">
	<a class="sub-nav-link" href="/Food/Pantry/Oils-%26-Vinegars/Cooking-Wine/c/RCSS001008007005?navid=cooking-wine" tabIndex="-1">
	        Cooking Wine</a>
	</li><li class="last see-all" role="menuitem" data-level="3" data-auid = "oils-and-vinegars">
			<a class="see-all-link" href="/Food/Pantry/Oils-%26-Vinegars/c/RCSS001008007000?navid=oils-vinegars" tabIndex="-1" >
			    See all products</a>
		</li>
	</ul>

	</div></li><li data-level="2" class="more"
	role="menuitem"  data-auid = "chips-and-salty-snacks">
	<a class="sub-nav-link" href="/Food/Pantry/Chips-%26-Salty-Snacks/c/RCSS001008011000?navid=chips-salty-snacks" tabIndex="-1">
	        Chips & Salty Snacks<span class="more-indicator"></span>
		    </a>
	<div class="sub-nav-container sub-nav-level level-3">
	<ul class="sub-nav-links" aria-hidden="true">
		<li data-level="3" class=""
	role="menuitem"  data-auid = "potato-chips">
	<a class="sub-nav-link" href="/Food/Pantry/Chips-%26-Salty-Snacks/Potato-Chips/c/RCSS001008010001?navid=potato-chips" tabIndex="-1">
	        Potato Chips</a>
	</li><li data-level="3" class=""
	role="menuitem"  data-auid = "pretzels-and-snack-mixes">
	<a class="sub-nav-link" href="/Food/Pantry/Chips-%26-Salty-Snacks/Pretzels-%26-Snack-Mixes/c/RCSS001008011009?navid=pretzels-snack-mixes" tabIndex="-1">
	        Pretzels & Snack Mixes</a>
	</li><li data-level="3" class=""
	role="menuitem"  data-auid = "tortilla-chips">
	<a class="sub-nav-link" href="/Food/Pantry/Chips-%26-Salty-Snacks/Tortilla-Chips/c/RCSS001008011008?navid=tortilla-chips" tabIndex="-1">
	        Tortilla Chips</a>
	</li><li data-level="3" class=""
	role="menuitem"  data-auid = "flatbreads-and-rice-crisps">
	<a class="sub-nav-link" href="/Food/Pantry/Chips-%26-Salty-Snacks/Flatbreads-%26-Rice-Crisps/c/RCSS001008011006?navid=flatbreads-rice-crisps" tabIndex="-1">
	        Flatbreads & Rice Crisps</a>
	</li><li data-level="3" class=""
	role="menuitem"  data-auid = "microwave-popcorn">
	<a class="sub-nav-link" href="/Food/Pantry/Chips-%26-Salty-Snacks/Microwave-Popcorn/c/RCSS001008011007?navid=microwave-popcorn" tabIndex="-1">
	        Microwave Popcorn</a>
	</li><li data-level="3" class=""
	role="menuitem"  data-auid = "jerky,-nuts-and-seeds">
	<a class="sub-nav-link" href="/Food/Pantry/Chips-%26-Salty-Snacks/Jerky%2C-Nuts-%26-Seeds/c/RCSS001008010007?navid=jerky-nuts-seeds" tabIndex="-1">
	        Jerky, Nuts & Seeds</a>
	</li><li class="last see-all" role="menuitem" data-level="3" data-auid = "chips-and-salty-snacks">
			<a class="see-all-link" href="/Food/Pantry/Chips-%26-Salty-Snacks/c/RCSS001008011000?navid=chips-salty-snacks" tabIndex="-1" >
			    See all products</a>
		</li>
	</ul>

	</div></li><li data-level="2" class="more"
	role="menuitem"  data-auid = "cookies,-crackers-and-candy">
	<a class="sub-nav-link" href="/Food/Pantry/Cookies%2C-Crackers-%26-Candy/c/RCSS001008010000?navid=cookies-crackers-candy" tabIndex="-1">
	        Cookies, Crackers & Candy<span class="more-indicator"></span>
		    </a>
	<div class="sub-nav-container sub-nav-level level-3">
	<ul class="sub-nav-links" aria-hidden="true">
		<li data-level="3" class=""
	role="menuitem"  data-auid = "cookies">
	<a class="sub-nav-link" href="/Food/Pantry/Cookies%2C-Crackers-%26-Candy/Cookies/c/RCSS001008010008?navid=cookies" tabIndex="-1">
	        Cookies</a>
	</li><li data-level="3" class=""
	role="menuitem"  data-auid = "crackers">
	<a class="sub-nav-link" href="/Food/Pantry/Cookies%2C-Crackers-%26-Candy/Crackers/c/RCSS001008010009?navid=crackers" tabIndex="-1">
	        Crackers</a>
	</li><li data-level="3" class=""
	role="menuitem"  data-auid = "granola-and-snack-bars">
	<a class="sub-nav-link" href="/Food/Pantry/Cookies%2C-Crackers-%26-Candy/Granola-%26-Snack-Bars/c/RCSS001008010003?navid=granola-snack-bars" tabIndex="-1">
	        Granola & Snack Bars</a>
	</li><li data-level="3" class=""
	role="menuitem"  data-auid = "chocolate-bars">
	<a class="sub-nav-link" href="/Food/Pantry/Cookies%2C-Crackers-%26-Candy/Chocolate-Bars/c/RCSS001008010004?navid=chocolate-bars" tabIndex="-1">
	        Chocolate Bars</a>
	</li><li data-level="3" class=""
	role="menuitem"  data-auid = "packaged-chocolate">
	<a class="sub-nav-link" href="/Food/Pantry/Cookies%2C-Crackers-%26-Candy/Packaged-Chocolate/c/RCSS001008010018?navid=packaged-chocolate" tabIndex="-1">
	        Packaged Chocolate</a>
	</li><li data-level="3" class=""
	role="menuitem"  data-auid = "candy-and-gum">
	<a class="sub-nav-link" href="/Food/Pantry/Cookies%2C-Crackers-%26-Candy/Candy-%26-Gum/c/RCSS001008010005?navid=candy-gum" tabIndex="-1">
	        Candy & Gum</a>
	</li><li data-level="3" class=""
	role="menuitem"  data-auid = "pudding-and-jelly">
	<a class="sub-nav-link" href="/Food/Pantry/Cookies%2C-Crackers-%26-Candy/Pudding-%26-Jelly/c/RCSS001008010010?navid=pudding-jelly" tabIndex="-1">
	        Pudding & Jelly</a>
	</li><li data-level="3" class=""
	role="menuitem"  data-auid = "ice-cream-toppings-and-cones">
	<a class="sub-nav-link" href="/Food/Pantry/Cookies%2C-Crackers-%26-Candy/Ice-Cream-Toppings-%26-Cones/c/RCSS001008010012?navid=ice-cream-toppings-cones" tabIndex="-1">
	        Ice Cream Toppings & Cones</a>
	</li><li data-level="3" class=""
	role="menuitem"  data-auid = "single-serve-snacks">
	<a class="sub-nav-link" href="/Food/Pantry/Cookies%2C-Crackers-%26-Candy/Single-Serve-Snacks/c/RCSS001008010011?navid=single-serve-snacks" tabIndex="-1">
	        Single Serve Snacks</a>
	</li><li class="last see-all" role="menuitem" data-level="3" data-auid = "cookies,-crackers-and-candy">
			<a class="see-all-link" href="/Food/Pantry/Cookies%2C-Crackers-%26-Candy/c/RCSS001008010000?navid=cookies-crackers-candy" tabIndex="-1" >
			    See all products</a>
		</li>
	</ul>

	</div></li><li data-level="2" class="more"
	role="menuitem"  data-auid = "bulk-foods">
	<a class="sub-nav-link" href="/Food/Pantry/Bulk-Foods/c/RCSS001008012000?navid=bulk-foods" tabIndex="-1">
	        Bulk Foods<span class="more-indicator"></span>
		    </a>
	<div class="sub-nav-container sub-nav-level level-3">
	<ul class="sub-nav-links" aria-hidden="true">
		<li data-level="3" class=""
	role="menuitem"  data-auid = "packaged-bulk">
	<a class="sub-nav-link" href="/Food/Pantry/Bulk-Foods/Packaged-Bulk/c/RCSS001008012001?navid=packaged-bulk" tabIndex="-1">
	        Packaged Bulk</a>
	</li><li data-level="3" class=""
	role="menuitem"  data-auid = "loose-bulk">
	<a class="sub-nav-link" href="/Food/Pantry/Bulk-Foods/Loose-Bulk/c/RCSS001008012002?navid=loose-bulk" tabIndex="-1">
	        Loose Bulk</a>
	</li><li class="last see-all" role="menuitem" data-level="3" data-auid = "bulk-foods">
			<a class="see-all-link" href="/Food/Pantry/Bulk-Foods/c/RCSS001008012000?navid=bulk-foods" tabIndex="-1" >
			    See all products</a>
		</li>
	</ul>

	</div></li><li data-level="2" class=""
	role="menuitem"  data-auid = "club-packs">
	<a class="sub-nav-link" href="/Food/Pantry/Club-Packs/c/RCSS001008014000?navid=club-packs" tabIndex="-1">
	        Club Packs</a>
	</li><li class="last see-all" role="menuitem" data-level="2" data-auid = "pantry">
			<a class="see-all-link" href="/Food/Pantry/c/RCSS001008000000?navid=pantry" tabIndex="-1" >
			    See all products</a>
		</li>
	</ul>

	<div class="wrapper-promo-ad root-promo active-promo">















<div class="partial-nav-ad-var-1-large container">
	<a href="/collections/PC%20Holiday%20Insiders/17197000000?icid=l2_holiday2018" class="promo-link" target="">

		<div class="background-image">









<script>
/*! Picturefill - Responsive Images that work today. (and mimic the proposed Picture element with span elements). Author: Scott Jehl, Filament Group, 2012 | License: MIT/GPLv2 */

(function( w ){

	// Enable strict mode
	"use strict";

	w.picturefill = function() {
		var ps = w.document.getElementsByTagName( "span" );

		// Loop the pictures
		for( var i = 0, il = ps.length; i < il; i++ ){
			if( ps[ i ].getAttribute( "data-picture" ) !== null ){

				var sources = ps[ i ].getElementsByTagName( "span" ),
					matches = [];

				// See if which sources match
				for( var j = 0, jl = sources.length; j < jl; j++ ){
					var media = sources[ j ].getAttribute( "data-media" );
					// if there's no media specified, OR w.matchMedia is supported
					if( !media || ( w.matchMedia && w.matchMedia( media ).matches ) ){
						matches.push( sources[ j ] );
					}
				}

				// Find any existing img element in the picture element
				var picImg = ps[ i ].getElementsByTagName( "img" )[ 0 ];

				if( matches.length ){
					var matchedEl = matches.pop();
					if( !picImg || picImg.parentNode.nodeName === "NOSCRIPT" ){
						picImg = w.document.createElement( "img" );
						var alt = ps[ i ].getAttribute( "data-alt" );
						if (alt !== null) {
							picImg.alt = alt;
						}
					}
					else if( matchedEl === picImg.parentNode ){
						// Skip further actions if the correct image is already in place
						continue;
					}

					picImg.src =  matchedEl.getAttribute( "data-src" );
					picImg.setAttribute("usemap", matchedEl.getAttribute("data-usemap"));
					matchedEl.appendChild( picImg );
					picImg.removeAttribute("width");
					picImg.removeAttribute("height");
				}
				else if( picImg ){
					picImg.parentNode.removeChild( picImg );
				}
			}
		}
	};

	// Run on resize and domready (w.load as a fallback)
	if( w.addEventListener ){
		w.addEventListener( "resize", w.picturefill, false );
		w.addEventListener( "DOMContentLoaded", function(){
			w.picturefill();
			// Run once only
			w.removeEventListener( "load", w.picturefill, false );
		}, false );
		w.addEventListener( "load", w.picturefill, false );
	}
	else if( w.attachEvent ){
		w.attachEvent( "onload", w.picturefill );
	}
}( this ));
</script>
<!-- Begin Template: ConfigurableContentAdaptiveImage -->

<span data-picture data-alt="" data-target="" data-usemap="" data-closest=".background-image" data-target-attribute="background-image" class="module-adaptive-image loading">
	<span class="sm" data-src="https://assets.shop.loblaws.ca/ContentMedia/rcss/marketing/2018/WK45/PC%20Insiders%20Holidays/L2/wk45_discount_l2_holidayinsiders_b3_en.png" data-usemap="-rim-sm"></span>
	<span class="sm" data-src="https://assets.shop.loblaws.ca/ContentMedia/rcss/marketing/2018/WK45/PC%20Insiders%20Holidays/L2/wk45_discount_l2_holidayinsiders_b3_en.png" data-usemap="-rim-sm-retina" data-media="(min-device-pixel-ratio: 2.0)"></span>
	<span class="md" data-src="https://assets.shop.loblaws.ca/ContentMedia/rcss/marketing/2018/WK45/PC%20Insiders%20Holidays/L2/wk45_discount_l2_holidayinsiders_b2_en.png" data-usemap="-rim-md" data-media="(min-width: 651px)"></span>
	<span class="md" data-src="https://assets.shop.loblaws.ca/ContentMedia/rcss/marketing/2018/WK45/PC%20Insiders%20Holidays/L2/wk45_discount_l2_holidayinsiders_b2_en.png" data-usemap="-rim-md-retina" data-media="(min-width: 651px) and (min-device-pixel-ratio: 2.0)"></span>
	<span class="lg" data-src="https://assets.shop.loblaws.ca/ContentMedia/rcss/marketing/2018/WK45/PC%20Insiders%20Holidays/L2/wk45_discount_l2_holidayinsiders_b1_en.png" data-usemap="-rim-lg" data-media="(min-width: 960px)"></span>
	<span class="lg" data-src="https://assets.shop.loblaws.ca/ContentMedia/rcss/marketing/2018/WK45/PC%20Insiders%20Holidays/L2/wk45_discount_l2_holidayinsiders_b1_en.png" data-usemap="-rim-lg-retina" data-media="(min-width: 960px) and (min-device-pixel-ratio: 2.0)"></span>

	<img src="https://assets.shop.loblaws.ca/ContentMedia/rcss/spacer.gif" alt="PC Insiders Collection Holiday Hits. Get Started" onError="this.onerror=null;this.src='https://assets.shop.loblaws.ca/ContentMedia/rcss/marketing/2018/WK45/PC%20Insiders%20Holidays/L2/wk45_discount_l2_holidayinsiders_b3_en.png';" />

	<!--[if (lt IE 9) & (!IEMobile)]>
		<img class="lg" src="https://assets.shop.loblaws.ca/ContentMedia/rcss/marketing/2018/WK45/PC%20Insiders%20Holidays/L2/wk45_discount_l2_holidayinsiders_b1_en.png" alt="" usemap="-rim-lg">
	<![endif]-->

</span>
<!-- End Template: ConfigurableContentAdaptiveImage -->
		</div>

		<div class="row">
			<div class="wrapper-nav-ad-var-1-large">
				<div class="promo-content-holder">
					<h3></h3>
					<p></p>

				</div>
			</div>
		</div>

	</a>
</div>
>
</div>
	</div></li><li data-level="1" class="more"
	role="menuitem"  data-auid = "natural-and-organic">
	<a class="sub-nav-link" href="/Food/Natural-%26-Organic/c/RCSS001009000000?navid=natural-organic" tabIndex="-1">
	        Natural & Organic<span class="more-indicator"></span>
		    </a>
	<div class="sub-nav-container sub-nav-level level-2">
	<ul class="sub-nav-links" aria-hidden="true">
		<li data-level="2" class="more"
	role="menuitem"  data-auid = "fruits-and-vegetables">
	<a class="sub-nav-link" href="/Food/Natural-%26-Organic/Fruits-%26-Vegetables/c/RCSS001009001000?navid=fruits-vegetables" tabIndex="-1">
	        Fruits & Vegetables<span class="more-indicator"></span>
		    </a>
	<div class="sub-nav-container sub-nav-level level-3">
	<ul class="sub-nav-links" aria-hidden="true">
		<li data-level="3" class=""
	role="menuitem"  data-auid = "fruit">
	<a class="sub-nav-link" href="/Food/Natural-%26-Organic/Fruits-%26-Vegetables/Fruit/c/RCSS001009001001?navid=fruit" tabIndex="-1">
	        Fruit</a>
	</li><li data-level="3" class=""
	role="menuitem"  data-auid = "vegetable">
	<a class="sub-nav-link" href="/Food/Natural-%26-Organic/Fruits-%26-Vegetables/Vegetable/c/RCSS001009001002?navid=vegetable" tabIndex="-1">
	        Vegetable</a>
	</li><li class="last see-all" role="menuitem" data-level="3" data-auid = "fruits-and-vegetables">
			<a class="see-all-link" href="/Food/Natural-%26-Organic/Fruits-%26-Vegetables/c/RCSS001009001000?navid=fruits-vegetables" tabIndex="-1" >
			    See all products</a>
		</li>
	</ul>

	</div></li><li data-level="2" class="more"
	role="menuitem"  data-auid = "deli">
	<a class="sub-nav-link" href="/Food/Natural-%26-Organic/Deli/c/RCSS001009002000?navid=deli" tabIndex="-1">
	        Deli<span class="more-indicator"></span>
		    </a>
	<div class="sub-nav-container sub-nav-level level-3">
	<ul class="sub-nav-links" aria-hidden="true">
		<li data-level="3" class=""
	role="menuitem"  data-auid = "deli-meats">
	<a class="sub-nav-link" href="/Food/Natural-%26-Organic/Deli/Deli-Meats/c/RCSS001009002001?navid=deli-meats" tabIndex="-1">
	        Deli Meats</a>
	</li><li data-level="3" class=""
	role="menuitem"  data-auid = "vegan-and-vegetarian">
	<a class="sub-nav-link" href="/Food/Natural-%26-Organic/Deli/Vegan-%26-Vegetarian/c/RCSS001009002003?navid=vegan-vegetarian" tabIndex="-1">
	        Vegan & Vegetarian</a>
	</li><li class="last see-all" role="menuitem" data-level="3" data-auid = "deli">
			<a class="see-all-link" href="/Food/Natural-%26-Organic/Deli/c/RCSS001009002000?navid=deli" tabIndex="-1" >
			    See all products</a>
		</li>
	</ul>

	</div></li><li data-level="2" class=""
	role="menuitem"  data-auid = "ready-meals-and-sides">
	<a class="sub-nav-link" href="/Food/Natural-%26-Organic/Ready-Meals-%26-Sides/c/RCSS001009003000?navid=ready-meals-sides" tabIndex="-1">
	        Ready Meals & Sides</a>
	</li><li data-level="2" class="more"
	role="menuitem"  data-auid = "bakery">
	<a class="sub-nav-link" href="/Food/Natural-%26-Organic/Bakery/c/RCSS001009004000?navid=bakery" tabIndex="-1">
	        Bakery<span class="more-indicator"></span>
		    </a>
	<div class="sub-nav-container sub-nav-level level-3">
	<ul class="sub-nav-links" aria-hidden="true">
		<li data-level="3" class=""
	role="menuitem"  data-auid = "breakfast,-muffins,-and-scones">
	<a class="sub-nav-link" href="/Food/Natural-%26-Organic/Bakery/Breakfast%2C-Muffins%2C-%26-Scones/c/RCSS001009004002?navid=breakfast-muffins-scones" tabIndex="-1">
	        Breakfast, Muffins, & Scones</a>
	</li><li data-level="3" class=""
	role="menuitem"  data-auid = "desserts-and-pastries">
	<a class="sub-nav-link" href="/Food/Natural-%26-Organic/Bakery/Desserts-%26-Pastries/c/RCSS001009004003?navid=desserts-pastries" tabIndex="-1">
	        Desserts & Pastries</a>
	</li><li data-level="3" class=""
	role="menuitem"  data-auid = "wraps,-pita-and-flat-breads">
	<a class="sub-nav-link" href="/Food/Natural-%26-Organic/Bakery/Wraps%2C-Pita-%26-Flat-Breads/c/RCSS001009004004?navid=wraps-pita-flat-breads" tabIndex="-1">
	        Wraps, Pita & Flat Breads</a>
	</li><li data-level="3" class=""
	role="menuitem"  data-auid = "packaged-breads">
	<a class="sub-nav-link" href="/Food/Natural-%26-Organic/Bakery/Packaged-Breads/c/RCSS001009004006?navid=packaged-breads" tabIndex="-1">
	        Packaged Breads</a>
	</li><li data-level="3" class=""
	role="menuitem"  data-auid = "baguettes,-buns-and-rolls">
	<a class="sub-nav-link" href="/Food/Natural-%26-Organic/Bakery/Baguettes%2C-Buns-%26-Rolls/c/RCSS001009004007?navid=baguettes-buns-rolls" tabIndex="-1">
	        Baguettes, Buns & Rolls</a>
	</li><li class="last see-all" role="menuitem" data-level="3" data-auid = "bakery">
			<a class="see-all-link" href="/Food/Natural-%26-Organic/Bakery/c/RCSS001009004000?navid=bakery" tabIndex="-1" >
			    See all products</a>
		</li>
	</ul>

	</div></li><li data-level="2" class="more"
	role="menuitem"  data-auid = "meat-and-seafood">
	<a class="sub-nav-link" href="/Food/Natural-%26-Organic/Meat-%26-Seafood/c/RCSS001009005000?navid=meat-seafood" tabIndex="-1">
	        Meat & Seafood<span class="more-indicator"></span>
		    </a>
	<div class="sub-nav-container sub-nav-level level-3">
	<ul class="sub-nav-links" aria-hidden="true">
		<li data-level="3" class=""
	role="menuitem"  data-auid = "beef-and-veal">
	<a class="sub-nav-link" href="/Food/Natural-%26-Organic/Meat-%26-Seafood/Beef-%26-Veal/c/RCSS001009005001?navid=beef-veal" tabIndex="-1">
	        Beef & Veal</a>
	</li><li class="last see-all" role="menuitem" data-level="3" data-auid = "meat-and-seafood">
			<a class="see-all-link" href="/Food/Natural-%26-Organic/Meat-%26-Seafood/c/RCSS001009005000?navid=meat-seafood" tabIndex="-1" >
			    See all products</a>
		</li>
	</ul>

	</div></li><li data-level="2" class="more"
	role="menuitem"  data-auid = "dairy-and-eggs">
	<a class="sub-nav-link" href="/Food/Natural-%26-Organic/Dairy-and-Eggs/c/RCSS001009006000?navid=dairy-and-eggs" tabIndex="-1">
	        Dairy and Eggs<span class="more-indicator"></span>
		    </a>
	<div class="sub-nav-container sub-nav-level level-3">
	<ul class="sub-nav-links" aria-hidden="true">
		<li data-level="3" class=""
	role="menuitem"  data-auid = "milk-and-cream">
	<a class="sub-nav-link" href="/Food/Natural-%26-Organic/Dairy-and-Eggs/Milk-%26-Cream/c/RCSS001009006002?navid=milk-cream" tabIndex="-1">
	        Milk & Cream</a>
	</li><li data-level="3" class=""
	role="menuitem"  data-auid = "butter-and-spreads">
	<a class="sub-nav-link" href="/Food/Natural-%26-Organic/Dairy-and-Eggs/Butter-%26-Spreads/c/RCSS001009006001?navid=butter-spreads" tabIndex="-1">
	        Butter & Spreads</a>
	</li><li data-level="3" class=""
	role="menuitem"  data-auid = "packaged-cheeses">
	<a class="sub-nav-link" href="/Food/Natural-%26-Organic/Dairy-and-Eggs/Packaged-Cheeses/c/RCSS001009006003?navid=packaged-cheeses" tabIndex="-1">
	        Packaged Cheeses</a>
	</li><li data-level="3" class=""
	role="menuitem"  data-auid = "egg-and-egg-substitutes">
	<a class="sub-nav-link" href="/Food/Natural-%26-Organic/Dairy-and-Eggs/Egg-%26-Egg-Substitutes/c/RCSS001009006004?navid=egg-egg-substitutes" tabIndex="-1">
	        Egg & Egg Substitutes</a>
	</li><li data-level="3" class=""
	role="menuitem"  data-auid = "yogurt">
	<a class="sub-nav-link" href="/Food/Natural-%26-Organic/Dairy-and-Eggs/Yogurt/c/RCSS001009006006?navid=yogurt" tabIndex="-1">
	        Yogurt</a>
	</li><li data-level="3" class=""
	role="menuitem"  data-auid = "sour-creams-and-chip-dips">
	<a class="sub-nav-link" href="/Food/Natural-%26-Organic/Dairy-and-Eggs/Sour-Creams-%26-Chip-Dips/c/RCSS001009006005?navid=sour-creams-chip-dips" tabIndex="-1">
	        Sour Creams & Chip Dips</a>
	</li><li class="last see-all" role="menuitem" data-level="3" data-auid = "dairy-and-eggs">
			<a class="see-all-link" href="/Food/Natural-%26-Organic/Dairy-and-Eggs/c/RCSS001009006000?navid=dairy-and-eggs" tabIndex="-1" >
			    See all products</a>
		</li>
	</ul>

	</div></li><li data-level="2" class="more"
	role="menuitem"  data-auid = "drinks">
	<a class="sub-nav-link" href="/Food/Natural-%26-Organic/Drinks/c/RCSS001009007000?navid=drinks" tabIndex="-1">
	        Drinks<span class="more-indicator"></span>
		    </a>
	<div class="sub-nav-container sub-nav-level level-3">
	<ul class="sub-nav-links" aria-hidden="true">
		<li data-level="3" class=""
	role="menuitem"  data-auid = "coffee">
	<a class="sub-nav-link" href="/Food/Natural-%26-Organic/Drinks/Coffee/c/RCSS001009007004?navid=coffee" tabIndex="-1">
	        Coffee</a>
	</li><li data-level="3" class=""
	role="menuitem"  data-auid = "juice">
	<a class="sub-nav-link" href="/Food/Natural-%26-Organic/Drinks/Juice/c/RCSS001009007001?navid=juice" tabIndex="-1">
	        Juice</a>
	</li><li data-level="3" class=""
	role="menuitem"  data-auid = "soft-drinks">
	<a class="sub-nav-link" href="/Food/Natural-%26-Organic/Drinks/Soft-Drinks/c/RCSS001009007002?navid=soft-drinks" tabIndex="-1">
	        Soft Drinks</a>
	</li><li data-level="3" class=""
	role="menuitem"  data-auid = "soy,-rice-and-almond-drinks">
	<a class="sub-nav-link" href="/Food/Natural-%26-Organic/Drinks/Soy%2C-Rice-%26-Almond-Drinks/c/RCSS001009007007?navid=soy-rice-almond-drinks" tabIndex="-1">
	        Soy, Rice & Almond Drinks</a>
	</li><li data-level="3" class=""
	role="menuitem"  data-auid = "tea-and-hot-drinks">
	<a class="sub-nav-link" href="/Food/Natural-%26-Organic/Drinks/Tea-%26-Hot-Drinks/c/RCSS001009007006?navid=tea-hot-drinks" tabIndex="-1">
	        Tea & Hot Drinks</a>
	</li><li data-level="3" class=""
	role="menuitem"  data-auid = "water">
	<a class="sub-nav-link" href="/Food/Natural-%26-Organic/Drinks/Water/c/RCSS001009007009?navid=water" tabIndex="-1">
	        Water</a>
	</li><li class="last see-all" role="menuitem" data-level="3" data-auid = "drinks">
			<a class="see-all-link" href="/Food/Natural-%26-Organic/Drinks/c/RCSS001009007000?navid=drinks" tabIndex="-1" >
			    See all products</a>
		</li>
	</ul>

	</div></li><li data-level="2" class="more"
	role="menuitem"  data-auid = "frozen">
	<a class="sub-nav-link" href="/Food/Natural-%26-Organic/Frozen/c/RCSS001009008000?navid=frozen" tabIndex="-1">
	        Frozen<span class="more-indicator"></span>
		    </a>
	<div class="sub-nav-container sub-nav-level level-3">
	<ul class="sub-nav-links" aria-hidden="true">
		<li data-level="3" class=""
	role="menuitem"  data-auid = "bakery-and-fruit">
	<a class="sub-nav-link" href="/Food/Natural-%26-Organic/Frozen/Bakery-%26-Fruit/c/RCSS001009008002?navid=bakery-fruit" tabIndex="-1">
	        Bakery & Fruit</a>
	</li><li data-level="3" class=""
	role="menuitem"  data-auid = "breakfast-foods">
	<a class="sub-nav-link" href="/Food/Natural-%26-Organic/Frozen/Breakfast-Foods/c/RCSS001009008004?navid=breakfast-foods" tabIndex="-1">
	        Breakfast Foods</a>
	</li><li data-level="3" class=""
	role="menuitem"  data-auid = "ice-cream-and-treats">
	<a class="sub-nav-link" href="/Food/Natural-%26-Organic/Frozen/Ice-Cream-%26-Treats/c/RCSS001009008006?navid=ice-cream-treats" tabIndex="-1">
	        Ice Cream & Treats</a>
	</li><li data-level="3" class=""
	role="menuitem"  data-auid = "meals">
	<a class="sub-nav-link" href="/Food/Natural-%26-Organic/Frozen/Meals/c/RCSS001009008007?navid=meals" tabIndex="-1">
	        Meals</a>
	</li><li data-level="3" class=""
	role="menuitem"  data-auid = "pizza,-pasta-and-perogies">
	<a class="sub-nav-link" href="/Food/Natural-%26-Organic/Frozen/Pizza%2C-Pasta-%26-Perogies/c/RCSS001009008009?navid=pizza-pasta-perogies" tabIndex="-1">
	        Pizza, Pasta & Perogies</a>
	</li><li data-level="3" class=""
	role="menuitem"  data-auid = "vegetables">
	<a class="sub-nav-link" href="/Food/Natural-%26-Organic/Frozen/Vegetables/c/RCSS001009008010?navid=vegetables" tabIndex="-1">
	        Vegetables</a>
	</li><li class="last see-all" role="menuitem" data-level="3" data-auid = "frozen">
			<a class="see-all-link" href="/Food/Natural-%26-Organic/Frozen/c/RCSS001009008000?navid=frozen" tabIndex="-1" >
			    See all products</a>
		</li>
	</ul>

	</div></li><li data-level="2" class="more current"
	role="menuitem"  data-auid = "pantry">
	<a class="sub-nav-link" href="/Food/Natural-%26-Organic/Pantry/c/RCSS001009009000?navid=pantry" tabIndex="-1">
	        Pantry<span class="more-indicator"></span>
		    </a>
	<div class="sub-nav-container sub-nav-level level-3">
	<ul class="sub-nav-links" aria-hidden="true">
		<li data-level="3" class=""
	role="menuitem"  data-auid = "baby-food-and-formula">
	<a class="sub-nav-link" href="/Food/Natural-%26-Organic/Pantry/Baby-Food-%26-Formula/c/RCSS001009009001?navid=baby-food-formula" tabIndex="-1">
	        Baby Food & Formula</a>
	</li><li data-level="3" class=""
	role="menuitem"  data-auid = "breakfast">
	<a class="sub-nav-link" href="/Food/Natural-%26-Organic/Pantry/Breakfast/c/RCSS001009009004?navid=breakfast" tabIndex="-1">
	        Breakfast</a>
	</li><li data-level="3" class=""
	role="menuitem"  data-auid = "baking-ingredients">
	<a class="sub-nav-link" href="/Food/Natural-%26-Organic/Pantry/Baking-Ingredients/c/RCSS001009009002?navid=baking-ingredients" tabIndex="-1">
	        Baking Ingredients</a>
	</li><li data-level="3" class=""
	role="menuitem"  data-auid = "canned-and-jarred">
	<a class="sub-nav-link" href="/Food/Natural-%26-Organic/Pantry/Canned-%26-Jarred/c/RCSS001009009003?navid=canned-jarred" tabIndex="-1">
	        Canned & Jarred</a>
	</li><li data-level="3" class=""
	role="menuitem"  data-auid = "condiments-and-toppings">
	<a class="sub-nav-link" href="/Food/Natural-%26-Organic/Pantry/Condiments-%26-Toppings/c/RCSS001009009005?navid=condiments-toppings" tabIndex="-1">
	        Condiments & Toppings</a>
	</li><li data-level="3" class=""
	role="menuitem"  data-auid = "spices-and-sauces">
	<a class="sub-nav-link" href="/Food/Natural-%26-Organic/Pantry/Spices-%26-Sauces/c/RCSS001009009006?navid=spices-sauces" tabIndex="-1">
	        Spices & Sauces</a>
	</li><li data-level="3" class=""
	role="menuitem"  data-auid = "oil-and-vinegars">
	<a class="sub-nav-link" href="/Food/Natural-%26-Organic/Pantry/Oil-%26-Vinegars/c/RCSS001009009007?navid=oil-vinegars" tabIndex="-1">
	        Oil & Vinegars</a>
	</li><li data-level="3" class=""
	role="menuitem"  data-auid = "meal-kits">
	<a class="sub-nav-link" href="/Food/Natural-%26-Organic/Pantry/Meal-Kits/c/RCSS001009009008?navid=meal-kits" tabIndex="-1">
	        Meal Kits</a>
	</li><li data-level="3" class=""
	role="menuitem"  data-auid = "pasta,-rice-and-beans">
	<a class="sub-nav-link" href="/Food/Natural-%26-Organic/Pantry/Pasta%2C-Rice-%26-Beans/c/RCSS001009009009?navid=pasta-rice-beans" tabIndex="-1">
	        Pasta, Rice & Beans</a>
	</li><li data-level="3" class=""
	role="menuitem"  data-auid = "snacks-and-candy">
	<a class="sub-nav-link" href="/Food/Natural-%26-Organic/Pantry/Snacks-%26-Candy/c/RCSS001009009010?navid=snacks-candy" tabIndex="-1">
	        Snacks & Candy</a>
	</li><li class="last see-all" role="menuitem" data-level="3" data-auid = "pantry">
			<a class="see-all-link" href="/Food/Natural-%26-Organic/Pantry/c/RCSS001009009000?navid=pantry" tabIndex="-1" >
			    See all products</a>
		</li>
	</ul>

	</div></li><li class="last see-all" role="menuitem" data-level="2" data-auid = "natural-and-organic">
			<a class="see-all-link" href="/Food/Natural-%26-Organic/c/RCSS001009000000?navid=natural-organic" tabIndex="-1" >
			    See all products</a>
		</li>
	</ul>

	<div class="wrapper-promo-ad root-promo active-promo">















<div class="partial-nav-ad-var-1-large container">
	<a href="/Food/Natural-%26-Organic/c/RCSS001009000000" class="promo-link" target="">

		<div class="background-image">









<script>
/*! Picturefill - Responsive Images that work today. (and mimic the proposed Picture element with span elements). Author: Scott Jehl, Filament Group, 2012 | License: MIT/GPLv2 */

(function( w ){

	// Enable strict mode
	"use strict";

	w.picturefill = function() {
		var ps = w.document.getElementsByTagName( "span" );

		// Loop the pictures
		for( var i = 0, il = ps.length; i < il; i++ ){
			if( ps[ i ].getAttribute( "data-picture" ) !== null ){

				var sources = ps[ i ].getElementsByTagName( "span" ),
					matches = [];

				// See if which sources match
				for( var j = 0, jl = sources.length; j < jl; j++ ){
					var media = sources[ j ].getAttribute( "data-media" );
					// if there's no media specified, OR w.matchMedia is supported
					if( !media || ( w.matchMedia && w.matchMedia( media ).matches ) ){
						matches.push( sources[ j ] );
					}
				}

				// Find any existing img element in the picture element
				var picImg = ps[ i ].getElementsByTagName( "img" )[ 0 ];

				if( matches.length ){
					var matchedEl = matches.pop();
					if( !picImg || picImg.parentNode.nodeName === "NOSCRIPT" ){
						picImg = w.document.createElement( "img" );
						var alt = ps[ i ].getAttribute( "data-alt" );
						if (alt !== null) {
							picImg.alt = alt;
						}
					}
					else if( matchedEl === picImg.parentNode ){
						// Skip further actions if the correct image is already in place
						continue;
					}

					picImg.src =  matchedEl.getAttribute( "data-src" );
					picImg.setAttribute("usemap", matchedEl.getAttribute("data-usemap"));
					matchedEl.appendChild( picImg );
					picImg.removeAttribute("width");
					picImg.removeAttribute("height");
				}
				else if( picImg ){
					picImg.parentNode.removeChild( picImg );
				}
			}
		}
	};

	// Run on resize and domready (w.load as a fallback)
	if( w.addEventListener ){
		w.addEventListener( "resize", w.picturefill, false );
		w.addEventListener( "DOMContentLoaded", function(){
			w.picturefill();
			// Run once only
			w.removeEventListener( "load", w.picturefill, false );
		}, false );
		w.addEventListener( "load", w.picturefill, false );
	}
	else if( w.attachEvent ){
		w.attachEvent( "onload", w.picturefill );
	}
}( this ));
</script>
<!-- Begin Template: ConfigurableContentAdaptiveImage -->

<span data-picture data-alt="" data-target="" data-usemap="" data-closest=".background-image" data-target-attribute="background-image" class="module-adaptive-image loading">
	<span class="sm" data-src="https://assets.shop.loblaws.ca/ContentMedia/rcss/marketing/2016/categoryl2s/RCSS_L2-categories_naturalorganic_b3_en.jpg" data-usemap="-rim-sm"></span>
	<span class="sm" data-src="https://assets.shop.loblaws.ca/ContentMedia/rcss/marketing/2016/categoryl2s/RCSS_L2-categories_naturalorganic_b3_en.jpg" data-usemap="-rim-sm-retina" data-media="(min-device-pixel-ratio: 2.0)"></span>
	<span class="md" data-src="https://assets.shop.loblaws.ca/ContentMedia/rcss/marketing/2016/categoryl2s/RCSS_L2-categories_naturalorganic_b2_en.jpg" data-usemap="-rim-md" data-media="(min-width: 651px)"></span>
	<span class="md" data-src="https://assets.shop.loblaws.ca/ContentMedia/rcss/marketing/2016/categoryl2s/RCSS_L2-categories_naturalorganic_b2_en.jpg" data-usemap="-rim-md-retina" data-media="(min-width: 651px) and (min-device-pixel-ratio: 2.0)"></span>
	<span class="lg" data-src="https://assets.shop.loblaws.ca/ContentMedia/rcss/marketing/2016/categoryl2s/RCSS_L2-categories_naturalorganic_b1_en.jpg" data-usemap="-rim-lg" data-media="(min-width: 960px)"></span>
	<span class="lg" data-src="https://assets.shop.loblaws.ca/ContentMedia/rcss/marketing/2016/categoryl2s/RCSS_L2-categories_naturalorganic_b1_en.jpg" data-usemap="-rim-lg-retina" data-media="(min-width: 960px) and (min-device-pixel-ratio: 2.0)"></span>

	<img src="https://assets.shop.loblaws.ca/ContentMedia/rcss/spacer.gif" alt="Shop Now" onError="this.onerror=null;this.src='https://assets.shop.loblaws.ca/ContentMedia/rcss/marketing/2016/categoryl2s/RCSS_L2-categories_naturalorganic_b3_en.jpg';" />

	<!--[if (lt IE 9) & (!IEMobile)]>
		<img class="lg" src="https://assets.shop.loblaws.ca/ContentMedia/rcss/marketing/2016/categoryl2s/RCSS_L2-categories_naturalorganic_b1_en.jpg" alt="" usemap="-rim-lg">
	<![endif]-->

</span>
<!-- End Template: ConfigurableContentAdaptiveImage -->
		</div>

		<div class="row">
			<div class="wrapper-nav-ad-var-1-large">
				<div class="promo-content-holder">
					<h3></h3>
					<p></p>

				</div>
			</div>
		</div>

	</a>
</div>
>
</div>
	</div></li><li data-level="1" class="more"
	role="menuitem"  data-auid = "international-foods">
	<a class="sub-nav-link" href="/Food/International-Foods/c/RCSS001010000000?navid=international-foods" tabIndex="-1">
	        International Foods<span class="more-indicator"></span>
		    </a>
	<div class="sub-nav-container sub-nav-level level-2">
	<ul class="sub-nav-links" aria-hidden="true">
		<li data-level="2" class="more"
	role="menuitem"  data-auid = "fruits-and-vegetables">
	<a class="sub-nav-link" href="/Food/International-Foods/Fruits-%26-Vegetables/c/RCSS001010001000?navid=fruits-vegetables" tabIndex="-1">
	        Fruits & Vegetables<span class="more-indicator"></span>
		    </a>
	<div class="sub-nav-container sub-nav-level level-3">
	<ul class="sub-nav-links" aria-hidden="true">
		<li data-level="3" class=""
	role="menuitem"  data-auid = "fruits/veggies">
	<a class="sub-nav-link" href="/Food/International-Foods/Fruits-%26-Vegetables/Fruits-Veggies/c/RCSS001010001001?navid=fruitsveggies" tabIndex="-1">
	        Fruits/Veggies</a>
	</li><li class="last see-all" role="menuitem" data-level="3" data-auid = "fruits-and-vegetables">
			<a class="see-all-link" href="/Food/International-Foods/Fruits-%26-Vegetables/c/RCSS001010001000?navid=fruits-vegetables" tabIndex="-1" >
			    See all products</a>
		</li>
	</ul>

	</div></li><li data-level="2" class="more"
	role="menuitem"  data-auid = "deli-and-ready-meals">
	<a class="sub-nav-link" href="/Food/International-Foods/Deli-%26-Ready-Meals/c/RCSS001010003000?navid=deli-ready-meals" tabIndex="-1">
	        Deli & Ready Meals<span class="more-indicator"></span>
		    </a>
	<div class="sub-nav-container sub-nav-level level-3">
	<ul class="sub-nav-links" aria-hidden="true">
		<li data-level="3" class=""
	role="menuitem"  data-auid = "ready-to-eat">
	<a class="sub-nav-link" href="/Food/International-Foods/Deli-%26-Ready-Meals/Ready-To-Eat/c/RCSS001010003004?navid=ready-to-eat" tabIndex="-1">
	        Ready To Eat</a>
	</li><li data-level="3" class=""
	role="menuitem"  data-auid = "gourmet">
	<a class="sub-nav-link" href="/Food/International-Foods/Deli-%26-Ready-Meals/Gourmet/c/RCSS001010003003?navid=gourmet" tabIndex="-1">
	        Gourmet</a>
	</li><li data-level="3" class=""
	role="menuitem"  data-auid = "deli-meats">
	<a class="sub-nav-link" href="/Food/International-Foods/Deli-%26-Ready-Meals/Deli-Meats/c/RCSS001010003002?navid=deli-meats" tabIndex="-1">
	        Deli Meats</a>
	</li><li class="last see-all" role="menuitem" data-level="3" data-auid = "deli-and-ready-meals">
			<a class="see-all-link" href="/Food/International-Foods/Deli-%26-Ready-Meals/c/RCSS001010003000?navid=deli-ready-meals" tabIndex="-1" >
			    See all products</a>
		</li>
	</ul>

	</div></li><li data-level="2" class="more"
	role="menuitem"  data-auid = "bakery">
	<a class="sub-nav-link" href="/Food/International-Foods/Bakery/c/RCSS001010005000?navid=bakery" tabIndex="-1">
	        Bakery<span class="more-indicator"></span>
		    </a>
	<div class="sub-nav-container sub-nav-level level-3">
	<ul class="sub-nav-links" aria-hidden="true">
		<li data-level="3" class=""
	role="menuitem"  data-auid = "desserts-and-pastries">
	<a class="sub-nav-link" href="/Food/International-Foods/Bakery/Desserts-%26-Pastries/c/RCSS001010005002?navid=desserts-pastries" tabIndex="-1">
	        Desserts & Pastries</a>
	</li><li data-level="3" class=""
	role="menuitem"  data-auid = "breads">
	<a class="sub-nav-link" href="/Food/International-Foods/Bakery/Breads/c/RCSS001010005001?navid=breads" tabIndex="-1">
	        Breads</a>
	</li><li class="last see-all" role="menuitem" data-level="3" data-auid = "bakery">
			<a class="see-all-link" href="/Food/International-Foods/Bakery/c/RCSS001010005000?navid=bakery" tabIndex="-1" >
			    See all products</a>
		</li>
	</ul>

	</div></li><li data-level="2" class="more"
	role="menuitem"  data-auid = "dairy-and-eggs">
	<a class="sub-nav-link" href="/Food/International-Foods/Dairy-%26-Eggs/c/RCSS001010008000?navid=dairy-eggs" tabIndex="-1">
	        Dairy & Eggs<span class="more-indicator"></span>
		    </a>
	<div class="sub-nav-container sub-nav-level level-3">
	<ul class="sub-nav-links" aria-hidden="true">
		<li data-level="3" class=""
	role="menuitem"  data-auid = "milk">
	<a class="sub-nav-link" href="/Food/International-Foods/Dairy-%26-Eggs/Milk/c/RCSS001010008002?navid=milk" tabIndex="-1">
	        Milk</a>
	</li><li data-level="3" class=""
	role="menuitem"  data-auid = "cheese/butter/margerine">
	<a class="sub-nav-link" href="/Food/International-Foods/Dairy-%26-Eggs/Cheese-Butter-Margerine/c/RCSS001010008001?navid=cheesebuttermargerine" tabIndex="-1">
	        Cheese/Butter/Margerine</a>
	</li><li data-level="3" class=""
	role="menuitem"  data-auid = "yogurt">
	<a class="sub-nav-link" href="/Food/International-Foods/Dairy-%26-Eggs/Yogurt/c/RCSS001010008003?navid=yogurt" tabIndex="-1">
	        Yogurt</a>
	</li><li class="last see-all" role="menuitem" data-level="3" data-auid = "dairy-and-eggs">
			<a class="see-all-link" href="/Food/International-Foods/Dairy-%26-Eggs/c/RCSS001010008000?navid=dairy-eggs" tabIndex="-1" >
			    See all products</a>
		</li>
	</ul>

	</div></li><li data-level="2" class="more"
	role="menuitem"  data-auid = "meat-and-seafood">
	<a class="sub-nav-link" href="/Food/International-Foods/Meat-%26-Seafood/c/RCSS001010006000?navid=meat-seafood" tabIndex="-1">
	        Meat & Seafood<span class="more-indicator"></span>
		    </a>
	<div class="sub-nav-container sub-nav-level level-3">
	<ul class="sub-nav-links" aria-hidden="true">
		<li data-level="3" class=""
	role="menuitem"  data-auid = "meat">
	<a class="sub-nav-link" href="/Food/International-Foods/Meat-%26-Seafood/Meat/c/RCSS001010006001?navid=meat" tabIndex="-1">
	        Meat</a>
	</li><li data-level="3" class=""
	role="menuitem"  data-auid = "seafood">
	<a class="sub-nav-link" href="/Food/International-Foods/Meat-%26-Seafood/Seafood/c/RCSS001010006002?navid=seafood" tabIndex="-1">
	        Seafood</a>
	</li><li class="last see-all" role="menuitem" data-level="3" data-auid = "meat-and-seafood">
			<a class="see-all-link" href="/Food/International-Foods/Meat-%26-Seafood/c/RCSS001010006000?navid=meat-seafood" tabIndex="-1" >
			    See all products</a>
		</li>
	</ul>

	</div></li><li data-level="2" class="more"
	role="menuitem"  data-auid = "drinks">
	<a class="sub-nav-link" href="/Food/International-Foods/Drinks/c/RCSS001010009000?navid=drinks" tabIndex="-1">
	        Drinks<span class="more-indicator"></span>
		    </a>
	<div class="sub-nav-container sub-nav-level level-3">
	<ul class="sub-nav-links" aria-hidden="true">
		<li data-level="3" class=""
	role="menuitem"  data-auid = "hot-beverages">
	<a class="sub-nav-link" href="/Food/International-Foods/Drinks/Hot-Beverages/c/RCSS001010009002?navid=hot-beverages" tabIndex="-1">
	        Hot Beverages</a>
	</li><li data-level="3" class=""
	role="menuitem"  data-auid = "cold-beverages">
	<a class="sub-nav-link" href="/Food/International-Foods/Drinks/Cold-Beverages/c/RCSS001010009001?navid=cold-beverages" tabIndex="-1">
	        Cold Beverages</a>
	</li><li class="last see-all" role="menuitem" data-level="3" data-auid = "drinks">
			<a class="see-all-link" href="/Food/International-Foods/Drinks/c/RCSS001010009000?navid=drinks" tabIndex="-1" >
			    See all products</a>
		</li>
	</ul>

	</div></li><li data-level="2" class="more"
	role="menuitem"  data-auid = "frozen">
	<a class="sub-nav-link" href="/Food/International-Foods/Frozen/c/RCSS001010010000?navid=frozen" tabIndex="-1">
	        Frozen<span class="more-indicator"></span>
		    </a>
	<div class="sub-nav-container sub-nav-level level-3">
	<ul class="sub-nav-links" aria-hidden="true">
		<li data-level="3" class=""
	role="menuitem"  data-auid = "fruits-and-veggies">
	<a class="sub-nav-link" href="/Food/International-Foods/Frozen/Fruits-%26-Veggies/c/RCSS001010010003?navid=fruits-veggies" tabIndex="-1">
	        Fruits & Veggies</a>
	</li><li data-level="3" class=""
	role="menuitem"  data-auid = "ice-cream-and-juice">
	<a class="sub-nav-link" href="/Food/International-Foods/Frozen/Ice-Cream-%26-Juice/c/RCSS001010010004?navid=ice-cream-juice" tabIndex="-1">
	        Ice Cream & Juice</a>
	</li><li data-level="3" class=""
	role="menuitem"  data-auid = "meat-and-seafood">
	<a class="sub-nav-link" href="/Food/International-Foods/Frozen/Meat-%26-Seafood/c/RCSS001010010005?navid=meat-seafood" tabIndex="-1">
	        Meat & Seafood</a>
	</li><li data-level="3" class=""
	role="menuitem"  data-auid = "breakfast">
	<a class="sub-nav-link" href="/Food/International-Foods/Frozen/Breakfast/c/RCSS001010010002?navid=breakfast" tabIndex="-1">
	        Breakfast</a>
	</li><li data-level="3" class=""
	role="menuitem"  data-auid = "boxed-meals-and-apps">
	<a class="sub-nav-link" href="/Food/International-Foods/Frozen/Boxed-Meals-%26-Apps/c/RCSS001010010006?navid=boxed-meals-apps" tabIndex="-1">
	        Boxed Meals & Apps</a>
	</li><li class="last see-all" role="menuitem" data-level="3" data-auid = "frozen">
			<a class="see-all-link" href="/Food/International-Foods/Frozen/c/RCSS001010010000?navid=frozen" tabIndex="-1" >
			    See all products</a>
		</li>
	</ul>

	</div></li><li data-level="2" class="more current"
	role="menuitem"  data-auid = "pantry">
	<a class="sub-nav-link" href="/Food/International-Foods/Pantry/c/RCSS001010011000?navid=pantry" tabIndex="-1">
	        Pantry<span class="more-indicator"></span>
		    </a>
	<div class="sub-nav-container sub-nav-level level-3">
	<ul class="sub-nav-links" aria-hidden="true">
		<li data-level="3" class=""
	role="menuitem"  data-auid = "meal-makers">
	<a class="sub-nav-link" href="/Food/International-Foods/Pantry/Meal-Makers/c/RCSS001010011001?navid=meal-makers" tabIndex="-1">
	        Meal Makers</a>
	</li><li data-level="3" class=""
	role="menuitem"  data-auid = "snacks">
	<a class="sub-nav-link" href="/Food/International-Foods/Pantry/Snacks/c/RCSS001010011002?navid=snacks" tabIndex="-1">
	        Snacks</a>
	</li><li data-level="3" class=""
	role="menuitem"  data-auid = "canned-and-jarred">
	<a class="sub-nav-link" href="/Food/International-Foods/Pantry/Canned-%26-Jarred/c/RCSS001010011003?navid=canned-jarred" tabIndex="-1">
	        Canned & Jarred</a>
	</li><li data-level="3" class=""
	role="menuitem"  data-auid = "condiments">
	<a class="sub-nav-link" href="/Food/International-Foods/Pantry/Condiments/c/RCSS001010011005?navid=condiments" tabIndex="-1">
	        Condiments</a>
	</li><li data-level="3" class=""
	role="menuitem"  data-auid = "sauces-and-oils">
	<a class="sub-nav-link" href="/Food/International-Foods/Pantry/Sauces-%26-Oils/c/RCSS001010011006?navid=sauces-oils" tabIndex="-1">
	        Sauces & Oils</a>
	</li><li class="last see-all" role="menuitem" data-level="3" data-auid = "pantry">
			<a class="see-all-link" href="/Food/International-Foods/Pantry/c/RCSS001010011000?navid=pantry" tabIndex="-1" >
			    See all products</a>
		</li>
	</ul>

	</div></li><li class="last see-all" role="menuitem" data-level="2" data-auid = "international-foods">
			<a class="see-all-link" href="/Food/International-Foods/c/RCSS001010000000?navid=international-foods" tabIndex="-1" >
			    See all products</a>
		</li>
	</ul>

	<div class="wrapper-promo-ad root-promo active-promo">















<div class="partial-nav-ad-var-1-large container">
	<a href="/deals/flyer" class="promo-link" target="">

		<div class="background-image">









<script>
/*! Picturefill - Responsive Images that work today. (and mimic the proposed Picture element with span elements). Author: Scott Jehl, Filament Group, 2012 | License: MIT/GPLv2 */

(function( w ){

	// Enable strict mode
	"use strict";

	w.picturefill = function() {
		var ps = w.document.getElementsByTagName( "span" );

		// Loop the pictures
		for( var i = 0, il = ps.length; i < il; i++ ){
			if( ps[ i ].getAttribute( "data-picture" ) !== null ){

				var sources = ps[ i ].getElementsByTagName( "span" ),
					matches = [];

				// See if which sources match
				for( var j = 0, jl = sources.length; j < jl; j++ ){
					var media = sources[ j ].getAttribute( "data-media" );
					// if there's no media specified, OR w.matchMedia is supported
					if( !media || ( w.matchMedia && w.matchMedia( media ).matches ) ){
						matches.push( sources[ j ] );
					}
				}

				// Find any existing img element in the picture element
				var picImg = ps[ i ].getElementsByTagName( "img" )[ 0 ];

				if( matches.length ){
					var matchedEl = matches.pop();
					if( !picImg || picImg.parentNode.nodeName === "NOSCRIPT" ){
						picImg = w.document.createElement( "img" );
						var alt = ps[ i ].getAttribute( "data-alt" );
						if (alt !== null) {
							picImg.alt = alt;
						}
					}
					else if( matchedEl === picImg.parentNode ){
						// Skip further actions if the correct image is already in place
						continue;
					}

					picImg.src =  matchedEl.getAttribute( "data-src" );
					picImg.setAttribute("usemap", matchedEl.getAttribute("data-usemap"));
					matchedEl.appendChild( picImg );
					picImg.removeAttribute("width");
					picImg.removeAttribute("height");
				}
				else if( picImg ){
					picImg.parentNode.removeChild( picImg );
				}
			}
		}
	};

	// Run on resize and domready (w.load as a fallback)
	if( w.addEventListener ){
		w.addEventListener( "resize", w.picturefill, false );
		w.addEventListener( "DOMContentLoaded", function(){
			w.picturefill();
			// Run once only
			w.removeEventListener( "load", w.picturefill, false );
		}, false );
		w.addEventListener( "load", w.picturefill, false );
	}
	else if( w.attachEvent ){
		w.attachEvent( "onload", w.picturefill );
	}
}( this ));
</script>
<!-- Begin Template: ConfigurableContentAdaptiveImage -->

<span data-picture data-alt="" data-target="" data-usemap="" data-closest=".background-image" data-target-attribute="background-image" class="module-adaptive-image loading">
	<span class="sm" data-src="https://assets.shop.loblaws.ca/ContentMedia/rcss/marketing/2017/evergreen/flyerdeals/v1/rcss_l2_flyer_b3_en.jpg" data-usemap="-rim-sm"></span>
	<span class="sm" data-src="https://assets.shop.loblaws.ca/ContentMedia/rcss/marketing/2017/evergreen/flyerdeals/v1/rcss_l2_flyer_b3_en.jpg" data-usemap="-rim-sm-retina" data-media="(min-device-pixel-ratio: 2.0)"></span>
	<span class="md" data-src="https://assets.shop.loblaws.ca/ContentMedia/rcss/marketing/2017/evergreen/flyerdeals/v1/rcss_l2_flyer_b2_en.jpg" data-usemap="-rim-md" data-media="(min-width: 651px)"></span>
	<span class="md" data-src="https://assets.shop.loblaws.ca/ContentMedia/rcss/marketing/2017/evergreen/flyerdeals/v1/rcss_l2_flyer_b2_en.jpg" data-usemap="-rim-md-retina" data-media="(min-width: 651px) and (min-device-pixel-ratio: 2.0)"></span>
	<span class="lg" data-src="https://assets.shop.loblaws.ca/ContentMedia/rcss/marketing/2017/evergreen/flyerdeals/v1/rcss_l2_flyer_b1_en.jpg" data-usemap="-rim-lg" data-media="(min-width: 960px)"></span>
	<span class="lg" data-src="https://assets.shop.loblaws.ca/ContentMedia/rcss/marketing/2017/evergreen/flyerdeals/v1/rcss_l2_flyer_b1_en.jpg" data-usemap="-rim-lg-retina" data-media="(min-width: 960px) and (min-device-pixel-ratio: 2.0)"></span>

	<img src="https://assets.shop.loblaws.ca/ContentMedia/rcss/spacer.gif" alt="Find your flyer" onError="this.onerror=null;this.src='https://assets.shop.loblaws.ca/ContentMedia/rcss/marketing/2017/evergreen/flyerdeals/v1/rcss_l2_flyer_b3_en.jpg';" />

	<!--[if (lt IE 9) & (!IEMobile)]>
		<img class="lg" src="https://assets.shop.loblaws.ca/ContentMedia/rcss/marketing/2017/evergreen/flyerdeals/v1/rcss_l2_flyer_b1_en.jpg" alt="" usemap="-rim-lg">
	<![endif]-->

</span>
<!-- End Template: ConfigurableContentAdaptiveImage -->
		</div>

		<div class="row">
			<div class="wrapper-nav-ad-var-1-large">
				<div class="promo-content-holder">
					<h3></h3>
					<p></p>

				</div>
			</div>
		</div>

	</a>
</div>
>
</div>
	</div></li><li data-level="1" class="more"
	role="menuitem"  data-auid = "baby-care">
	<a class="sub-nav-link" href="/Home-%26-Lifestyle/Baby-Care/c/RCSS002001000000?navid=baby-care" tabIndex="-1">
	        Baby Care<span class="more-indicator"></span>
		    </a>
	<div class="sub-nav-container sub-nav-level level-2">
	<ul class="sub-nav-links" aria-hidden="true">
		<li data-level="2" class="more"
	role="menuitem"  data-auid = "baby-food">
	<a class="sub-nav-link" href="/Home-%26-Lifestyle/Baby-Care/Baby-Food/c/RCSS002001015000?navid=baby-food" tabIndex="-1">
	        Baby Food<span class="more-indicator"></span>
		    </a>
	<div class="sub-nav-container sub-nav-level level-3">
	<ul class="sub-nav-links" aria-hidden="true">
		<li data-level="3" class=""
	role="menuitem"  data-auid = "pouch">
	<a class="sub-nav-link" href="/Home-%26-Lifestyle/Baby-Care/Baby-Food/POUCH/c/RCSS002001015004?navid=pouch" tabIndex="-1">
	        POUCH</a>
	</li><li data-level="3" class=""
	role="menuitem"  data-auid = "cereal">
	<a class="sub-nav-link" href="/Home-%26-Lifestyle/Baby-Care/Baby-Food/CEREAL/c/RCSS002001015002?navid=cereal" tabIndex="-1">
	        CEREAL</a>
	</li><li data-level="3" class=""
	role="menuitem"  data-auid = "snacks">
	<a class="sub-nav-link" href="/Home-%26-Lifestyle/Baby-Care/Baby-Food/SNACKS/c/RCSS002001015001?navid=snacks" tabIndex="-1">
	        SNACKS</a>
	</li><li data-level="3" class=""
	role="menuitem"  data-auid = "jars">
	<a class="sub-nav-link" href="/Home-%26-Lifestyle/Baby-Care/Baby-Food/JARS/c/RCSS002001015003?navid=jars" tabIndex="-1">
	        JARS</a>
	</li><li class="last see-all" role="menuitem" data-level="3" data-auid = "baby-food">
			<a class="see-all-link" href="/Home-%26-Lifestyle/Baby-Care/Baby-Food/c/RCSS002001015000?navid=baby-food" tabIndex="-1" >
			    See all products</a>
		</li>
	</ul>

	</div></li><li data-level="2" class="more"
	role="menuitem"  data-auid = "baby-formula">
	<a class="sub-nav-link" href="/Home-%26-Lifestyle/Baby-Care/Baby-Formula/c/RCSS002001017000?navid=baby-formula" tabIndex="-1">
	        Baby Formula<span class="more-indicator"></span>
		    </a>
	<div class="sub-nav-container sub-nav-level level-3">
	<ul class="sub-nav-links" aria-hidden="true">
		<li data-level="3" class=""
	role="menuitem"  data-auid = "powder">
	<a class="sub-nav-link" href="/Home-%26-Lifestyle/Baby-Care/Baby-Formula/Powder/c/RCSS002001017001?navid=powder" tabIndex="-1">
	        Powder</a>
	</li><li data-level="3" class=""
	role="menuitem"  data-auid = "liquid">
	<a class="sub-nav-link" href="/Home-%26-Lifestyle/Baby-Care/Baby-Formula/Liquid/c/RCSS002001017002?navid=liquid" tabIndex="-1">
	        Liquid</a>
	</li><li class="last see-all" role="menuitem" data-level="3" data-auid = "baby-formula">
			<a class="see-all-link" href="/Home-%26-Lifestyle/Baby-Care/Baby-Formula/c/RCSS002001017000?navid=baby-formula" tabIndex="-1" >
			    See all products</a>
		</li>
	</ul>

	</div></li><li data-level="2" class="more"
	role="menuitem"  data-auid = "disposable-diapers">
	<a class="sub-nav-link" href="/Home-%26-Lifestyle/Baby-Care/Disposable-Diapers/c/RCSS002001013000?navid=disposable-diapers" tabIndex="-1">
	        Disposable Diapers<span class="more-indicator"></span>
		    </a>
	<div class="sub-nav-container sub-nav-level level-3">
	<ul class="sub-nav-links" aria-hidden="true">
		<li data-level="3" class=""
	role="menuitem"  data-auid = "newborn">
	<a class="sub-nav-link" href="/Home-%26-Lifestyle/Baby-Care/Disposable-Diapers/Newborn/c/RCSS002001013007?navid=newborn" tabIndex="-1">
	        Newborn</a>
	</li><li data-level="3" class=""
	role="menuitem"  data-auid = "size-1-diapers">
	<a class="sub-nav-link" href="/Home-%26-Lifestyle/Baby-Care/Disposable-Diapers/SIZE-1-Diapers/c/RCSS002001013004?navid=size-1-diapers" tabIndex="-1">
	        SIZE 1 Diapers</a>
	</li><li data-level="3" class=""
	role="menuitem"  data-auid = "size-2-diapers">
	<a class="sub-nav-link" href="/Home-%26-Lifestyle/Baby-Care/Disposable-Diapers/SIZE-2-Diapers/c/RCSS002001013005?navid=size-2-diapers" tabIndex="-1">
	        SIZE 2 Diapers</a>
	</li><li data-level="3" class=""
	role="menuitem"  data-auid = "size-3-diapers">
	<a class="sub-nav-link" href="/Home-%26-Lifestyle/Baby-Care/Disposable-Diapers/SIZE-3-Diapers/c/RCSS002001013003?navid=size-3-diapers" tabIndex="-1">
	        SIZE 3 Diapers</a>
	</li><li data-level="3" class=""
	role="menuitem"  data-auid = "size-4-diapers">
	<a class="sub-nav-link" href="/Home-%26-Lifestyle/Baby-Care/Disposable-Diapers/SIZE-4-Diapers/c/RCSS002001013001?navid=size-4-diapers" tabIndex="-1">
	        SIZE 4 Diapers</a>
	</li><li data-level="3" class=""
	role="menuitem"  data-auid = "size-5-diapers">
	<a class="sub-nav-link" href="/Home-%26-Lifestyle/Baby-Care/Disposable-Diapers/SIZE-5-Diapers/c/RCSS002001013002?navid=size-5-diapers" tabIndex="-1">
	        SIZE 5 Diapers</a>
	</li><li data-level="3" class=""
	role="menuitem"  data-auid = "size-6-diapers">
	<a class="sub-nav-link" href="/Home-%26-Lifestyle/Baby-Care/Disposable-Diapers/SIZE-6-Diapers/c/RCSS002001013006?navid=size-6-diapers" tabIndex="-1">
	        SIZE 6 Diapers</a>
	</li><li data-level="3" class=""
	role="menuitem"  data-auid = "swim-diapers">
	<a class="sub-nav-link" href="/Home-%26-Lifestyle/Baby-Care/Disposable-Diapers/Swim-Diapers/c/RCSS002001013010?navid=swim-diapers" tabIndex="-1">
	        Swim Diapers</a>
	</li><li data-level="3" class=""
	role="menuitem"  data-auid = "diaper-accessories">
	<a class="sub-nav-link" href="/Home-%26-Lifestyle/Baby-Care/Disposable-Diapers/Diaper-Accessories/c/RCSS002001013009?navid=diaper-accessories" tabIndex="-1">
	        Diaper Accessories</a>
	</li><li class="last see-all" role="menuitem" data-level="3" data-auid = "disposable-diapers">
			<a class="see-all-link" href="/Home-%26-Lifestyle/Baby-Care/Disposable-Diapers/c/RCSS002001013000?navid=disposable-diapers" tabIndex="-1" >
			    See all products</a>
		</li>
	</ul>

	</div></li><li data-level="2" class="more"
	role="menuitem"  data-auid = "baby-wipes">
	<a class="sub-nav-link" href="/Home-%26-Lifestyle/Baby-Care/Baby-Wipes/c/RCSS002001016000?navid=baby-wipes" tabIndex="-1">
	        Baby Wipes<span class="more-indicator"></span>
		    </a>
	<div class="sub-nav-container sub-nav-level level-3">
	<ul class="sub-nav-links" aria-hidden="true">
		<li data-level="3" class=""
	role="menuitem"  data-auid = "multi-pack-wipes">
	<a class="sub-nav-link" href="/Home-%26-Lifestyle/Baby-Care/Baby-Wipes/Multi-Pack-Wipes/c/RCSS002001016001?navid=multipack-wipes" tabIndex="-1">
	        Multi-Pack Wipes</a>
	</li><li data-level="3" class=""
	role="menuitem"  data-auid = "single-pack-wipes">
	<a class="sub-nav-link" href="/Home-%26-Lifestyle/Baby-Care/Baby-Wipes/Single-Pack-Wipes/c/RCSS002001016002?navid=single-pack-wipes" tabIndex="-1">
	        Single Pack Wipes</a>
	</li><li data-level="3" class=""
	role="menuitem"  data-auid = "clubpack">
	<a class="sub-nav-link" href="/Home-%26-Lifestyle/Baby-Care/Baby-Wipes/ClubPack/c/RCSS002001016003?navid=clubpack" tabIndex="-1">
	        ClubPack</a>
	</li><li data-level="3" class=""
	role="menuitem"  data-auid = "flushable-wipes">
	<a class="sub-nav-link" href="/Home-%26-Lifestyle/Baby-Care/Baby-Wipes/Flushable-Wipes/c/RCSS002001016004?navid=flushable-wipes" tabIndex="-1">
	        Flushable Wipes</a>
	</li><li class="last see-all" role="menuitem" data-level="3" data-auid = "baby-wipes">
			<a class="see-all-link" href="/Home-%26-Lifestyle/Baby-Care/Baby-Wipes/c/RCSS002001016000?navid=baby-wipes" tabIndex="-1" >
			    See all products</a>
		</li>
	</ul>

	</div></li><li data-level="2" class="more"
	role="menuitem"  data-auid = "potty-training">
	<a class="sub-nav-link" href="/Home-%26-Lifestyle/Baby-Care/Potty-Training/c/RCSS002001014000?navid=potty-training" tabIndex="-1">
	        Potty Training<span class="more-indicator"></span>
		    </a>
	<div class="sub-nav-container sub-nav-level level-3">
	<ul class="sub-nav-links" aria-hidden="true">
		<li data-level="3" class=""
	role="menuitem"  data-auid = "disposable-training-pants">
	<a class="sub-nav-link" href="/Home-%26-Lifestyle/Baby-Care/Potty-Training/Disposable-Training-Pants/c/RCSS002001014001?navid=disposable-training-pants" tabIndex="-1">
	        Disposable Training Pants</a>
	</li><li data-level="3" class=""
	role="menuitem"  data-auid = "potties-and-seats">
	<a class="sub-nav-link" href="/Home-%26-Lifestyle/Baby-Care/Potty-Training/Potties-%26-Seats/c/RCSS002001014003?navid=potties-seats" tabIndex="-1">
	        Potties & Seats</a>
	</li><li data-level="3" class=""
	role="menuitem"  data-auid = "bed-wetters">
	<a class="sub-nav-link" href="/Home-%26-Lifestyle/Baby-Care/Potty-Training/Bed-Wetters/c/RCSS002001014002?navid=bed-wetters" tabIndex="-1">
	        Bed Wetters</a>
	</li><li data-level="3" class=""
	role="menuitem"  data-auid = "reusable-training-underwear">
	<a class="sub-nav-link" href="/Home-%26-Lifestyle/Baby-Care/Potty-Training/Reusable-Training-Underwear/c/RCSS002001014005?navid=reusable-training-underwear" tabIndex="-1">
	        Reusable Training Underwear</a>
	</li><li data-level="3" class=""
	role="menuitem"  data-auid = "stool">
	<a class="sub-nav-link" href="/Home-%26-Lifestyle/Baby-Care/Potty-Training/Stool/c/RCSS002001014004?navid=stool" tabIndex="-1">
	        Stool</a>
	</li><li class="last see-all" role="menuitem" data-level="3" data-auid = "potty-training">
			<a class="see-all-link" href="/Home-%26-Lifestyle/Baby-Care/Potty-Training/c/RCSS002001014000?navid=potty-training" tabIndex="-1" >
			    See all products</a>
		</li>
	</ul>

	</div></li><li data-level="2" class="more"
	role="menuitem"  data-auid = "baby-toiletries">
	<a class="sub-nav-link" href="/Home-%26-Lifestyle/Baby-Care/Baby-Toiletries/c/RCSS002001012000?navid=baby-toiletries" tabIndex="-1">
	        Baby Toiletries<span class="more-indicator"></span>
		    </a>
	<div class="sub-nav-container sub-nav-level level-3">
	<ul class="sub-nav-links" aria-hidden="true">
		<li data-level="3" class=""
	role="menuitem"  data-auid = "medication">
	<a class="sub-nav-link" href="/Home-%26-Lifestyle/Baby-Care/Baby-Toiletries/Medication/c/RCSS002001012002?navid=medication" tabIndex="-1">
	        Medication</a>
	</li><li data-level="3" class=""
	role="menuitem"  data-auid = "wash">
	<a class="sub-nav-link" href="/Home-%26-Lifestyle/Baby-Care/Baby-Toiletries/Wash/c/RCSS002001012001?navid=wash" tabIndex="-1">
	        Wash</a>
	</li><li data-level="3" class=""
	role="menuitem"  data-auid = "lotion/cream">
	<a class="sub-nav-link" href="/Home-%26-Lifestyle/Baby-Care/Baby-Toiletries/Lotion-Cream/c/RCSS002001012004?navid=lotioncream" tabIndex="-1">
	        Lotion/Cream</a>
	</li><li data-level="3" class=""
	role="menuitem"  data-auid = "diaper-rash-cream">
	<a class="sub-nav-link" href="/Home-%26-Lifestyle/Baby-Care/Baby-Toiletries/Diaper-Rash-Cream/c/RCSS002001012003?navid=diaper-rash-cream" tabIndex="-1">
	        Diaper Rash Cream</a>
	</li><li data-level="3" class=""
	role="menuitem"  data-auid = "facial-wipes">
	<a class="sub-nav-link" href="/Home-%26-Lifestyle/Baby-Care/Baby-Toiletries/Facial-Wipes/c/RCSS002001012005?navid=facial-wipes" tabIndex="-1">
	        Facial Wipes</a>
	</li><li data-level="3" class=""
	role="menuitem"  data-auid = "cotton-swabs">
	<a class="sub-nav-link" href="/Home-%26-Lifestyle/Baby-Care/Baby-Toiletries/Cotton-Swabs/c/RCSS002001012007?navid=cotton-swabs" tabIndex="-1">
	        Cotton Swabs</a>
	</li><li data-level="3" class=""
	role="menuitem"  data-auid = "powder">
	<a class="sub-nav-link" href="/Home-%26-Lifestyle/Baby-Care/Baby-Toiletries/powder/c/RCSS002001012006?navid=powder" tabIndex="-1">
	        powder</a>
	</li><li data-level="3" class=""
	role="menuitem"  data-auid = "accessories">
	<a class="sub-nav-link" href="/Home-%26-Lifestyle/Baby-Care/Baby-Toiletries/Accessories/c/RCSS002001012008?navid=accessories" tabIndex="-1">
	        Accessories</a>
	</li><li data-level="3" class=""
	role="menuitem"  data-auid = "nipple-cream">
	<a class="sub-nav-link" href="/Home-%26-Lifestyle/Baby-Care/Baby-Toiletries/Nipple-Cream/c/RCSS002001012009?navid=nipple-cream" tabIndex="-1">
	        Nipple Cream</a>
	</li><li data-level="3" class=""
	role="menuitem"  data-auid = "oral-care">
	<a class="sub-nav-link" href="/Home-%26-Lifestyle/Baby-Care/Baby-Toiletries/Oral-Care/c/RCSS002001012010?navid=oral-care" tabIndex="-1">
	        Oral Care</a>
	</li><li class="last see-all" role="menuitem" data-level="3" data-auid = "baby-toiletries">
			<a class="see-all-link" href="/Home-%26-Lifestyle/Baby-Care/Baby-Toiletries/c/RCSS002001012000?navid=baby-toiletries" tabIndex="-1" >
			    See all products</a>
		</li>
	</ul>

	</div></li><li data-level="2" class="more"
	role="menuitem"  data-auid = "baby-accessories">
	<a class="sub-nav-link" href="/Home-%26-Lifestyle/Baby-Care/Baby-Accessories/c/RCSS002001011000?navid=baby-accessories" tabIndex="-1">
	        Baby Accessories<span class="more-indicator"></span>
		    </a>
	<div class="sub-nav-container sub-nav-level level-3">
	<ul class="sub-nav-links" aria-hidden="true">
		<li data-level="3" class=""
	role="menuitem"  data-auid = "mealtime">
	<a class="sub-nav-link" href="/Home-%26-Lifestyle/Baby-Care/Baby-Accessories/Mealtime/c/RCSS002001011002?navid=mealtime" tabIndex="-1">
	        Mealtime</a>
	</li><li data-level="3" class=""
	role="menuitem"  data-auid = "safety-gates-and-home-safety">
	<a class="sub-nav-link" href="/Home-%26-Lifestyle/Baby-Care/Baby-Accessories/Safety-Gates-%26-Home-Safety/c/RCSS002001011010?navid=safety-gates-home-safety" tabIndex="-1">
	        Safety Gates & Home Safety</a>
	</li><li data-level="3" class=""
	role="menuitem"  data-auid = "breast-pumps-and-nursing-accessories">
	<a class="sub-nav-link" href="/Home-%26-Lifestyle/Baby-Care/Baby-Accessories/Breast-Pumps-and-Nursing-Accessories/c/RCSS002001011003?navid=breast-pumps-and-nursing-accessories" tabIndex="-1">
	        Breast Pumps and Nursing Accessories</a>
	</li><li data-level="3" class=""
	role="menuitem"  data-auid = "infant-chair">
	<a class="sub-nav-link" href="/Home-%26-Lifestyle/Baby-Care/Baby-Accessories/Infant-Chair/c/RCSS002001011011?navid=infant-chair" tabIndex="-1">
	        Infant Chair</a>
	</li><li data-level="3" class=""
	role="menuitem"  data-auid = "cups">
	<a class="sub-nav-link" href="/Home-%26-Lifestyle/Baby-Care/Baby-Accessories/Cups/c/RCSS002001011006?navid=cups" tabIndex="-1">
	        Cups</a>
	</li><li data-level="3" class=""
	role="menuitem"  data-auid = "blankets-and-bibs">
	<a class="sub-nav-link" href="/Home-%26-Lifestyle/Baby-Care/Baby-Accessories/Blankets-%26-Bibs/c/RCSS002001011004?navid=blankets-bibs" tabIndex="-1">
	        Blankets & Bibs</a>
	</li><li data-level="3" class=""
	role="menuitem"  data-auid = "teether-and-toys">
	<a class="sub-nav-link" href="/Home-%26-Lifestyle/Baby-Care/Baby-Accessories/Teether-and-Toys/c/RCSS002001011005?navid=teether-and-toys" tabIndex="-1">
	        Teether and Toys</a>
	</li><li data-level="3" class=""
	role="menuitem"  data-auid = "stroller-accessories">
	<a class="sub-nav-link" href="/Home-%26-Lifestyle/Baby-Care/Baby-Accessories/Stroller-Accessories/c/RCSS002001011013?navid=stroller-accessories" tabIndex="-1">
	        Stroller Accessories</a>
	</li><li data-level="3" class=""
	role="menuitem"  data-auid = "bottles,-nipples-and-accessories">
	<a class="sub-nav-link" href="/Home-%26-Lifestyle/Baby-Care/Baby-Accessories/Bottles%2C-Nipples-and-Accessories/c/RCSS002001011001?navid=bottles-nipples-and-accessories" tabIndex="-1">
	        Bottles, Nipples and Accessories</a>
	</li><li data-level="3" class=""
	role="menuitem"  data-auid = "car-seats-and-car-acessories-accessory">
	<a class="sub-nav-link" href="/Home-%26-Lifestyle/Baby-Care/Baby-Accessories/Car-Seats-%26-Car-Acessories-Accessory/c/RCSS002001011012?navid=car-seats-car-acessories-accessory" tabIndex="-1">
	        Car Seats & Car Acessories Accessory</a>
	</li><li data-level="3" class=""
	role="menuitem"  data-auid = "pacifiers-and-clips">
	<a class="sub-nav-link" href="/Home-%26-Lifestyle/Baby-Care/Baby-Accessories/Pacifiers-and-Clips/c/RCSS002001011007?navid=pacifiers-and-clips" tabIndex="-1">
	        Pacifiers and Clips</a>
	</li><li class="last see-all" role="menuitem" data-level="3" data-auid = "baby-accessories">
			<a class="see-all-link" href="/Home-%26-Lifestyle/Baby-Care/Baby-Accessories/c/RCSS002001011000?navid=baby-accessories" tabIndex="-1" >
			    See all products</a>
		</li>
	</ul>

	</div></li><li class="last see-all" role="menuitem" data-level="2" data-auid = "baby-care">
			<a class="see-all-link" href="/Home-%26-Lifestyle/Baby-Care/c/RCSS002001000000?navid=baby-care" tabIndex="-1" >
			    See all products</a>
		</li>
	</ul>

	<div class="wrapper-promo-ad root-promo active-promo">















<div class="partial-nav-ad-var-1-large container">
	<a href="/Home-%26-Lifestyle/Baby-Needs/c/RCSS002001000000" class="promo-link" target="">

		<div class="background-image">









<script>
/*! Picturefill - Responsive Images that work today. (and mimic the proposed Picture element with span elements). Author: Scott Jehl, Filament Group, 2012 | License: MIT/GPLv2 */

(function( w ){

	// Enable strict mode
	"use strict";

	w.picturefill = function() {
		var ps = w.document.getElementsByTagName( "span" );

		// Loop the pictures
		for( var i = 0, il = ps.length; i < il; i++ ){
			if( ps[ i ].getAttribute( "data-picture" ) !== null ){

				var sources = ps[ i ].getElementsByTagName( "span" ),
					matches = [];

				// See if which sources match
				for( var j = 0, jl = sources.length; j < jl; j++ ){
					var media = sources[ j ].getAttribute( "data-media" );
					// if there's no media specified, OR w.matchMedia is supported
					if( !media || ( w.matchMedia && w.matchMedia( media ).matches ) ){
						matches.push( sources[ j ] );
					}
				}

				// Find any existing img element in the picture element
				var picImg = ps[ i ].getElementsByTagName( "img" )[ 0 ];

				if( matches.length ){
					var matchedEl = matches.pop();
					if( !picImg || picImg.parentNode.nodeName === "NOSCRIPT" ){
						picImg = w.document.createElement( "img" );
						var alt = ps[ i ].getAttribute( "data-alt" );
						if (alt !== null) {
							picImg.alt = alt;
						}
					}
					else if( matchedEl === picImg.parentNode ){
						// Skip further actions if the correct image is already in place
						continue;
					}

					picImg.src =  matchedEl.getAttribute( "data-src" );
					picImg.setAttribute("usemap", matchedEl.getAttribute("data-usemap"));
					matchedEl.appendChild( picImg );
					picImg.removeAttribute("width");
					picImg.removeAttribute("height");
				}
				else if( picImg ){
					picImg.parentNode.removeChild( picImg );
				}
			}
		}
	};

	// Run on resize and domready (w.load as a fallback)
	if( w.addEventListener ){
		w.addEventListener( "resize", w.picturefill, false );
		w.addEventListener( "DOMContentLoaded", function(){
			w.picturefill();
			// Run once only
			w.removeEventListener( "load", w.picturefill, false );
		}, false );
		w.addEventListener( "load", w.picturefill, false );
	}
	else if( w.attachEvent ){
		w.attachEvent( "onload", w.picturefill );
	}
}( this ));
</script>
<!-- Begin Template: ConfigurableContentAdaptiveImage -->

<span data-picture data-alt="" data-target="" data-usemap="" data-closest=".background-image" data-target-attribute="background-image" class="module-adaptive-image loading">
	<span class="sm" data-src="https://assets.shop.loblaws.ca/ContentMedia/rcss/marketing/2016/categoryl2s/RCSS_L2-categories_baby_b3_en.jpg" data-usemap="-rim-sm"></span>
	<span class="sm" data-src="https://assets.shop.loblaws.ca/ContentMedia/rcss/marketing/2016/categoryl2s/RCSS_L2-categories_baby_b3_en.jpg" data-usemap="-rim-sm-retina" data-media="(min-device-pixel-ratio: 2.0)"></span>
	<span class="md" data-src="https://assets.shop.loblaws.ca/ContentMedia/rcss/marketing/2016/categoryl2s/RCSS_L2-categories_baby_b2_en.jpg" data-usemap="-rim-md" data-media="(min-width: 651px)"></span>
	<span class="md" data-src="https://assets.shop.loblaws.ca/ContentMedia/rcss/marketing/2016/categoryl2s/RCSS_L2-categories_baby_b2_en.jpg" data-usemap="-rim-md-retina" data-media="(min-width: 651px) and (min-device-pixel-ratio: 2.0)"></span>
	<span class="lg" data-src="https://assets.shop.loblaws.ca/ContentMedia/rcss/marketing/2016/categoryl2s/RCSS_L2-categories_baby_b1_en.jpg" data-usemap="-rim-lg" data-media="(min-width: 960px)"></span>
	<span class="lg" data-src="https://assets.shop.loblaws.ca/ContentMedia/rcss/marketing/2016/categoryl2s/RCSS_L2-categories_baby_b1_en.jpg" data-usemap="-rim-lg-retina" data-media="(min-width: 960px) and (min-device-pixel-ratio: 2.0)"></span>

	<img src="https://assets.shop.loblaws.ca/ContentMedia/rcss/spacer.gif" alt="shop now" onError="this.onerror=null;this.src='https://assets.shop.loblaws.ca/ContentMedia/rcss/marketing/2016/categoryl2s/RCSS_L2-categories_baby_b3_en.jpg';" />

	<!--[if (lt IE 9) & (!IEMobile)]>
		<img class="lg" src="https://assets.shop.loblaws.ca/ContentMedia/rcss/marketing/2016/categoryl2s/RCSS_L2-categories_baby_b1_en.jpg" alt="" usemap="-rim-lg">
	<![endif]-->

</span>
<!-- End Template: ConfigurableContentAdaptiveImage -->
		</div>

		<div class="row">
			<div class="wrapper-nav-ad-var-1-large">
				<div class="promo-content-holder">
					<h3></h3>
					<p></p>

				</div>
			</div>
		</div>

	</a>
</div>
>
</div>
	</div></li><li data-level="1" class=""
	role="menuitem"  data-auid = "shop-by-brand">
	<a class="sub-nav-link" href="/collections/Shop%20By%20Brand/017042000000?icid=Food_ShopbyBrand&navid=rcssbrowsebybrandfoodX" tabIndex="-1">
	        Shop by Brand</a>
	</li><li class="last see-all" role="menuitem" data-level="1" data-auid = "food">
			<a class="see-all-link" href="?navid=" tabIndex="-1" >
			    See all products</a>
		</li>
	</ul>

	</div></div></li>

					<li class="nav-item has-sub-nav listener-clickoutside" aria-haspopup="true" role="menuitem" data-auid = "home-and-lifestyle"  >
	<button class="nav-item-link more" >
			    Home & Lifestyle<span class="more-indicator"></span>
				</button>
		<span class="icon-arrow-down"></span>
		<div class="module-sub-nav">
	<div class="sub-nav-container sub-nav-level level-1">
	<ul class="sub-nav-links" aria-hidden="true">
		<li data-level="1" class="more"
	role="menuitem"  data-auid = "holiday">
	<a class="sub-nav-link" href="/Food/Holiday/c/RCSS002014000000?navid=holiday" tabIndex="-1">
	        Holiday<span class="more-indicator"></span>
		    </a>
	<div class="sub-nav-container sub-nav-level level-2">
	<ul class="sub-nav-links" aria-hidden="true">
		<li data-level="2" class="more"
	role="menuitem"  data-auid = "christmas-décor">
	<a class="sub-nav-link" href="/Food/Holiday/Christmas-D%C3%A9cor/c/RCSS015001000000?navid=christmas-dcor" tabIndex="-1">
	        Christmas Décor<span class="more-indicator"></span>
		    </a>
	<div class="sub-nav-container sub-nav-level level-3">
	<ul class="sub-nav-links" aria-hidden="true">
		<li data-level="3" class=""
	role="menuitem"  data-auid = "ornaments">
	<a class="sub-nav-link" href="/Food/Holiday/Christmas-D%C3%A9cor/Ornaments/c/RCSS015001001000?navid=ornaments" tabIndex="-1">
	        Ornaments</a>
	</li><li data-level="3" class=""
	role="menuitem"  data-auid = "trees">
	<a class="sub-nav-link" href="/Food/Holiday/Christmas-D%C3%A9cor/Trees/c/RCSS015001002000?navid=trees" tabIndex="-1">
	        Trees</a>
	</li><li data-level="3" class=""
	role="menuitem"  data-auid = "home-décor">
	<a class="sub-nav-link" href="/Food/Holiday/Christmas-D%C3%A9cor/Home-D%C3%A9cor/c/RCSS015001003000?navid=home-dcor" tabIndex="-1">
	        Home Décor</a>
	</li><li data-level="3" class=""
	role="menuitem"  data-auid = "stockings-and-wreaths">
	<a class="sub-nav-link" href="/Food/Holiday/Christmas-D%C3%A9cor/Stockings-%26-Wreaths/c/RCSS015001004000?navid=stockings-wreaths" tabIndex="-1">
	        Stockings & Wreaths</a>
	</li><li data-level="3" class=""
	role="menuitem"  data-auid = "indoor-christmas-lights">
	<a class="sub-nav-link" href="/Food/Holiday/Christmas-D%C3%A9cor/Indoor-Christmas-Lights/c/RCSS015001005002?navid=indoor-christmas-lights" tabIndex="-1">
	        Indoor Christmas Lights</a>
	</li><li data-level="3" class=""
	role="menuitem"  data-auid = "wrap">
	<a class="sub-nav-link" href="/Food/Holiday/Christmas-D%C3%A9cor/Wrap/c/RCSS015001006000?navid=wrap" tabIndex="-1">
	        Wrap</a>
	</li><li data-level="3" class=""
	role="menuitem"  data-auid = "crackers">
	<a class="sub-nav-link" href="/Food/Holiday/Christmas-D%C3%A9cor/Crackers/c/RCSS015001009000?navid=crackers" tabIndex="-1">
	        Crackers</a>
	</li><li data-level="3" class=""
	role="menuitem"  data-auid = "garland">
	<a class="sub-nav-link" href="/Food/Holiday/Christmas-D%C3%A9cor/Garland/c/RCSS015001010000?navid=garland" tabIndex="-1">
	        Garland</a>
	</li><li class="last see-all" role="menuitem" data-level="3" data-auid = "christmas-décor">
			<a class="see-all-link" href="/Food/Holiday/Christmas-D%C3%A9cor/c/RCSS015001000000?navid=christmas-dcor" tabIndex="-1" >
			    See all products</a>
		</li>
	</ul>

	</div></li><li data-level="2" class="more"
	role="menuitem"  data-auid = "entertaining-ware">
	<a class="sub-nav-link" href="/Food/Holiday/Entertaining-Ware/c/RCSS002014001000?navid=entertaining-ware" tabIndex="-1">
	        Entertaining Ware<span class="more-indicator"></span>
		    </a>
	<div class="sub-nav-container sub-nav-level level-3">
	<ul class="sub-nav-links" aria-hidden="true">
		<li data-level="3" class=""
	role="menuitem"  data-auid = "serveware">
	<a class="sub-nav-link" href="/Food/Holiday/Entertaining-Ware/Serveware/c/RCSS002014001005?navid=serveware" tabIndex="-1">
	        Serveware</a>
	</li><li data-level="3" class=""
	role="menuitem"  data-auid = "glassware">
	<a class="sub-nav-link" href="/Food/Holiday/Entertaining-Ware/Glassware/c/RCSS002014001003?navid=glassware" tabIndex="-1">
	        Glassware</a>
	</li><li data-level="3" class=""
	role="menuitem"  data-auid = "tableware">
	<a class="sub-nav-link" href="/Food/Holiday/Entertaining-Ware/Tableware/c/RCSS002014001004?navid=tableware" tabIndex="-1">
	        Tableware</a>
	</li><li data-level="3" class=""
	role="menuitem"  data-auid = "cookware-and-bakeware">
	<a class="sub-nav-link" href="/Food/Holiday/Entertaining-Ware/Cookware-%26-Bakeware/c/RCSS002014001001?navid=cookware-bakeware" tabIndex="-1">
	        Cookware & Bakeware</a>
	</li><li data-level="3" class=""
	role="menuitem"  data-auid = "kitchen-linens">
	<a class="sub-nav-link" href="/Food/Holiday/Entertaining-Ware/Kitchen-Linens/c/RCSS002014001002?navid=kitchen-linens" tabIndex="-1">
	        Kitchen Linens</a>
	</li><li class="last see-all" role="menuitem" data-level="3" data-auid = "entertaining-ware">
			<a class="see-all-link" href="/Food/Holiday/Entertaining-Ware/c/RCSS002014001000?navid=entertaining-ware" tabIndex="-1" >
			    See all products</a>
		</li>
	</ul>

	</div></li><li data-level="2" class="more"
	role="menuitem"  data-auid = "appetizers">
	<a class="sub-nav-link" href="/Food/Holiday/Appetizers/c/RCSS002014002000?navid=appetizers" tabIndex="-1">
	        Appetizers<span class="more-indicator"></span>
		    </a>
	<div class="sub-nav-container sub-nav-level level-3">
	<ul class="sub-nav-links" aria-hidden="true">
		<li data-level="3" class=""
	role="menuitem"  data-auid = "chips-and-dips">
	<a class="sub-nav-link" href="/Food/Holiday/Appetizers/Chips-%26-Dips/c/RCSS002014002001?navid=chips-dips" tabIndex="-1">
	        Chips & Dips</a>
	</li><li data-level="3" class=""
	role="menuitem"  data-auid = "party-trays">
	<a class="sub-nav-link" href="/Food/Holiday/Appetizers/Party-Trays/c/RCSS002014002002?navid=party-trays" tabIndex="-1">
	        Party Trays</a>
	</li><li data-level="3" class=""
	role="menuitem"  data-auid = "hot-apps">
	<a class="sub-nav-link" href="/Food/Holiday/Appetizers/Hot-Apps/c/RCSS002014002003?navid=hot-apps" tabIndex="-1">
	        Hot Apps</a>
	</li><li class="last see-all" role="menuitem" data-level="3" data-auid = "appetizers">
			<a class="see-all-link" href="/Food/Holiday/Appetizers/c/RCSS002014002000?navid=appetizers" tabIndex="-1" >
			    See all products</a>
		</li>
	</ul>

	</div></li><li data-level="2" class="more"
	role="menuitem"  data-auid = "charcuterie-board">
	<a class="sub-nav-link" href="/Food/Holiday/Charcuterie-Board/c/RCSS002014003000?navid=charcuterie-board" tabIndex="-1">
	        Charcuterie Board<span class="more-indicator"></span>
		    </a>
	<div class="sub-nav-container sub-nav-level level-3">
	<ul class="sub-nav-links" aria-hidden="true">
		<li data-level="3" class=""
	role="menuitem"  data-auid = "cured-meats-and-salami">
	<a class="sub-nav-link" href="/Food/Holiday/Charcuterie-Board/Cured-Meats-%26-Salami/c/RCSS002014003001?navid=cured-meats-salami" tabIndex="-1">
	        Cured Meats & Salami</a>
	</li><li data-level="3" class=""
	role="menuitem"  data-auid = "cheese">
	<a class="sub-nav-link" href="/Food/Holiday/Charcuterie-Board/Cheese/c/RCSS002014003002?navid=cheese" tabIndex="-1">
	        Cheese</a>
	</li><li data-level="3" class=""
	role="menuitem"  data-auid = "something-pickled">
	<a class="sub-nav-link" href="/Food/Holiday/Charcuterie-Board/Something-Pickled/c/RCSS002014003003?navid=something-pickled" tabIndex="-1">
	        Something Pickled</a>
	</li><li data-level="3" class=""
	role="menuitem"  data-auid = "dips-and-spreads">
	<a class="sub-nav-link" href="/Food/Holiday/Charcuterie-Board/Dips-%26-Spreads/c/RCSS002014003004?navid=dips-spreads" tabIndex="-1">
	        Dips & Spreads</a>
	</li><li data-level="3" class=""
	role="menuitem"  data-auid = "fruits-and-nuts">
	<a class="sub-nav-link" href="/Food/Holiday/Charcuterie-Board/Fruits-%26-Nuts/c/RCSS002014003005?navid=fruits-nuts" tabIndex="-1">
	        Fruits & Nuts</a>
	</li><li data-level="3" class=""
	role="menuitem"  data-auid = "serveware">
	<a class="sub-nav-link" href="/Food/Holiday/Charcuterie-Board/Serveware/c/RCSS002014003006?navid=serveware" tabIndex="-1">
	        Serveware</a>
	</li><li class="last see-all" role="menuitem" data-level="3" data-auid = "charcuterie-board">
			<a class="see-all-link" href="/Food/Holiday/Charcuterie-Board/c/RCSS002014003000?navid=charcuterie-board" tabIndex="-1" >
			    See all products</a>
		</li>
	</ul>

	</div></li><li data-level="2" class="more"
	role="menuitem"  data-auid = "turkey-and-main">
	<a class="sub-nav-link" href="/Food/Holiday/Turkey-%26-Main/c/RCSS002014004000?navid=turkey-main" tabIndex="-1">
	        Turkey & Main<span class="more-indicator"></span>
		    </a>
	<div class="sub-nav-container sub-nav-level level-3">
	<ul class="sub-nav-links" aria-hidden="true">
		<li data-level="3" class=""
	role="menuitem"  data-auid = "turkey-and-chicken">
	<a class="sub-nav-link" href="/Food/Holiday/Turkey-%26-Main/Turkey-%26-Chicken/c/RCSS002014004001?navid=turkey-chicken" tabIndex="-1">
	        Turkey & Chicken</a>
	</li><li data-level="3" class=""
	role="menuitem"  data-auid = "beef-and-veal">
	<a class="sub-nav-link" href="/Food/Holiday/Turkey-%26-Main/Beef-%26-Veal/c/RCSS002014004002?navid=beef-veal" tabIndex="-1">
	        Beef & Veal</a>
	</li><li data-level="3" class=""
	role="menuitem"  data-auid = "fish-and-seafood">
	<a class="sub-nav-link" href="/Food/Holiday/Turkey-%26-Main/Fish-%26-Seafood/c/RCSS002014004005?navid=fish-seafood" tabIndex="-1">
	        Fish & Seafood</a>
	</li><li data-level="3" class=""
	role="menuitem"  data-auid = "lamb-and-exotic">
	<a class="sub-nav-link" href="/Food/Holiday/Turkey-%26-Main/Lamb-%26-Exotic/c/RCSS002014004004?navid=lamb-exotic" tabIndex="-1">
	        Lamb & Exotic</a>
	</li><li data-level="3" class=""
	role="menuitem"  data-auid = "pork-and-ham">
	<a class="sub-nav-link" href="/Food/Holiday/Turkey-%26-Main/Pork-%26-Ham/c/RCSS002014004003?navid=pork-ham" tabIndex="-1">
	        Pork & Ham</a>
	</li><li data-level="3" class=""
	role="menuitem"  data-auid = "sides">
	<a class="sub-nav-link" href="/Food/Holiday/Turkey-%26-Main/Sides/c/RCSS002014004007?navid=sides" tabIndex="-1">
	        Sides</a>
	</li><li data-level="3" class=""
	role="menuitem"  data-auid = "sauce-and-spices">
	<a class="sub-nav-link" href="/Food/Holiday/Turkey-%26-Main/Sauce-%26-Spices/c/RCSS002014004006?navid=sauce-spices" tabIndex="-1">
	        Sauce & Spices</a>
	</li><li class="last see-all" role="menuitem" data-level="3" data-auid = "turkey-and-main">
			<a class="see-all-link" href="/Food/Holiday/Turkey-%26-Main/c/RCSS002014004000?navid=turkey-main" tabIndex="-1" >
			    See all products</a>
		</li>
	</ul>

	</div></li><li data-level="2" class="more"
	role="menuitem"  data-auid = "chocolates-and-desserts">
	<a class="sub-nav-link" href="/Food/Holiday/Chocolates-%26-Desserts/c/RCSS002014005000?navid=chocolates-desserts" tabIndex="-1">
	        Chocolates & Desserts<span class="more-indicator"></span>
		    </a>
	<div class="sub-nav-container sub-nav-level level-3">
	<ul class="sub-nav-links" aria-hidden="true">
		<li data-level="3" class=""
	role="menuitem"  data-auid = "cakes-and-puddings">
	<a class="sub-nav-link" href="/Food/Holiday/Chocolates-%26-Desserts/Cakes-%26-Puddings/c/RCSS002014005002?navid=cakes-puddings" tabIndex="-1">
	        Cakes & Puddings</a>
	</li><li data-level="3" class=""
	role="menuitem"  data-auid = "chocolates-and-candies">
	<a class="sub-nav-link" href="/Food/Holiday/Chocolates-%26-Desserts/Chocolates-%26-Candies/c/RCSS002014005004?navid=chocolates-candies" tabIndex="-1">
	        Chocolates & Candies</a>
	</li><li data-level="3" class=""
	role="menuitem"  data-auid = "gingerbread-and-pies">
	<a class="sub-nav-link" href="/Food/Holiday/Chocolates-%26-Desserts/Gingerbread-%26-Pies/c/RCSS002014005001?navid=gingerbread-pies" tabIndex="-1">
	        Gingerbread & Pies</a>
	</li><li data-level="3" class=""
	role="menuitem"  data-auid = "cookies-and-biscuits">
	<a class="sub-nav-link" href="/Food/Holiday/Chocolates-%26-Desserts/Cookies-%26-Biscuits/c/RCSS002014005003?navid=cookies-biscuits" tabIndex="-1">
	        Cookies & Biscuits</a>
	</li><li class="last see-all" role="menuitem" data-level="3" data-auid = "chocolates-and-desserts">
			<a class="see-all-link" href="/Food/Holiday/Chocolates-%26-Desserts/c/RCSS002014005000?navid=chocolates-desserts" tabIndex="-1" >
			    See all products</a>
		</li>
	</ul>

	</div></li><li data-level="2" class="more"
	role="menuitem"  data-auid = "drinks">
	<a class="sub-nav-link" href="/Food/Holiday/Drinks/c/RCSS002014006000?navid=drinks" tabIndex="-1">
	        Drinks<span class="more-indicator"></span>
		    </a>
	<div class="sub-nav-container sub-nav-level level-3">
	<ul class="sub-nav-links" aria-hidden="true">
		<li data-level="3" class=""
	role="menuitem"  data-auid = "soft-drinks">
	<a class="sub-nav-link" href="/Food/Holiday/Drinks/Soft-Drinks/c/RCSS002014006003?navid=soft-drinks" tabIndex="-1">
	        Soft Drinks</a>
	</li><li data-level="3" class=""
	role="menuitem"  data-auid = "eggnogs">
	<a class="sub-nav-link" href="/Food/Holiday/Drinks/Eggnogs/c/RCSS002014006001?navid=eggnogs" tabIndex="-1">
	        Eggnogs</a>
	</li><li data-level="3" class=""
	role="menuitem"  data-auid = "water">
	<a class="sub-nav-link" href="/Food/Holiday/Drinks/Water/c/RCSS002014006005?navid=water" tabIndex="-1">
	        Water</a>
	</li><li data-level="3" class=""
	role="menuitem"  data-auid = "coffee-and-tea">
	<a class="sub-nav-link" href="/Food/Holiday/Drinks/Coffee-%26-Tea/c/RCSS002014006004?navid=coffee-tea" tabIndex="-1">
	        Coffee & Tea</a>
	</li><li data-level="3" class=""
	role="menuitem"  data-auid = "juices">
	<a class="sub-nav-link" href="/Food/Holiday/Drinks/Juices/c/RCSS002014006002?navid=juices" tabIndex="-1">
	        Juices</a>
	</li><li class="last see-all" role="menuitem" data-level="3" data-auid = "drinks">
			<a class="see-all-link" href="/Food/Holiday/Drinks/c/RCSS002014006000?navid=drinks" tabIndex="-1" >
			    See all products</a>
		</li>
	</ul>

	</div></li><li data-level="2" class="more"
	role="menuitem"  data-auid = "gifts">
	<a class="sub-nav-link" href="/Food/Holiday/Gifts/c/RCSS002014007000?navid=gifts" tabIndex="-1">
	        Gifts<span class="more-indicator"></span>
		    </a>
	<div class="sub-nav-container sub-nav-level level-3">
	<ul class="sub-nav-links" aria-hidden="true">
		<li data-level="3" class=""
	role="menuitem"  data-auid = "gift-for-her">
	<a class="sub-nav-link" href="/Food/Holiday/Gifts/Gift-For-Her/c/RCSS002014007002?navid=gift-for-her" tabIndex="-1">
	        Gift For Her</a>
	</li><li data-level="3" class=""
	role="menuitem"  data-auid = "gift-for-him">
	<a class="sub-nav-link" href="/Food/Holiday/Gifts/Gift-For-Him/c/RCSS002014007003?navid=gift-for-him" tabIndex="-1">
	        Gift For Him</a>
	</li><li data-level="3" class=""
	role="menuitem"  data-auid = "gift-for-kid-and-toys">
	<a class="sub-nav-link" href="/Food/Holiday/Gifts/Gift-For-Kid-%26-Toys/c/RCSS002014007001?navid=gift-for-kid-toys" tabIndex="-1">
	        Gift For Kid & Toys</a>
	</li><li data-level="3" class=""
	role="menuitem"  data-auid = "flowers">
	<a class="sub-nav-link" href="/Food/Holiday/Gifts/Flowers/c/RCSS002014007004?navid=flowers" tabIndex="-1">
	        Flowers</a>
	</li><li data-level="3" class=""
	role="menuitem"  data-auid = "holiday-personal-care">
	<a class="sub-nav-link" href="/Food/Holiday/Gifts/Holiday-Personal-Care/c/RCSS002014007005NAV?navid=holiday-personal-care" tabIndex="-1">
	        Holiday Personal Care</a>
	</li><li class="last see-all" role="menuitem" data-level="3" data-auid = "gifts">
			<a class="see-all-link" href="/Food/Holiday/Gifts/c/RCSS002014007000?navid=gifts" tabIndex="-1" >
			    See all products</a>
		</li>
	</ul>

	</div></li><li class="last see-all" role="menuitem" data-level="2" data-auid = "holiday">
			<a class="see-all-link" href="/Food/Holiday/c/RCSS002014000000?navid=holiday" tabIndex="-1" >
			    See all products</a>
		</li>
	</ul>

	<div class="wrapper-promo-ad root-promo active-promo">















<div class="partial-nav-ad-var-1-large container">
	<a href="/collections/PC%20Holiday%20Insiders/17197000000?icid=l2_holiday2018" class="promo-link" target="">

		<div class="background-image">









<script>
/*! Picturefill - Responsive Images that work today. (and mimic the proposed Picture element with span elements). Author: Scott Jehl, Filament Group, 2012 | License: MIT/GPLv2 */

(function( w ){

	// Enable strict mode
	"use strict";

	w.picturefill = function() {
		var ps = w.document.getElementsByTagName( "span" );

		// Loop the pictures
		for( var i = 0, il = ps.length; i < il; i++ ){
			if( ps[ i ].getAttribute( "data-picture" ) !== null ){

				var sources = ps[ i ].getElementsByTagName( "span" ),
					matches = [];

				// See if which sources match
				for( var j = 0, jl = sources.length; j < jl; j++ ){
					var media = sources[ j ].getAttribute( "data-media" );
					// if there's no media specified, OR w.matchMedia is supported
					if( !media || ( w.matchMedia && w.matchMedia( media ).matches ) ){
						matches.push( sources[ j ] );
					}
				}

				// Find any existing img element in the picture element
				var picImg = ps[ i ].getElementsByTagName( "img" )[ 0 ];

				if( matches.length ){
					var matchedEl = matches.pop();
					if( !picImg || picImg.parentNode.nodeName === "NOSCRIPT" ){
						picImg = w.document.createElement( "img" );
						var alt = ps[ i ].getAttribute( "data-alt" );
						if (alt !== null) {
							picImg.alt = alt;
						}
					}
					else if( matchedEl === picImg.parentNode ){
						// Skip further actions if the correct image is already in place
						continue;
					}

					picImg.src =  matchedEl.getAttribute( "data-src" );
					picImg.setAttribute("usemap", matchedEl.getAttribute("data-usemap"));
					matchedEl.appendChild( picImg );
					picImg.removeAttribute("width");
					picImg.removeAttribute("height");
				}
				else if( picImg ){
					picImg.parentNode.removeChild( picImg );
				}
			}
		}
	};

	// Run on resize and domready (w.load as a fallback)
	if( w.addEventListener ){
		w.addEventListener( "resize", w.picturefill, false );
		w.addEventListener( "DOMContentLoaded", function(){
			w.picturefill();
			// Run once only
			w.removeEventListener( "load", w.picturefill, false );
		}, false );
		w.addEventListener( "load", w.picturefill, false );
	}
	else if( w.attachEvent ){
		w.attachEvent( "onload", w.picturefill );
	}
}( this ));
</script>
<!-- Begin Template: ConfigurableContentAdaptiveImage -->

<span data-picture data-alt="" data-target="" data-usemap="" data-closest=".background-image" data-target-attribute="background-image" class="module-adaptive-image loading">
	<span class="sm" data-src="https://assets.shop.loblaws.ca/ContentMedia/rcss/marketing/2018/WK45/PC%20Insiders%20Holidays/L2/wk45_discount_l2_holidayinsiders_b3_en.png" data-usemap="-rim-sm"></span>
	<span class="sm" data-src="https://assets.shop.loblaws.ca/ContentMedia/rcss/marketing/2018/WK45/PC%20Insiders%20Holidays/L2/wk45_discount_l2_holidayinsiders_b3_en.png" data-usemap="-rim-sm-retina" data-media="(min-device-pixel-ratio: 2.0)"></span>
	<span class="md" data-src="https://assets.shop.loblaws.ca/ContentMedia/rcss/marketing/2018/WK45/PC%20Insiders%20Holidays/L2/wk45_discount_l2_holidayinsiders_b2_en.png" data-usemap="-rim-md" data-media="(min-width: 651px)"></span>
	<span class="md" data-src="https://assets.shop.loblaws.ca/ContentMedia/rcss/marketing/2018/WK45/PC%20Insiders%20Holidays/L2/wk45_discount_l2_holidayinsiders_b2_en.png" data-usemap="-rim-md-retina" data-media="(min-width: 651px) and (min-device-pixel-ratio: 2.0)"></span>
	<span class="lg" data-src="https://assets.shop.loblaws.ca/ContentMedia/rcss/marketing/2018/WK45/PC%20Insiders%20Holidays/L2/wk45_discount_l2_holidayinsiders_b1_en.png" data-usemap="-rim-lg" data-media="(min-width: 960px)"></span>
	<span class="lg" data-src="https://assets.shop.loblaws.ca/ContentMedia/rcss/marketing/2018/WK45/PC%20Insiders%20Holidays/L2/wk45_discount_l2_holidayinsiders_b1_en.png" data-usemap="-rim-lg-retina" data-media="(min-width: 960px) and (min-device-pixel-ratio: 2.0)"></span>

	<img src="https://assets.shop.loblaws.ca/ContentMedia/rcss/spacer.gif" alt="PC Insiders Collection Holiday Hits. Get Started" onError="this.onerror=null;this.src='https://assets.shop.loblaws.ca/ContentMedia/rcss/marketing/2018/WK45/PC%20Insiders%20Holidays/L2/wk45_discount_l2_holidayinsiders_b3_en.png';" />

	<!--[if (lt IE 9) & (!IEMobile)]>
		<img class="lg" src="https://assets.shop.loblaws.ca/ContentMedia/rcss/marketing/2018/WK45/PC%20Insiders%20Holidays/L2/wk45_discount_l2_holidayinsiders_b1_en.png" alt="" usemap="-rim-lg">
	<![endif]-->

</span>
<!-- End Template: ConfigurableContentAdaptiveImage -->
		</div>

		<div class="row">
			<div class="wrapper-nav-ad-var-1-large">
				<div class="promo-content-holder">
					<h3></h3>
					<p></p>

				</div>
			</div>
		</div>

	</a>
</div>
>
</div>
	</div></li><li data-level="1" class="more"
	role="menuitem"  data-auid = "baby-care">
	<a class="sub-nav-link" href="/Home-%26-Lifestyle/Baby-Care/c/RCSS002001000000?navid=baby-care" tabIndex="-1">
	        Baby Care<span class="more-indicator"></span>
		    </a>
	<div class="sub-nav-container sub-nav-level level-2">
	<ul class="sub-nav-links" aria-hidden="true">
		<li data-level="2" class="more"
	role="menuitem"  data-auid = "baby-food">
	<a class="sub-nav-link" href="/Home-%26-Lifestyle/Baby-Care/Baby-Food/c/RCSS002001015000?navid=baby-food" tabIndex="-1">
	        Baby Food<span class="more-indicator"></span>
		    </a>
	<div class="sub-nav-container sub-nav-level level-3">
	<ul class="sub-nav-links" aria-hidden="true">
		<li data-level="3" class=""
	role="menuitem"  data-auid = "pouch">
	<a class="sub-nav-link" href="/Home-%26-Lifestyle/Baby-Care/Baby-Food/POUCH/c/RCSS002001015004?navid=pouch" tabIndex="-1">
	        POUCH</a>
	</li><li data-level="3" class=""
	role="menuitem"  data-auid = "cereal">
	<a class="sub-nav-link" href="/Home-%26-Lifestyle/Baby-Care/Baby-Food/CEREAL/c/RCSS002001015002?navid=cereal" tabIndex="-1">
	        CEREAL</a>
	</li><li data-level="3" class=""
	role="menuitem"  data-auid = "snacks">
	<a class="sub-nav-link" href="/Home-%26-Lifestyle/Baby-Care/Baby-Food/SNACKS/c/RCSS002001015001?navid=snacks" tabIndex="-1">
	        SNACKS</a>
	</li><li data-level="3" class=""
	role="menuitem"  data-auid = "jars">
	<a class="sub-nav-link" href="/Home-%26-Lifestyle/Baby-Care/Baby-Food/JARS/c/RCSS002001015003?navid=jars" tabIndex="-1">
	        JARS</a>
	</li><li class="last see-all" role="menuitem" data-level="3" data-auid = "baby-food">
			<a class="see-all-link" href="/Home-%26-Lifestyle/Baby-Care/Baby-Food/c/RCSS002001015000?navid=baby-food" tabIndex="-1" >
			    See all products</a>
		</li>
	</ul>

	</div></li><li data-level="2" class="more"
	role="menuitem"  data-auid = "baby-formula">
	<a class="sub-nav-link" href="/Home-%26-Lifestyle/Baby-Care/Baby-Formula/c/RCSS002001017000?navid=baby-formula" tabIndex="-1">
	        Baby Formula<span class="more-indicator"></span>
		    </a>
	<div class="sub-nav-container sub-nav-level level-3">
	<ul class="sub-nav-links" aria-hidden="true">
		<li data-level="3" class=""
	role="menuitem"  data-auid = "powder">
	<a class="sub-nav-link" href="/Home-%26-Lifestyle/Baby-Care/Baby-Formula/Powder/c/RCSS002001017001?navid=powder" tabIndex="-1">
	        Powder</a>
	</li><li data-level="3" class=""
	role="menuitem"  data-auid = "liquid">
	<a class="sub-nav-link" href="/Home-%26-Lifestyle/Baby-Care/Baby-Formula/Liquid/c/RCSS002001017002?navid=liquid" tabIndex="-1">
	        Liquid</a>
	</li><li class="last see-all" role="menuitem" data-level="3" data-auid = "baby-formula">
			<a class="see-all-link" href="/Home-%26-Lifestyle/Baby-Care/Baby-Formula/c/RCSS002001017000?navid=baby-formula" tabIndex="-1" >
			    See all products</a>
		</li>
	</ul>

	</div></li><li data-level="2" class="more"
	role="menuitem"  data-auid = "disposable-diapers">
	<a class="sub-nav-link" href="/Home-%26-Lifestyle/Baby-Care/Disposable-Diapers/c/RCSS002001013000?navid=disposable-diapers" tabIndex="-1">
	        Disposable Diapers<span class="more-indicator"></span>
		    </a>
	<div class="sub-nav-container sub-nav-level level-3">
	<ul class="sub-nav-links" aria-hidden="true">
		<li data-level="3" class=""
	role="menuitem"  data-auid = "newborn">
	<a class="sub-nav-link" href="/Home-%26-Lifestyle/Baby-Care/Disposable-Diapers/Newborn/c/RCSS002001013007?navid=newborn" tabIndex="-1">
	        Newborn</a>
	</li><li data-level="3" class=""
	role="menuitem"  data-auid = "size-1-diapers">
	<a class="sub-nav-link" href="/Home-%26-Lifestyle/Baby-Care/Disposable-Diapers/SIZE-1-Diapers/c/RCSS002001013004?navid=size-1-diapers" tabIndex="-1">
	        SIZE 1 Diapers</a>
	</li><li data-level="3" class=""
	role="menuitem"  data-auid = "size-2-diapers">
	<a class="sub-nav-link" href="/Home-%26-Lifestyle/Baby-Care/Disposable-Diapers/SIZE-2-Diapers/c/RCSS002001013005?navid=size-2-diapers" tabIndex="-1">
	        SIZE 2 Diapers</a>
	</li><li data-level="3" class=""
	role="menuitem"  data-auid = "size-3-diapers">
	<a class="sub-nav-link" href="/Home-%26-Lifestyle/Baby-Care/Disposable-Diapers/SIZE-3-Diapers/c/RCSS002001013003?navid=size-3-diapers" tabIndex="-1">
	        SIZE 3 Diapers</a>
	</li><li data-level="3" class=""
	role="menuitem"  data-auid = "size-4-diapers">
	<a class="sub-nav-link" href="/Home-%26-Lifestyle/Baby-Care/Disposable-Diapers/SIZE-4-Diapers/c/RCSS002001013001?navid=size-4-diapers" tabIndex="-1">
	        SIZE 4 Diapers</a>
	</li><li data-level="3" class=""
	role="menuitem"  data-auid = "size-5-diapers">
	<a class="sub-nav-link" href="/Home-%26-Lifestyle/Baby-Care/Disposable-Diapers/SIZE-5-Diapers/c/RCSS002001013002?navid=size-5-diapers" tabIndex="-1">
	        SIZE 5 Diapers</a>
	</li><li data-level="3" class=""
	role="menuitem"  data-auid = "size-6-diapers">
	<a class="sub-nav-link" href="/Home-%26-Lifestyle/Baby-Care/Disposable-Diapers/SIZE-6-Diapers/c/RCSS002001013006?navid=size-6-diapers" tabIndex="-1">
	        SIZE 6 Diapers</a>
	</li><li data-level="3" class=""
	role="menuitem"  data-auid = "swim-diapers">
	<a class="sub-nav-link" href="/Home-%26-Lifestyle/Baby-Care/Disposable-Diapers/Swim-Diapers/c/RCSS002001013010?navid=swim-diapers" tabIndex="-1">
	        Swim Diapers</a>
	</li><li data-level="3" class=""
	role="menuitem"  data-auid = "diaper-accessories">
	<a class="sub-nav-link" href="/Home-%26-Lifestyle/Baby-Care/Disposable-Diapers/Diaper-Accessories/c/RCSS002001013009?navid=diaper-accessories" tabIndex="-1">
	        Diaper Accessories</a>
	</li><li class="last see-all" role="menuitem" data-level="3" data-auid = "disposable-diapers">
			<a class="see-all-link" href="/Home-%26-Lifestyle/Baby-Care/Disposable-Diapers/c/RCSS002001013000?navid=disposable-diapers" tabIndex="-1" >
			    See all products</a>
		</li>
	</ul>

	</div></li><li data-level="2" class="more"
	role="menuitem"  data-auid = "baby-wipes">
	<a class="sub-nav-link" href="/Home-%26-Lifestyle/Baby-Care/Baby-Wipes/c/RCSS002001016000?navid=baby-wipes" tabIndex="-1">
	        Baby Wipes<span class="more-indicator"></span>
		    </a>
	<div class="sub-nav-container sub-nav-level level-3">
	<ul class="sub-nav-links" aria-hidden="true">
		<li data-level="3" class=""
	role="menuitem"  data-auid = "multi-pack-wipes">
	<a class="sub-nav-link" href="/Home-%26-Lifestyle/Baby-Care/Baby-Wipes/Multi-Pack-Wipes/c/RCSS002001016001?navid=multipack-wipes" tabIndex="-1">
	        Multi-Pack Wipes</a>
	</li><li data-level="3" class=""
	role="menuitem"  data-auid = "single-pack-wipes">
	<a class="sub-nav-link" href="/Home-%26-Lifestyle/Baby-Care/Baby-Wipes/Single-Pack-Wipes/c/RCSS002001016002?navid=single-pack-wipes" tabIndex="-1">
	        Single Pack Wipes</a>
	</li><li data-level="3" class=""
	role="menuitem"  data-auid = "clubpack">
	<a class="sub-nav-link" href="/Home-%26-Lifestyle/Baby-Care/Baby-Wipes/ClubPack/c/RCSS002001016003?navid=clubpack" tabIndex="-1">
	        ClubPack</a>
	</li><li data-level="3" class=""
	role="menuitem"  data-auid = "flushable-wipes">
	<a class="sub-nav-link" href="/Home-%26-Lifestyle/Baby-Care/Baby-Wipes/Flushable-Wipes/c/RCSS002001016004?navid=flushable-wipes" tabIndex="-1">
	        Flushable Wipes</a>
	</li><li class="last see-all" role="menuitem" data-level="3" data-auid = "baby-wipes">
			<a class="see-all-link" href="/Home-%26-Lifestyle/Baby-Care/Baby-Wipes/c/RCSS002001016000?navid=baby-wipes" tabIndex="-1" >
			    See all products</a>
		</li>
	</ul>

	</div></li><li data-level="2" class="more"
	role="menuitem"  data-auid = "potty-training">
	<a class="sub-nav-link" href="/Home-%26-Lifestyle/Baby-Care/Potty-Training/c/RCSS002001014000?navid=potty-training" tabIndex="-1">
	        Potty Training<span class="more-indicator"></span>
		    </a>
	<div class="sub-nav-container sub-nav-level level-3">
	<ul class="sub-nav-links" aria-hidden="true">
		<li data-level="3" class=""
	role="menuitem"  data-auid = "disposable-training-pants">
	<a class="sub-nav-link" href="/Home-%26-Lifestyle/Baby-Care/Potty-Training/Disposable-Training-Pants/c/RCSS002001014001?navid=disposable-training-pants" tabIndex="-1">
	        Disposable Training Pants</a>
	</li><li data-level="3" class=""
	role="menuitem"  data-auid = "potties-and-seats">
	<a class="sub-nav-link" href="/Home-%26-Lifestyle/Baby-Care/Potty-Training/Potties-%26-Seats/c/RCSS002001014003?navid=potties-seats" tabIndex="-1">
	        Potties & Seats</a>
	</li><li data-level="3" class=""
	role="menuitem"  data-auid = "bed-wetters">
	<a class="sub-nav-link" href="/Home-%26-Lifestyle/Baby-Care/Potty-Training/Bed-Wetters/c/RCSS002001014002?navid=bed-wetters" tabIndex="-1">
	        Bed Wetters</a>
	</li><li data-level="3" class=""
	role="menuitem"  data-auid = "reusable-training-underwear">
	<a class="sub-nav-link" href="/Home-%26-Lifestyle/Baby-Care/Potty-Training/Reusable-Training-Underwear/c/RCSS002001014005?navid=reusable-training-underwear" tabIndex="-1">
	        Reusable Training Underwear</a>
	</li><li data-level="3" class=""
	role="menuitem"  data-auid = "stool">
	<a class="sub-nav-link" href="/Home-%26-Lifestyle/Baby-Care/Potty-Training/Stool/c/RCSS002001014004?navid=stool" tabIndex="-1">
	        Stool</a>
	</li><li class="last see-all" role="menuitem" data-level="3" data-auid = "potty-training">
			<a class="see-all-link" href="/Home-%26-Lifestyle/Baby-Care/Potty-Training/c/RCSS002001014000?navid=potty-training" tabIndex="-1" >
			    See all products</a>
		</li>
	</ul>

	</div></li><li data-level="2" class="more"
	role="menuitem"  data-auid = "baby-toiletries">
	<a class="sub-nav-link" href="/Home-%26-Lifestyle/Baby-Care/Baby-Toiletries/c/RCSS002001012000?navid=baby-toiletries" tabIndex="-1">
	        Baby Toiletries<span class="more-indicator"></span>
		    </a>
	<div class="sub-nav-container sub-nav-level level-3">
	<ul class="sub-nav-links" aria-hidden="true">
		<li data-level="3" class=""
	role="menuitem"  data-auid = "medication">
	<a class="sub-nav-link" href="/Home-%26-Lifestyle/Baby-Care/Baby-Toiletries/Medication/c/RCSS002001012002?navid=medication" tabIndex="-1">
	        Medication</a>
	</li><li data-level="3" class=""
	role="menuitem"  data-auid = "wash">
	<a class="sub-nav-link" href="/Home-%26-Lifestyle/Baby-Care/Baby-Toiletries/Wash/c/RCSS002001012001?navid=wash" tabIndex="-1">
	        Wash</a>
	</li><li data-level="3" class=""
	role="menuitem"  data-auid = "lotion/cream">
	<a class="sub-nav-link" href="/Home-%26-Lifestyle/Baby-Care/Baby-Toiletries/Lotion-Cream/c/RCSS002001012004?navid=lotioncream" tabIndex="-1">
	        Lotion/Cream</a>
	</li><li data-level="3" class=""
	role="menuitem"  data-auid = "diaper-rash-cream">
	<a class="sub-nav-link" href="/Home-%26-Lifestyle/Baby-Care/Baby-Toiletries/Diaper-Rash-Cream/c/RCSS002001012003?navid=diaper-rash-cream" tabIndex="-1">
	        Diaper Rash Cream</a>
	</li><li data-level="3" class=""
	role="menuitem"  data-auid = "facial-wipes">
	<a class="sub-nav-link" href="/Home-%26-Lifestyle/Baby-Care/Baby-Toiletries/Facial-Wipes/c/RCSS002001012005?navid=facial-wipes" tabIndex="-1">
	        Facial Wipes</a>
	</li><li data-level="3" class=""
	role="menuitem"  data-auid = "cotton-swabs">
	<a class="sub-nav-link" href="/Home-%26-Lifestyle/Baby-Care/Baby-Toiletries/Cotton-Swabs/c/RCSS002001012007?navid=cotton-swabs" tabIndex="-1">
	        Cotton Swabs</a>
	</li><li data-level="3" class=""
	role="menuitem"  data-auid = "powder">
	<a class="sub-nav-link" href="/Home-%26-Lifestyle/Baby-Care/Baby-Toiletries/powder/c/RCSS002001012006?navid=powder" tabIndex="-1">
	        powder</a>
	</li><li data-level="3" class=""
	role="menuitem"  data-auid = "accessories">
	<a class="sub-nav-link" href="/Home-%26-Lifestyle/Baby-Care/Baby-Toiletries/Accessories/c/RCSS002001012008?navid=accessories" tabIndex="-1">
	        Accessories</a>
	</li><li data-level="3" class=""
	role="menuitem"  data-auid = "nipple-cream">
	<a class="sub-nav-link" href="/Home-%26-Lifestyle/Baby-Care/Baby-Toiletries/Nipple-Cream/c/RCSS002001012009?navid=nipple-cream" tabIndex="-1">
	        Nipple Cream</a>
	</li><li data-level="3" class=""
	role="menuitem"  data-auid = "oral-care">
	<a class="sub-nav-link" href="/Home-%26-Lifestyle/Baby-Care/Baby-Toiletries/Oral-Care/c/RCSS002001012010?navid=oral-care" tabIndex="-1">
	        Oral Care</a>
	</li><li class="last see-all" role="menuitem" data-level="3" data-auid = "baby-toiletries">
			<a class="see-all-link" href="/Home-%26-Lifestyle/Baby-Care/Baby-Toiletries/c/RCSS002001012000?navid=baby-toiletries" tabIndex="-1" >
			    See all products</a>
		</li>
	</ul>

	</div></li><li data-level="2" class="more"
	role="menuitem"  data-auid = "baby-accessories">
	<a class="sub-nav-link" href="/Home-%26-Lifestyle/Baby-Care/Baby-Accessories/c/RCSS002001011000?navid=baby-accessories" tabIndex="-1">
	        Baby Accessories<span class="more-indicator"></span>
		    </a>
	<div class="sub-nav-container sub-nav-level level-3">
	<ul class="sub-nav-links" aria-hidden="true">
		<li data-level="3" class=""
	role="menuitem"  data-auid = "mealtime">
	<a class="sub-nav-link" href="/Home-%26-Lifestyle/Baby-Care/Baby-Accessories/Mealtime/c/RCSS002001011002?navid=mealtime" tabIndex="-1">
	        Mealtime</a>
	</li><li data-level="3" class=""
	role="menuitem"  data-auid = "safety-gates-and-home-safety">
	<a class="sub-nav-link" href="/Home-%26-Lifestyle/Baby-Care/Baby-Accessories/Safety-Gates-%26-Home-Safety/c/RCSS002001011010?navid=safety-gates-home-safety" tabIndex="-1">
	        Safety Gates & Home Safety</a>
	</li><li data-level="3" class=""
	role="menuitem"  data-auid = "breast-pumps-and-nursing-accessories">
	<a class="sub-nav-link" href="/Home-%26-Lifestyle/Baby-Care/Baby-Accessories/Breast-Pumps-and-Nursing-Accessories/c/RCSS002001011003?navid=breast-pumps-and-nursing-accessories" tabIndex="-1">
	        Breast Pumps and Nursing Accessories</a>
	</li><li data-level="3" class=""
	role="menuitem"  data-auid = "infant-chair">
	<a class="sub-nav-link" href="/Home-%26-Lifestyle/Baby-Care/Baby-Accessories/Infant-Chair/c/RCSS002001011011?navid=infant-chair" tabIndex="-1">
	        Infant Chair</a>
	</li><li data-level="3" class=""
	role="menuitem"  data-auid = "cups">
	<a class="sub-nav-link" href="/Home-%26-Lifestyle/Baby-Care/Baby-Accessories/Cups/c/RCSS002001011006?navid=cups" tabIndex="-1">
	        Cups</a>
	</li><li data-level="3" class=""
	role="menuitem"  data-auid = "blankets-and-bibs">
	<a class="sub-nav-link" href="/Home-%26-Lifestyle/Baby-Care/Baby-Accessories/Blankets-%26-Bibs/c/RCSS002001011004?navid=blankets-bibs" tabIndex="-1">
	        Blankets & Bibs</a>
	</li><li data-level="3" class=""
	role="menuitem"  data-auid = "teether-and-toys">
	<a class="sub-nav-link" href="/Home-%26-Lifestyle/Baby-Care/Baby-Accessories/Teether-and-Toys/c/RCSS002001011005?navid=teether-and-toys" tabIndex="-1">
	        Teether and Toys</a>
	</li><li data-level="3" class=""
	role="menuitem"  data-auid = "stroller-accessories">
	<a class="sub-nav-link" href="/Home-%26-Lifestyle/Baby-Care/Baby-Accessories/Stroller-Accessories/c/RCSS002001011013?navid=stroller-accessories" tabIndex="-1">
	        Stroller Accessories</a>
	</li><li data-level="3" class=""
	role="menuitem"  data-auid = "bottles,-nipples-and-accessories">
	<a class="sub-nav-link" href="/Home-%26-Lifestyle/Baby-Care/Baby-Accessories/Bottles%2C-Nipples-and-Accessories/c/RCSS002001011001?navid=bottles-nipples-and-accessories" tabIndex="-1">
	        Bottles, Nipples and Accessories</a>
	</li><li data-level="3" class=""
	role="menuitem"  data-auid = "car-seats-and-car-acessories-accessory">
	<a class="sub-nav-link" href="/Home-%26-Lifestyle/Baby-Care/Baby-Accessories/Car-Seats-%26-Car-Acessories-Accessory/c/RCSS002001011012?navid=car-seats-car-acessories-accessory" tabIndex="-1">
	        Car Seats & Car Acessories Accessory</a>
	</li><li data-level="3" class=""
	role="menuitem"  data-auid = "pacifiers-and-clips">
	<a class="sub-nav-link" href="/Home-%26-Lifestyle/Baby-Care/Baby-Accessories/Pacifiers-and-Clips/c/RCSS002001011007?navid=pacifiers-and-clips" tabIndex="-1">
	        Pacifiers and Clips</a>
	</li><li class="last see-all" role="menuitem" data-level="3" data-auid = "baby-accessories">
			<a class="see-all-link" href="/Home-%26-Lifestyle/Baby-Care/Baby-Accessories/c/RCSS002001011000?navid=baby-accessories" tabIndex="-1" >
			    See all products</a>
		</li>
	</ul>

	</div></li><li class="last see-all" role="menuitem" data-level="2" data-auid = "baby-care">
			<a class="see-all-link" href="/Home-%26-Lifestyle/Baby-Care/c/RCSS002001000000?navid=baby-care" tabIndex="-1" >
			    See all products</a>
		</li>
	</ul>

	<div class="wrapper-promo-ad root-promo active-promo">















<div class="partial-nav-ad-var-1-large container">
	<a href="/Home-%26-Lifestyle/Baby-Needs/c/RCSS002001000000" class="promo-link" target="">

		<div class="background-image">









<script>
/*! Picturefill - Responsive Images that work today. (and mimic the proposed Picture element with span elements). Author: Scott Jehl, Filament Group, 2012 | License: MIT/GPLv2 */

(function( w ){

	// Enable strict mode
	"use strict";

	w.picturefill = function() {
		var ps = w.document.getElementsByTagName( "span" );

		// Loop the pictures
		for( var i = 0, il = ps.length; i < il; i++ ){
			if( ps[ i ].getAttribute( "data-picture" ) !== null ){

				var sources = ps[ i ].getElementsByTagName( "span" ),
					matches = [];

				// See if which sources match
				for( var j = 0, jl = sources.length; j < jl; j++ ){
					var media = sources[ j ].getAttribute( "data-media" );
					// if there's no media specified, OR w.matchMedia is supported
					if( !media || ( w.matchMedia && w.matchMedia( media ).matches ) ){
						matches.push( sources[ j ] );
					}
				}

				// Find any existing img element in the picture element
				var picImg = ps[ i ].getElementsByTagName( "img" )[ 0 ];

				if( matches.length ){
					var matchedEl = matches.pop();
					if( !picImg || picImg.parentNode.nodeName === "NOSCRIPT" ){
						picImg = w.document.createElement( "img" );
						var alt = ps[ i ].getAttribute( "data-alt" );
						if (alt !== null) {
							picImg.alt = alt;
						}
					}
					else if( matchedEl === picImg.parentNode ){
						// Skip further actions if the correct image is already in place
						continue;
					}

					picImg.src =  matchedEl.getAttribute( "data-src" );
					picImg.setAttribute("usemap", matchedEl.getAttribute("data-usemap"));
					matchedEl.appendChild( picImg );
					picImg.removeAttribute("width");
					picImg.removeAttribute("height");
				}
				else if( picImg ){
					picImg.parentNode.removeChild( picImg );
				}
			}
		}
	};

	// Run on resize and domready (w.load as a fallback)
	if( w.addEventListener ){
		w.addEventListener( "resize", w.picturefill, false );
		w.addEventListener( "DOMContentLoaded", function(){
			w.picturefill();
			// Run once only
			w.removeEventListener( "load", w.picturefill, false );
		}, false );
		w.addEventListener( "load", w.picturefill, false );
	}
	else if( w.attachEvent ){
		w.attachEvent( "onload", w.picturefill );
	}
}( this ));
</script>
<!-- Begin Template: ConfigurableContentAdaptiveImage -->

<span data-picture data-alt="" data-target="" data-usemap="" data-closest=".background-image" data-target-attribute="background-image" class="module-adaptive-image loading">
	<span class="sm" data-src="https://assets.shop.loblaws.ca/ContentMedia/rcss/marketing/2016/categoryl2s/RCSS_L2-categories_baby_b3_en.jpg" data-usemap="-rim-sm"></span>
	<span class="sm" data-src="https://assets.shop.loblaws.ca/ContentMedia/rcss/marketing/2016/categoryl2s/RCSS_L2-categories_baby_b3_en.jpg" data-usemap="-rim-sm-retina" data-media="(min-device-pixel-ratio: 2.0)"></span>
	<span class="md" data-src="https://assets.shop.loblaws.ca/ContentMedia/rcss/marketing/2016/categoryl2s/RCSS_L2-categories_baby_b2_en.jpg" data-usemap="-rim-md" data-media="(min-width: 651px)"></span>
	<span class="md" data-src="https://assets.shop.loblaws.ca/ContentMedia/rcss/marketing/2016/categoryl2s/RCSS_L2-categories_baby_b2_en.jpg" data-usemap="-rim-md-retina" data-media="(min-width: 651px) and (min-device-pixel-ratio: 2.0)"></span>
	<span class="lg" data-src="https://assets.shop.loblaws.ca/ContentMedia/rcss/marketing/2016/categoryl2s/RCSS_L2-categories_baby_b1_en.jpg" data-usemap="-rim-lg" data-media="(min-width: 960px)"></span>
	<span class="lg" data-src="https://assets.shop.loblaws.ca/ContentMedia/rcss/marketing/2016/categoryl2s/RCSS_L2-categories_baby_b1_en.jpg" data-usemap="-rim-lg-retina" data-media="(min-width: 960px) and (min-device-pixel-ratio: 2.0)"></span>

	<img src="https://assets.shop.loblaws.ca/ContentMedia/rcss/spacer.gif" alt="shop now" onError="this.onerror=null;this.src='https://assets.shop.loblaws.ca/ContentMedia/rcss/marketing/2016/categoryl2s/RCSS_L2-categories_baby_b3_en.jpg';" />

	<!--[if (lt IE 9) & (!IEMobile)]>
		<img class="lg" src="https://assets.shop.loblaws.ca/ContentMedia/rcss/marketing/2016/categoryl2s/RCSS_L2-categories_baby_b1_en.jpg" alt="" usemap="-rim-lg">
	<![endif]-->

</span>
<!-- End Template: ConfigurableContentAdaptiveImage -->
		</div>

		<div class="row">
			<div class="wrapper-nav-ad-var-1-large">
				<div class="promo-content-holder">
					<h3></h3>
					<p></p>

				</div>
			</div>
		</div>

	</a>
</div>
>
</div>
	</div></li><li data-level="1" class="more"
	role="menuitem"  data-auid = "pet-food-and-accessories">
	<a class="sub-nav-link" href="/Home-%26-Lifestyle/Pet-Food-%26-Accessories/c/RCSS002002000000?navid=pet-food-accessories" tabIndex="-1">
	        Pet Food & Accessories<span class="more-indicator"></span>
		    </a>
	<div class="sub-nav-container sub-nav-level level-2">
	<ul class="sub-nav-links" aria-hidden="true">
		<li data-level="2" class="more"
	role="menuitem"  data-auid = "dog-food-and-accessories">
	<a class="sub-nav-link" href="/Home-%26-Lifestyle/Pet-Food-%26-Accessories/Dog-Food-%26-Accessories/c/RCSS002002001000?navid=dog-food-accessories" tabIndex="-1">
	        Dog Food & Accessories<span class="more-indicator"></span>
		    </a>
	<div class="sub-nav-container sub-nav-level level-3">
	<ul class="sub-nav-links" aria-hidden="true">
		<li data-level="3" class=""
	role="menuitem"  data-auid = "food-and-treats">
	<a class="sub-nav-link" href="/Home-%26-Lifestyle/Pet-Food-%26-Accessories/Dog-Food-%26-Accessories/Food-%26-Treats/c/RCSS002002001006?navid=food-treats" tabIndex="-1">
	        Food & Treats</a>
	</li><li data-level="3" class=""
	role="menuitem"  data-auid = "dog-treats">
	<a class="sub-nav-link" href="/Home-%26-Lifestyle/Pet-Food-%26-Accessories/Dog-Food-%26-Accessories/Dog-Treats/c/RCSS002002001012?navid=dog-treats" tabIndex="-1">
	        Dog Treats</a>
	</li><li data-level="3" class=""
	role="menuitem"  data-auid = "dental-and-grooming">
	<a class="sub-nav-link" href="/Home-%26-Lifestyle/Pet-Food-%26-Accessories/Dog-Food-%26-Accessories/Dental-%26-Grooming/c/RCSS002002001003?navid=dental-grooming" tabIndex="-1">
	        Dental & Grooming</a>
	</li><li data-level="3" class=""
	role="menuitem"  data-auid = "apparel-and-accessories">
	<a class="sub-nav-link" href="/Home-%26-Lifestyle/Pet-Food-%26-Accessories/Dog-Food-%26-Accessories/Apparel-%26-Accessories/c/RCSS002002001001?navid=apparel-accessories" tabIndex="-1">
	        Apparel & Accessories</a>
	</li><li data-level="3" class=""
	role="menuitem"  data-auid = "toys">
	<a class="sub-nav-link" href="/Home-%26-Lifestyle/Pet-Food-%26-Accessories/Dog-Food-%26-Accessories/Toys/c/RCSS002002001008?navid=toys" tabIndex="-1">
	        Toys</a>
	</li><li data-level="3" class=""
	role="menuitem"  data-auid = "training">
	<a class="sub-nav-link" href="/Home-%26-Lifestyle/Pet-Food-%26-Accessories/Dog-Food-%26-Accessories/Training/c/RCSS002002001009?navid=training" tabIndex="-1">
	        Training</a>
	</li><li data-level="3" class=""
	role="menuitem"  data-auid = "flea-and-tick">
	<a class="sub-nav-link" href="/Home-%26-Lifestyle/Pet-Food-%26-Accessories/Dog-Food-%26-Accessories/Flea-%26-Tick/c/RCSS002002001007?navid=flea-tick" tabIndex="-1">
	        Flea & Tick</a>
	</li><li class="last see-all" role="menuitem" data-level="3" data-auid = "dog-food-and-accessories">
			<a class="see-all-link" href="/Home-%26-Lifestyle/Pet-Food-%26-Accessories/Dog-Food-%26-Accessories/c/RCSS002002001000?navid=dog-food-accessories" tabIndex="-1" >
			    See all products</a>
		</li>
	</ul>

	</div></li><li data-level="2" class="more"
	role="menuitem"  data-auid = "cat-food-and-accessories">
	<a class="sub-nav-link" href="/Home-%26-Lifestyle/Pet-Food-%26-Accessories/Cat-Food-%26-Accessories/c/RCSS002002002000?navid=cat-food-accessories" tabIndex="-1">
	        Cat Food & Accessories<span class="more-indicator"></span>
		    </a>
	<div class="sub-nav-container sub-nav-level level-3">
	<ul class="sub-nav-links" aria-hidden="true">
		<li data-level="3" class=""
	role="menuitem"  data-auid = "food-and-treats">
	<a class="sub-nav-link" href="/Home-%26-Lifestyle/Pet-Food-%26-Accessories/Cat-Food-%26-Accessories/Food-%26-Treats/c/RCSS002002002009?navid=food-treats" tabIndex="-1">
	        Food & Treats</a>
	</li><li data-level="3" class=""
	role="menuitem"  data-auid = "cat-treats">
	<a class="sub-nav-link" href="/Home-%26-Lifestyle/Pet-Food-%26-Accessories/Cat-Food-%26-Accessories/Cat-Treats/c/RCSS002002002012?navid=cat-treats" tabIndex="-1">
	        Cat Treats</a>
	</li><li data-level="3" class=""
	role="menuitem"  data-auid = "toys-and-accessories">
	<a class="sub-nav-link" href="/Home-%26-Lifestyle/Pet-Food-%26-Accessories/Cat-Food-%26-Accessories/Toys-%26-Accessories/c/RCSS002002002004?navid=toys-accessories" tabIndex="-1">
	        Toys & Accessories</a>
	</li><li data-level="3" class=""
	role="menuitem"  data-auid = "litter-and-litter-box">
	<a class="sub-nav-link" href="/Home-%26-Lifestyle/Pet-Food-%26-Accessories/Cat-Food-%26-Accessories/Litter-%26-Litter-Box/c/RCSS002002002011?navid=litter-litter-box" tabIndex="-1">
	        Litter & Litter Box</a>
	</li><li data-level="3" class=""
	role="menuitem"  data-auid = "flea-and-tick">
	<a class="sub-nav-link" href="/Home-%26-Lifestyle/Pet-Food-%26-Accessories/Cat-Food-%26-Accessories/Flea-%26-Tick/c/RCSS002002002005?navid=flea-tick" tabIndex="-1">
	        Flea & Tick</a>
	</li><li class="last see-all" role="menuitem" data-level="3" data-auid = "cat-food-and-accessories">
			<a class="see-all-link" href="/Home-%26-Lifestyle/Pet-Food-%26-Accessories/Cat-Food-%26-Accessories/c/RCSS002002002000?navid=cat-food-accessories" tabIndex="-1" >
			    See all products</a>
		</li>
	</ul>

	</div></li><li data-level="2" class=""
	role="menuitem"  data-auid = "small-animals-food-and-accessories">
	<a class="sub-nav-link" href="/Home-%26-Lifestyle/Pet-Food-%26-Accessories/Small-Animals-Food-%26-Accessories/c/RCSS002002007000?navid=small-animals-food-accessories" tabIndex="-1">
	        Small Animals Food & Accessories</a>
	</li><li data-level="2" class=""
	role="menuitem"  data-auid = "bird-food-and-accessories">
	<a class="sub-nav-link" href="/Home-%26-Lifestyle/Pet-Food-%26-Accessories/Bird-Food-%26-Accessories/c/RCSS002002003000?navid=bird-food-accessories" tabIndex="-1">
	        Bird Food & Accessories</a>
	</li><li class="last see-all" role="menuitem" data-level="2" data-auid = "pet-food-and-accessories">
			<a class="see-all-link" href="/Home-%26-Lifestyle/Pet-Food-%26-Accessories/c/RCSS002002000000?navid=pet-food-accessories" tabIndex="-1" >
			    See all products</a>
		</li>
	</ul>

	<div class="wrapper-promo-ad root-promo active-promo">















<div class="partial-nav-ad-var-1-large container">
	<a href="/Home-%26-Lifestyle/Pet-Food-%26-Accessories/c/RCSS002002000000" class="promo-link" target="">

		<div class="background-image">









<script>
/*! Picturefill - Responsive Images that work today. (and mimic the proposed Picture element with span elements). Author: Scott Jehl, Filament Group, 2012 | License: MIT/GPLv2 */

(function( w ){

	// Enable strict mode
	"use strict";

	w.picturefill = function() {
		var ps = w.document.getElementsByTagName( "span" );

		// Loop the pictures
		for( var i = 0, il = ps.length; i < il; i++ ){
			if( ps[ i ].getAttribute( "data-picture" ) !== null ){

				var sources = ps[ i ].getElementsByTagName( "span" ),
					matches = [];

				// See if which sources match
				for( var j = 0, jl = sources.length; j < jl; j++ ){
					var media = sources[ j ].getAttribute( "data-media" );
					// if there's no media specified, OR w.matchMedia is supported
					if( !media || ( w.matchMedia && w.matchMedia( media ).matches ) ){
						matches.push( sources[ j ] );
					}
				}

				// Find any existing img element in the picture element
				var picImg = ps[ i ].getElementsByTagName( "img" )[ 0 ];

				if( matches.length ){
					var matchedEl = matches.pop();
					if( !picImg || picImg.parentNode.nodeName === "NOSCRIPT" ){
						picImg = w.document.createElement( "img" );
						var alt = ps[ i ].getAttribute( "data-alt" );
						if (alt !== null) {
							picImg.alt = alt;
						}
					}
					else if( matchedEl === picImg.parentNode ){
						// Skip further actions if the correct image is already in place
						continue;
					}

					picImg.src =  matchedEl.getAttribute( "data-src" );
					picImg.setAttribute("usemap", matchedEl.getAttribute("data-usemap"));
					matchedEl.appendChild( picImg );
					picImg.removeAttribute("width");
					picImg.removeAttribute("height");
				}
				else if( picImg ){
					picImg.parentNode.removeChild( picImg );
				}
			}
		}
	};

	// Run on resize and domready (w.load as a fallback)
	if( w.addEventListener ){
		w.addEventListener( "resize", w.picturefill, false );
		w.addEventListener( "DOMContentLoaded", function(){
			w.picturefill();
			// Run once only
			w.removeEventListener( "load", w.picturefill, false );
		}, false );
		w.addEventListener( "load", w.picturefill, false );
	}
	else if( w.attachEvent ){
		w.attachEvent( "onload", w.picturefill );
	}
}( this ));
</script>
<!-- Begin Template: ConfigurableContentAdaptiveImage -->

<span data-picture data-alt="" data-target="" data-usemap="" data-closest=".background-image" data-target-attribute="background-image" class="module-adaptive-image loading">
	<span class="sm" data-src="https://assets.shop.loblaws.ca/ContentMedia/rcss/marketing/2016/categoryl2s/RCSS_L2_Pet_b3_en.jpg" data-usemap="-rim-sm"></span>
	<span class="sm" data-src="https://assets.shop.loblaws.ca/ContentMedia/rcss/marketing/2016/categoryl2s/RCSS_L2_Pet_b3_en.jpg" data-usemap="-rim-sm-retina" data-media="(min-device-pixel-ratio: 2.0)"></span>
	<span class="md" data-src="https://assets.shop.loblaws.ca/ContentMedia/rcss/marketing/2016/categoryl2s/RCSS_L2_Pet_b2_en.jpg" data-usemap="-rim-md" data-media="(min-width: 651px)"></span>
	<span class="md" data-src="https://assets.shop.loblaws.ca/ContentMedia/rcss/marketing/2016/categoryl2s/RCSS_L2_Pet_b2_en.jpg" data-usemap="-rim-md-retina" data-media="(min-width: 651px) and (min-device-pixel-ratio: 2.0)"></span>
	<span class="lg" data-src="https://assets.shop.loblaws.ca/ContentMedia/rcss/marketing/2016/categoryl2s/RCSS_L2_Pet_b1_en.jpg" data-usemap="-rim-lg" data-media="(min-width: 960px)"></span>
	<span class="lg" data-src="https://assets.shop.loblaws.ca/ContentMedia/rcss/marketing/2016/categoryl2s/RCSS_L2_Pet_b1_en.jpg" data-usemap="-rim-lg-retina" data-media="(min-width: 960px) and (min-device-pixel-ratio: 2.0)"></span>

	<img src="https://assets.shop.loblaws.ca/ContentMedia/rcss/spacer.gif" alt="Shop Now" onError="this.onerror=null;this.src='https://assets.shop.loblaws.ca/ContentMedia/rcss/marketing/2016/categoryl2s/RCSS_L2_Pet_b3_en.jpg';" />

	<!--[if (lt IE 9) & (!IEMobile)]>
		<img class="lg" src="https://assets.shop.loblaws.ca/ContentMedia/rcss/marketing/2016/categoryl2s/RCSS_L2_Pet_b1_en.jpg" alt="" usemap="-rim-lg">
	<![endif]-->

</span>
<!-- End Template: ConfigurableContentAdaptiveImage -->
		</div>

		<div class="row">
			<div class="wrapper-nav-ad-var-1-large">
				<div class="promo-content-holder">
					<h3></h3>
					<p></p>

				</div>
			</div>
		</div>

	</a>
</div>
>
</div>
	</div></li><li data-level="1" class="more"
	role="menuitem"  data-auid = "household-supplies">
	<a class="sub-nav-link" href="/Home-%26-Lifestyle/Household-Supplies/c/RCSS002003000000?navid=household-supplies" tabIndex="-1">
	        Household Supplies<span class="more-indicator"></span>
		    </a>
	<div class="sub-nav-container sub-nav-level level-2">
	<ul class="sub-nav-links" aria-hidden="true">
		<li data-level="2" class="more"
	role="menuitem"  data-auid = "paper">
	<a class="sub-nav-link" href="/Home-%26-Lifestyle/Household-Supplies/Paper/c/RCSS002003009000?navid=paper" tabIndex="-1">
	        Paper<span class="more-indicator"></span>
		    </a>
	<div class="sub-nav-container sub-nav-level level-3">
	<ul class="sub-nav-links" aria-hidden="true">
		<li data-level="3" class=""
	role="menuitem"  data-auid = "toilet-paper">
	<a class="sub-nav-link" href="/Home-%26-Lifestyle/Household-Supplies/Paper/Toilet-Paper/c/RCSS002003009001?navid=toilet-paper" tabIndex="-1">
	        Toilet Paper</a>
	</li><li data-level="3" class=""
	role="menuitem"  data-auid = "facial-tissue">
	<a class="sub-nav-link" href="/Home-%26-Lifestyle/Household-Supplies/Paper/Facial-Tissue/c/RCSS002003009002?navid=facial-tissue" tabIndex="-1">
	        Facial Tissue</a>
	</li><li data-level="3" class=""
	role="menuitem"  data-auid = "paper-towels-and-napkins">
	<a class="sub-nav-link" href="/Home-%26-Lifestyle/Household-Supplies/Paper/Paper-Towels-%26-Napkins/c/RCSS002003009003?navid=paper-towels-napkins" tabIndex="-1">
	        Paper Towels & Napkins</a>
	</li><li class="last see-all" role="menuitem" data-level="3" data-auid = "paper">
			<a class="see-all-link" href="/Home-%26-Lifestyle/Household-Supplies/Paper/c/RCSS002003009000?navid=paper" tabIndex="-1" >
			    See all products</a>
		</li>
	</ul>

	</div></li><li data-level="2" class="more"
	role="menuitem"  data-auid = "laundry-needs">
	<a class="sub-nav-link" href="/Home-%26-Lifestyle/Household-Supplies/Laundry-Needs/c/RCSS002003005000?navid=laundry-needs" tabIndex="-1">
	        Laundry Needs<span class="more-indicator"></span>
		    </a>
	<div class="sub-nav-container sub-nav-level level-3">
	<ul class="sub-nav-links" aria-hidden="true">
		<li data-level="3" class=""
	role="menuitem"  data-auid = "laundry-detergent">
	<a class="sub-nav-link" href="/Home-%26-Lifestyle/Household-Supplies/Laundry-Needs/Laundry-Detergent/c/RCSS002003005005?navid=laundry-detergent" tabIndex="-1">
	        Laundry Detergent</a>
	</li><li data-level="3" class=""
	role="menuitem"  data-auid = "fabric-softener">
	<a class="sub-nav-link" href="/Home-%26-Lifestyle/Household-Supplies/Laundry-Needs/Fabric-Softener/c/RCSS002003005003?navid=fabric-softener" tabIndex="-1">
	        Fabric Softener</a>
	</li><li data-level="3" class=""
	role="menuitem"  data-auid = "bleach">
	<a class="sub-nav-link" href="/Home-%26-Lifestyle/Household-Supplies/Laundry-Needs/Bleach/c/RCSS002003005001?navid=bleach" tabIndex="-1">
	        Bleach</a>
	</li><li data-level="3" class=""
	role="menuitem"  data-auid = "stain-remover">
	<a class="sub-nav-link" href="/Home-%26-Lifestyle/Household-Supplies/Laundry-Needs/Stain-Remover/c/RCSS002003005006?navid=stain-remover" tabIndex="-1">
	        Stain Remover</a>
	</li><li data-level="3" class=""
	role="menuitem"  data-auid = "lint-removal">
	<a class="sub-nav-link" href="/Home-%26-Lifestyle/Household-Supplies/Laundry-Needs/Lint-Removal/c/RCSS002003005004?navid=lint-removal" tabIndex="-1">
	        Lint Removal</a>
	</li><li data-level="3" class=""
	role="menuitem"  data-auid = "fabric-deodorizer">
	<a class="sub-nav-link" href="/Home-%26-Lifestyle/Household-Supplies/Laundry-Needs/Fabric-Deodorizer/c/RCSS002003005002?navid=fabric-deodorizer" tabIndex="-1">
	        Fabric Deodorizer</a>
	</li><li class="last see-all" role="menuitem" data-level="3" data-auid = "laundry-needs">
			<a class="see-all-link" href="/Home-%26-Lifestyle/Household-Supplies/Laundry-Needs/c/RCSS002003005000?navid=laundry-needs" tabIndex="-1" >
			    See all products</a>
		</li>
	</ul>

	</div></li><li data-level="2" class="more"
	role="menuitem"  data-auid = "cooking-and-kitchen-supplies">
	<a class="sub-nav-link" href="/Home-%26-Lifestyle/Household-Supplies/Cooking-%26-Kitchen-Supplies/c/RCSS002003006000?navid=cooking-kitchen-supplies" tabIndex="-1">
	        Cooking & Kitchen Supplies<span class="more-indicator"></span>
		    </a>
	<div class="sub-nav-container sub-nav-level level-3">
	<ul class="sub-nav-links" aria-hidden="true">
		<li data-level="3" class=""
	role="menuitem"  data-auid = "food-storage">
	<a class="sub-nav-link" href="/Home-%26-Lifestyle/Household-Supplies/Cooking-%26-Kitchen-Supplies/Food-Storage/c/RCSS002003006005?navid=food-storage" tabIndex="-1">
	        Food Storage</a>
	</li><li data-level="3" class=""
	role="menuitem"  data-auid = "foilware">
	<a class="sub-nav-link" href="/Home-%26-Lifestyle/Household-Supplies/Cooking-%26-Kitchen-Supplies/Foilware/c/RCSS002003006006?navid=foilware" tabIndex="-1">
	        Foilware</a>
	</li><li data-level="3" class=""
	role="menuitem"  data-auid = "disposable-plates-and-bowls">
	<a class="sub-nav-link" href="/Home-%26-Lifestyle/Household-Supplies/Cooking-%26-Kitchen-Supplies/Disposable-Plates-%26-Bowls/c/RCSS002003006008?navid=disposable-plates-bowls" tabIndex="-1">
	        Disposable Plates & Bowls</a>
	</li><li data-level="3" class=""
	role="menuitem"  data-auid = "disposable-cutlery">
	<a class="sub-nav-link" href="/Home-%26-Lifestyle/Household-Supplies/Cooking-%26-Kitchen-Supplies/Disposable-Cutlery/c/RCSS002003006009?navid=disposable-cutlery" tabIndex="-1">
	        Disposable Cutlery</a>
	</li><li data-level="3" class=""
	role="menuitem"  data-auid = "baking-cups-and-liners">
	<a class="sub-nav-link" href="/Home-%26-Lifestyle/Household-Supplies/Cooking-%26-Kitchen-Supplies/Baking-Cups-%26-Liners/c/RCSS002003006011?navid=baking-cups-liners" tabIndex="-1">
	        Baking Cups & Liners</a>
	</li><li data-level="3" class=""
	role="menuitem"  data-auid = "disposable-cups--and-straws">
	<a class="sub-nav-link" href="/Home-%26-Lifestyle/Household-Supplies/Cooking-%26-Kitchen-Supplies/Disposable-Cups-%26-Straws/c/RCSS002003006002?navid=disposable-cups-straws" tabIndex="-1">
	        Disposable Cups  & Straws</a>
	</li><li data-level="3" class=""
	role="menuitem"  data-auid = "cooking-foils-and-papers">
	<a class="sub-nav-link" href="/Home-%26-Lifestyle/Household-Supplies/Cooking-%26-Kitchen-Supplies/Cooking-Foils-%26-Papers/c/RCSS002003006003?navid=cooking-foils-papers" tabIndex="-1">
	        Cooking Foils & Papers</a>
	</li><li data-level="3" class=""
	role="menuitem"  data-auid = "garbage-bags">
	<a class="sub-nav-link" href="/Home-%26-Lifestyle/Household-Supplies/Cooking-%26-Kitchen-Supplies/Garbage-Bags/c/RCSS002003006010?navid=garbage-bags" tabIndex="-1">
	        Garbage Bags</a>
	</li><li class="last see-all" role="menuitem" data-level="3" data-auid = "cooking-and-kitchen-supplies">
			<a class="see-all-link" href="/Home-%26-Lifestyle/Household-Supplies/Cooking-%26-Kitchen-Supplies/c/RCSS002003006000?navid=cooking-kitchen-supplies" tabIndex="-1" >
			    See all products</a>
		</li>
	</ul>

	</div></li><li data-level="2" class="more"
	role="menuitem"  data-auid = "dishwashing">
	<a class="sub-nav-link" href="/Home-%26-Lifestyle/Household-Supplies/Dishwashing/c/RCSS002003002000?navid=dishwashing" tabIndex="-1">
	        Dishwashing<span class="more-indicator"></span>
		    </a>
	<div class="sub-nav-container sub-nav-level level-3">
	<ul class="sub-nav-links" aria-hidden="true">
		<li data-level="3" class=""
	role="menuitem"  data-auid = "dishwashing-liquid">
	<a class="sub-nav-link" href="/Home-%26-Lifestyle/Household-Supplies/Dishwashing/Dishwashing-Liquid/c/RCSS002003002001?navid=dishwashing-liquid" tabIndex="-1">
	        Dishwashing Liquid</a>
	</li><li data-level="3" class=""
	role="menuitem"  data-auid = "dishwasher-detergent">
	<a class="sub-nav-link" href="/Home-%26-Lifestyle/Household-Supplies/Dishwashing/Dishwasher-Detergent/c/RCSS002003002002?navid=dishwasher-detergent" tabIndex="-1">
	        Dishwasher Detergent</a>
	</li><li data-level="3" class=""
	role="menuitem"  data-auid = "scouring-pads">
	<a class="sub-nav-link" href="/Home-%26-Lifestyle/Household-Supplies/Dishwashing/Scouring-Pads/c/RCSS002003002004?navid=scouring-pads" tabIndex="-1">
	        Scouring Pads</a>
	</li><li data-level="3" class=""
	role="menuitem"  data-auid = "sponges-and-brushes">
	<a class="sub-nav-link" href="/Home-%26-Lifestyle/Household-Supplies/Dishwashing/Sponges-%26-Brushes/c/RCSS002003002003?navid=sponges-brushes" tabIndex="-1">
	        Sponges & Brushes</a>
	</li><li class="last see-all" role="menuitem" data-level="3" data-auid = "dishwashing">
			<a class="see-all-link" href="/Home-%26-Lifestyle/Household-Supplies/Dishwashing/c/RCSS002003002000?navid=dishwashing" tabIndex="-1" >
			    See all products</a>
		</li>
	</ul>

	</div></li><li data-level="2" class="more"
	role="menuitem"  data-auid = "household-cleaning">
	<a class="sub-nav-link" href="/Home-%26-Lifestyle/Household-Supplies/Household-Cleaning/c/RCSS002003004000?navid=household-cleaning" tabIndex="-1">
	        Household Cleaning<span class="more-indicator"></span>
		    </a>
	<div class="sub-nav-container sub-nav-level level-3">
	<ul class="sub-nav-links" aria-hidden="true">
		<li data-level="3" class=""
	role="menuitem"  data-auid = "all-purpose-cleaners">
	<a class="sub-nav-link" href="/Home-%26-Lifestyle/Household-Supplies/Household-Cleaning/All-Purpose-Cleaners/c/RCSS002003004001?navid=allpurpose-cleaners" tabIndex="-1">
	        All-Purpose Cleaners</a>
	</li><li data-level="3" class=""
	role="menuitem"  data-auid = "bathroom-cleaners">
	<a class="sub-nav-link" href="/Home-%26-Lifestyle/Household-Supplies/Household-Cleaning/Bathroom-Cleaners/c/RCSS002003004002?navid=bathroom-cleaners" tabIndex="-1">
	        Bathroom Cleaners</a>
	</li><li data-level="3" class=""
	role="menuitem"  data-auid = "glass-cleaners">
	<a class="sub-nav-link" href="/Home-%26-Lifestyle/Household-Supplies/Household-Cleaning/Glass-Cleaners/c/RCSS002003004010?navid=glass-cleaners" tabIndex="-1">
	        Glass Cleaners</a>
	</li><li data-level="3" class=""
	role="menuitem"  data-auid = "floor-cleaners">
	<a class="sub-nav-link" href="/Home-%26-Lifestyle/Household-Supplies/Household-Cleaning/Floor-Cleaners/c/RCSS002003004007?navid=floor-cleaners" tabIndex="-1">
	        Floor Cleaners</a>
	</li><li data-level="3" class=""
	role="menuitem"  data-auid = "drain-openers">
	<a class="sub-nav-link" href="/Home-%26-Lifestyle/Household-Supplies/Household-Cleaning/Drain-Openers/c/RCSS002003004006?navid=drain-openers" tabIndex="-1">
	        Drain Openers</a>
	</li><li data-level="3" class=""
	role="menuitem"  data-auid = "carpet-cleaners">
	<a class="sub-nav-link" href="/Home-%26-Lifestyle/Household-Supplies/Household-Cleaning/Carpet-Cleaners/c/RCSS002003004003?navid=carpet-cleaners" tabIndex="-1">
	        Carpet Cleaners</a>
	</li><li data-level="3" class=""
	role="menuitem"  data-auid = "kitchen-cleaners">
	<a class="sub-nav-link" href="/Home-%26-Lifestyle/Household-Supplies/Household-Cleaning/Kitchen-Cleaners/c/RCSS002003004011?navid=kitchen-cleaners" tabIndex="-1">
	        Kitchen Cleaners</a>
	</li><li data-level="3" class=""
	role="menuitem"  data-auid = "furniture-polish">
	<a class="sub-nav-link" href="/Home-%26-Lifestyle/Household-Supplies/Household-Cleaning/Furniture-Polish/c/RCSS002003004008?navid=furniture-polish" tabIndex="-1">
	        Furniture Polish</a>
	</li><li data-level="3" class=""
	role="menuitem"  data-auid = "dusting">
	<a class="sub-nav-link" href="/Home-%26-Lifestyle/Household-Supplies/Household-Cleaning/Dusting/c/RCSS002003004012?navid=dusting" tabIndex="-1">
	        Dusting</a>
	</li><li class="last see-all" role="menuitem" data-level="3" data-auid = "household-cleaning">
			<a class="see-all-link" href="/Home-%26-Lifestyle/Household-Supplies/Household-Cleaning/c/RCSS002003004000?navid=household-cleaning" tabIndex="-1" >
			    See all products</a>
		</li>
	</ul>

	</div></li><li data-level="2" class="more"
	role="menuitem"  data-auid = "general-household">
	<a class="sub-nav-link" href="/Home-%26-Lifestyle/Household-Supplies/General-Household/c/RCSS002003003000?navid=general-household" tabIndex="-1">
	        General Household<span class="more-indicator"></span>
		    </a>
	<div class="sub-nav-container sub-nav-level level-3">
	<ul class="sub-nav-links" aria-hidden="true">
		<li data-level="3" class=""
	role="menuitem"  data-auid = "preserving-supplies">
	<a class="sub-nav-link" href="/Home-%26-Lifestyle/Household-Supplies/General-Household/Preserving-Supplies/c/RCSS002003003006?navid=preserving-supplies" tabIndex="-1">
	        Preserving Supplies</a>
	</li><li data-level="3" class=""
	role="menuitem"  data-auid = "air-fresheners">
	<a class="sub-nav-link" href="/Home-%26-Lifestyle/Household-Supplies/General-Household/Air-Fresheners/c/RCSS002003003001?navid=air-fresheners" tabIndex="-1">
	        Air Fresheners</a>
	</li><li data-level="3" class=""
	role="menuitem"  data-auid = "light-bulbs">
	<a class="sub-nav-link" href="/Home-%26-Lifestyle/Household-Supplies/General-Household/Light-Bulbs/c/RCSS002003003004?navid=light-bulbs" tabIndex="-1">
	        Light Bulbs</a>
	</li><li data-level="3" class=""
	role="menuitem"  data-auid = "batteries">
	<a class="sub-nav-link" href="/Home-%26-Lifestyle/Household-Supplies/General-Household/Batteries/c/RCSS002003003002?navid=batteries" tabIndex="-1">
	        Batteries</a>
	</li><li data-level="3" class=""
	role="menuitem"  data-auid = "home-alarms">
	<a class="sub-nav-link" href="/Home-%26-Lifestyle/Household-Supplies/General-Household/Home-Alarms/c/RCSS002003003009?navid=home-alarms" tabIndex="-1">
	        Home Alarms</a>
	</li><li data-level="3" class=""
	role="menuitem"  data-auid = "insect-extermination">
	<a class="sub-nav-link" href="/Home-%26-Lifestyle/Household-Supplies/General-Household/Insect-Extermination/c/RCSS002003003007?navid=insect-extermination" tabIndex="-1">
	        Insect Extermination</a>
	</li><li data-level="3" class=""
	role="menuitem"  data-auid = "stationery-and-crafts">
	<a class="sub-nav-link" href="/Home-%26-Lifestyle/Household-Supplies/General-Household/Stationery-%26-Crafts/c/RCSS002003003011?navid=stationery-crafts" tabIndex="-1">
	        Stationery & Crafts</a>
	</li><li data-level="3" class=""
	role="menuitem"  data-auid = "snow-and-ice-removal">
	<a class="sub-nav-link" href="/Home-%26-Lifestyle/Household-Supplies/General-Household/Snow-%26-Ice-Removal/c/RCSS002011006005?navid=snow-ice-removal" tabIndex="-1">
	        Snow & Ice Removal</a>
	</li><li class="last see-all" role="menuitem" data-level="3" data-auid = "general-household">
			<a class="see-all-link" href="/Home-%26-Lifestyle/Household-Supplies/General-Household/c/RCSS002003003000?navid=general-household" tabIndex="-1" >
			    See all products</a>
		</li>
	</ul>

	</div></li><li data-level="2" class="more"
	role="menuitem"  data-auid = "cleaning-tools">
	<a class="sub-nav-link" href="/Home-%26-Lifestyle/Household-Supplies/Cleaning-Tools/c/RCSS002003001000?navid=cleaning-tools" tabIndex="-1">
	        Cleaning Tools<span class="more-indicator"></span>
		    </a>
	<div class="sub-nav-container sub-nav-level level-3">
	<ul class="sub-nav-links" aria-hidden="true">
		<li data-level="3" class=""
	role="menuitem"  data-auid = "brushes">
	<a class="sub-nav-link" href="/Home-%26-Lifestyle/Household-Supplies/Cleaning-Tools/Brushes/c/RCSS002003001001?navid=brushes" tabIndex="-1">
	        Brushes</a>
	</li><li data-level="3" class=""
	role="menuitem"  data-auid = "sweeping-and-vacuuming">
	<a class="sub-nav-link" href="/Home-%26-Lifestyle/Household-Supplies/Cleaning-Tools/Sweeping-%26-Vacuuming/c/RCSS002003001007?navid=sweeping-vacuuming" tabIndex="-1">
	        Sweeping & Vacuuming</a>
	</li><li data-level="3" class=""
	role="menuitem"  data-auid = "sponges-and-cloths">
	<a class="sub-nav-link" href="/Home-%26-Lifestyle/Household-Supplies/Cleaning-Tools/Sponges-%26-Cloths/c/RCSS002003001005?navid=sponges-cloths" tabIndex="-1">
	        Sponges & Cloths</a>
	</li><li data-level="3" class=""
	role="menuitem"  data-auid = "dusting">
	<a class="sub-nav-link" href="/Home-%26-Lifestyle/Household-Supplies/Cleaning-Tools/Dusting/c/RCSS002003001002?navid=dusting" tabIndex="-1">
	        Dusting</a>
	</li><li data-level="3" class=""
	role="menuitem"  data-auid = "gloves">
	<a class="sub-nav-link" href="/Home-%26-Lifestyle/Household-Supplies/Cleaning-Tools/Gloves/c/RCSS002003001003?navid=gloves" tabIndex="-1">
	        Gloves</a>
	</li><li data-level="3" class=""
	role="menuitem"  data-auid = "mopping">
	<a class="sub-nav-link" href="/Home-%26-Lifestyle/Household-Supplies/Cleaning-Tools/Mopping/c/RCSS002003001004?navid=mopping" tabIndex="-1">
	        Mopping</a>
	</li><li data-level="3" class=""
	role="menuitem"  data-auid = "bathroom-tools">
	<a class="sub-nav-link" href="/Home-%26-Lifestyle/Household-Supplies/Cleaning-Tools/Bathroom-Tools/c/RCSS002003001008?navid=bathroom-tools" tabIndex="-1">
	        Bathroom Tools</a>
	</li><li class="last see-all" role="menuitem" data-level="3" data-auid = "cleaning-tools">
			<a class="see-all-link" href="/Home-%26-Lifestyle/Household-Supplies/Cleaning-Tools/c/RCSS002003001000?navid=cleaning-tools" tabIndex="-1" >
			    See all products</a>
		</li>
	</ul>

	</div></li><li data-level="2" class="more"
	role="menuitem"  data-auid = "air-fresheners">
	<a class="sub-nav-link" href="/Home-%26-Lifestyle/Household-Supplies/Air-Fresheners/c/RCSS002003007000?navid=air-fresheners" tabIndex="-1">
	        Air Fresheners<span class="more-indicator"></span>
		    </a>
	<div class="sub-nav-container sub-nav-level level-3">
	<ul class="sub-nav-links" aria-hidden="true">
		<li data-level="3" class=""
	role="menuitem"  data-auid = "air-freshener-systems">
	<a class="sub-nav-link" href="/Home-%26-Lifestyle/Household-Supplies/Air-Fresheners/Air-Freshener-Systems/c/RCSS002003007002?navid=air-freshener-systems" tabIndex="-1">
	        Air Freshener Systems</a>
	</li><li data-level="3" class=""
	role="menuitem"  data-auid = "aerosol">
	<a class="sub-nav-link" href="/Home-%26-Lifestyle/Household-Supplies/Air-Fresheners/Aerosol/c/RCSS002003007001?navid=aerosol" tabIndex="-1">
	        Aerosol</a>
	</li><li data-level="3" class=""
	role="menuitem"  data-auid = "car-fresheners">
	<a class="sub-nav-link" href="/Home-%26-Lifestyle/Household-Supplies/Air-Fresheners/Car-Fresheners/c/RCSS002003007003?navid=car-fresheners" tabIndex="-1">
	        Car Fresheners</a>
	</li><li data-level="3" class=""
	role="menuitem"  data-auid = "scented-candles">
	<a class="sub-nav-link" href="/Home-%26-Lifestyle/Household-Supplies/Air-Fresheners/Scented-Candles/c/RCSS002003007004?navid=scented-candles" tabIndex="-1">
	        Scented Candles</a>
	</li><li class="last see-all" role="menuitem" data-level="3" data-auid = "air-fresheners">
			<a class="see-all-link" href="/Home-%26-Lifestyle/Household-Supplies/Air-Fresheners/c/RCSS002003007000?navid=air-fresheners" tabIndex="-1" >
			    See all products</a>
		</li>
	</ul>

	</div></li><li data-level="2" class=""
	role="menuitem"  data-auid = "club-packs">
	<a class="sub-nav-link" href="/Home-%26-Lifestyle/Household-Supplies/Club-Packs/c/RCSS002003012000?navid=club-packs" tabIndex="-1">
	        Club Packs</a>
	</li><li class="last see-all" role="menuitem" data-level="2" data-auid = "household-supplies">
			<a class="see-all-link" href="/Home-%26-Lifestyle/Household-Supplies/c/RCSS002003000000?navid=household-supplies" tabIndex="-1" >
			    See all products</a>
		</li>
	</ul>

	<div class="wrapper-promo-ad root-promo active-promo">















<div class="partial-nav-ad-var-1-large container">
	<a href="/Home-%26-Lifestyle/Household-Supplies/c/RCSS002003000000" class="promo-link" target="">

		<div class="background-image">









<script>
/*! Picturefill - Responsive Images that work today. (and mimic the proposed Picture element with span elements). Author: Scott Jehl, Filament Group, 2012 | License: MIT/GPLv2 */

(function( w ){

	// Enable strict mode
	"use strict";

	w.picturefill = function() {
		var ps = w.document.getElementsByTagName( "span" );

		// Loop the pictures
		for( var i = 0, il = ps.length; i < il; i++ ){
			if( ps[ i ].getAttribute( "data-picture" ) !== null ){

				var sources = ps[ i ].getElementsByTagName( "span" ),
					matches = [];

				// See if which sources match
				for( var j = 0, jl = sources.length; j < jl; j++ ){
					var media = sources[ j ].getAttribute( "data-media" );
					// if there's no media specified, OR w.matchMedia is supported
					if( !media || ( w.matchMedia && w.matchMedia( media ).matches ) ){
						matches.push( sources[ j ] );
					}
				}

				// Find any existing img element in the picture element
				var picImg = ps[ i ].getElementsByTagName( "img" )[ 0 ];

				if( matches.length ){
					var matchedEl = matches.pop();
					if( !picImg || picImg.parentNode.nodeName === "NOSCRIPT" ){
						picImg = w.document.createElement( "img" );
						var alt = ps[ i ].getAttribute( "data-alt" );
						if (alt !== null) {
							picImg.alt = alt;
						}
					}
					else if( matchedEl === picImg.parentNode ){
						// Skip further actions if the correct image is already in place
						continue;
					}

					picImg.src =  matchedEl.getAttribute( "data-src" );
					picImg.setAttribute("usemap", matchedEl.getAttribute("data-usemap"));
					matchedEl.appendChild( picImg );
					picImg.removeAttribute("width");
					picImg.removeAttribute("height");
				}
				else if( picImg ){
					picImg.parentNode.removeChild( picImg );
				}
			}
		}
	};

	// Run on resize and domready (w.load as a fallback)
	if( w.addEventListener ){
		w.addEventListener( "resize", w.picturefill, false );
		w.addEventListener( "DOMContentLoaded", function(){
			w.picturefill();
			// Run once only
			w.removeEventListener( "load", w.picturefill, false );
		}, false );
		w.addEventListener( "load", w.picturefill, false );
	}
	else if( w.attachEvent ){
		w.attachEvent( "onload", w.picturefill );
	}
}( this ));
</script>
<!-- Begin Template: ConfigurableContentAdaptiveImage -->

<span data-picture data-alt="" data-target="" data-usemap="" data-closest=".background-image" data-target-attribute="background-image" class="module-adaptive-image loading">
	<span class="sm" data-src="https://assets.shop.loblaws.ca/ContentMedia/rcss/marketing/2016/categoryl2s/RCSS_L2_Household_b3_en.jpg" data-usemap="-rim-sm"></span>
	<span class="sm" data-src="https://assets.shop.loblaws.ca/ContentMedia/rcss/marketing/2016/categoryl2s/RCSS_L2_Household_b3_en.jpg" data-usemap="-rim-sm-retina" data-media="(min-device-pixel-ratio: 2.0)"></span>
	<span class="md" data-src="https://assets.shop.loblaws.ca/ContentMedia/rcss/marketing/2016/categoryl2s/RCSS_L2_Household_b2_en.jpg" data-usemap="-rim-md" data-media="(min-width: 651px)"></span>
	<span class="md" data-src="https://assets.shop.loblaws.ca/ContentMedia/rcss/marketing/2016/categoryl2s/RCSS_L2_Household_b2_en.jpg" data-usemap="-rim-md-retina" data-media="(min-width: 651px) and (min-device-pixel-ratio: 2.0)"></span>
	<span class="lg" data-src="https://assets.shop.loblaws.ca/ContentMedia/rcss/marketing/2016/categoryl2s/RCSS_L2_Household_b1_en.jpg" data-usemap="-rim-lg" data-media="(min-width: 960px)"></span>
	<span class="lg" data-src="https://assets.shop.loblaws.ca/ContentMedia/rcss/marketing/2016/categoryl2s/RCSS_L2_Household_b1_en.jpg" data-usemap="-rim-lg-retina" data-media="(min-width: 960px) and (min-device-pixel-ratio: 2.0)"></span>

	<img src="https://assets.shop.loblaws.ca/ContentMedia/rcss/spacer.gif" alt="Shop Now" onError="this.onerror=null;this.src='https://assets.shop.loblaws.ca/ContentMedia/rcss/marketing/2016/categoryl2s/RCSS_L2_Household_b3_en.jpg';" />

	<!--[if (lt IE 9) & (!IEMobile)]>
		<img class="lg" src="https://assets.shop.loblaws.ca/ContentMedia/rcss/marketing/2016/categoryl2s/RCSS_L2_Household_b1_en.jpg" alt="" usemap="-rim-lg">
	<![endif]-->

</span>
<!-- End Template: ConfigurableContentAdaptiveImage -->
		</div>

		<div class="row">
			<div class="wrapper-nav-ad-var-1-large">
				<div class="promo-content-holder">
					<h3></h3>
					<p></p>

				</div>
			</div>
		</div>

	</a>
</div>
>
</div>
	</div></li><li data-level="1" class="more"
	role="menuitem"  data-auid = "beauty">
	<a class="sub-nav-link" href="/Home-%26-Lifestyle/Beauty/c/RCSS002004000000?navid=beauty" tabIndex="-1">
	        Beauty<span class="more-indicator"></span>
		    </a>
	<div class="sub-nav-container sub-nav-level level-2">
	<ul class="sub-nav-links" aria-hidden="true">
		<li data-level="2" class="more"
	role="menuitem"  data-auid = "hair-care">
	<a class="sub-nav-link" href="/Home-%26-Lifestyle/Beauty/Hair-Care/c/RCSS002004003000?navid=hair-care" tabIndex="-1">
	        Hair Care<span class="more-indicator"></span>
		    </a>
	<div class="sub-nav-container sub-nav-level level-3">
	<ul class="sub-nav-links" aria-hidden="true">
		<li data-level="3" class=""
	role="menuitem"  data-auid = "shampoos">
	<a class="sub-nav-link" href="/Home-%26-Lifestyle/Beauty/Hair-Care/Shampoos/c/RCSS002004003001?navid=shampoos" tabIndex="-1">
	        Shampoos</a>
	</li><li data-level="3" class=""
	role="menuitem"  data-auid = "conditioners">
	<a class="sub-nav-link" href="/Home-%26-Lifestyle/Beauty/Hair-Care/Conditioners/c/RCSS002004003002?navid=conditioners" tabIndex="-1">
	        Conditioners</a>
	</li><li data-level="3" class=""
	role="menuitem"  data-auid = "shampoos-and-conditioner">
	<a class="sub-nav-link" href="/Home-%26-Lifestyle/Beauty/Hair-Care/Shampoos-%26-Conditioner/c/RCSS002004003011?navid=shampoos-conditioner" tabIndex="-1">
	        Shampoos & Conditioner</a>
	</li><li data-level="3" class=""
	role="menuitem"  data-auid = "styling-products">
	<a class="sub-nav-link" href="/Home-%26-Lifestyle/Beauty/Hair-Care/Styling-Products/c/RCSS002004003008?navid=styling-products" tabIndex="-1">
	        Styling Products</a>
	</li><li data-level="3" class=""
	role="menuitem"  data-auid = "hair-colour">
	<a class="sub-nav-link" href="/Home-%26-Lifestyle/Beauty/Hair-Care/Hair-Colour/c/RCSS002004003004?navid=hair-colour" tabIndex="-1">
	        Hair Colour</a>
	</li><li data-level="3" class=""
	role="menuitem"  data-auid = "hair-accessories">
	<a class="sub-nav-link" href="/Home-%26-Lifestyle/Beauty/Hair-Care/Hair-Accessories/c/RCSS002004003007?navid=hair-accessories" tabIndex="-1">
	        Hair Accessories</a>
	</li><li data-level="3" class=""
	role="menuitem"  data-auid = "styling-tools">
	<a class="sub-nav-link" href="/Home-%26-Lifestyle/Beauty/Hair-Care/Styling-Tools/c/RCSS002004003009?navid=styling-tools" tabIndex="-1">
	        Styling Tools</a>
	</li><li data-level="3" class=""
	role="menuitem"  data-auid = "hair-masks-and-treatments">
	<a class="sub-nav-link" href="/Home-%26-Lifestyle/Beauty/Hair-Care/Hair-Masks-%26-Treatments/c/RCSS002004003003?navid=hair-masks-treatments" tabIndex="-1">
	        Hair Masks & Treatments</a>
	</li><li class="last see-all" role="menuitem" data-level="3" data-auid = "hair-care">
			<a class="see-all-link" href="/Home-%26-Lifestyle/Beauty/Hair-Care/c/RCSS002004003000?navid=hair-care" tabIndex="-1" >
			    See all products</a>
		</li>
	</ul>

	</div></li><li data-level="2" class="more"
	role="menuitem"  data-auid = "skin-care">
	<a class="sub-nav-link" href="/Home-%26-Lifestyle/Beauty/Skin-Care/c/RCSS002004005000?navid=skin-care" tabIndex="-1">
	        Skin Care<span class="more-indicator"></span>
		    </a>
	<div class="sub-nav-container sub-nav-level level-3">
	<ul class="sub-nav-links" aria-hidden="true">
		<li data-level="3" class=""
	role="menuitem"  data-auid = "face-cleansers">
	<a class="sub-nav-link" href="/Home-%26-Lifestyle/Beauty/Skin-Care/Face-Cleansers/c/RCSS002004005011?navid=face-cleansers" tabIndex="-1">
	        Face Cleansers</a>
	</li><li data-level="3" class=""
	role="menuitem"  data-auid = "face-moisturizers">
	<a class="sub-nav-link" href="/Home-%26-Lifestyle/Beauty/Skin-Care/Face-Moisturizers/c/RCSS002004005012?navid=face-moisturizers" tabIndex="-1">
	        Face Moisturizers</a>
	</li><li data-level="3" class=""
	role="menuitem"  data-auid = "eye-skin-care">
	<a class="sub-nav-link" href="/Home-%26-Lifestyle/Beauty/Skin-Care/Eye-Skin-Care/c/RCSS002004005010?navid=eye-skin-care" tabIndex="-1">
	        Eye Skin Care</a>
	</li><li data-level="3" class=""
	role="menuitem"  data-auid = "lip-care">
	<a class="sub-nav-link" href="/Home-%26-Lifestyle/Beauty/Skin-Care/Lip-Care/c/RCSS002004005002?navid=lip-care" tabIndex="-1">
	        Lip Care</a>
	</li><li data-level="3" class=""
	role="menuitem"  data-auid = "sun-care">
	<a class="sub-nav-link" href="/Home-%26-Lifestyle/Beauty/Skin-Care/Sun-Care/c/RCSS002004005006?navid=sun-care" tabIndex="-1">
	        Sun Care</a>
	</li><li data-level="3" class=""
	role="menuitem"  data-auid = "self-tanning">
	<a class="sub-nav-link" href="/Home-%26-Lifestyle/Beauty/Skin-Care/Self-Tanning/c/RCSS002004005007?navid=self-tanning" tabIndex="-1">
	        Self Tanning</a>
	</li><li class="last see-all" role="menuitem" data-level="3" data-auid = "skin-care">
			<a class="see-all-link" href="/Home-%26-Lifestyle/Beauty/Skin-Care/c/RCSS002004005000?navid=skin-care" tabIndex="-1" >
			    See all products</a>
		</li>
	</ul>

	</div></li><li data-level="2" class="more"
	role="menuitem"  data-auid = "cosmetics">
	<a class="sub-nav-link" href="/Home-%26-Lifestyle/Beauty/Cosmetics/c/RCSS002004001000?navid=cosmetics" tabIndex="-1">
	        Cosmetics<span class="more-indicator"></span>
		    </a>
	<div class="sub-nav-container sub-nav-level level-3">
	<ul class="sub-nav-links" aria-hidden="true">
		<li data-level="3" class=""
	role="menuitem"  data-auid = "cosmetic-accessories">
	<a class="sub-nav-link" href="/Home-%26-Lifestyle/Beauty/Cosmetics/Cosmetic-Accessories/c/RCSS002004001006?navid=cosmetic-accessories" tabIndex="-1">
	        Cosmetic Accessories</a>
	</li><li data-level="3" class=""
	role="menuitem"  data-auid = "eyes">
	<a class="sub-nav-link" href="/Home-%26-Lifestyle/Beauty/Cosmetics/Eyes/c/RCSS002004001001?navid=eyes" tabIndex="-1">
	        Eyes</a>
	</li><li data-level="3" class=""
	role="menuitem"  data-auid = "face">
	<a class="sub-nav-link" href="/Home-%26-Lifestyle/Beauty/Cosmetics/Face/c/RCSS002004001002?navid=face" tabIndex="-1">
	        Face</a>
	</li><li data-level="3" class=""
	role="menuitem"  data-auid = "lips">
	<a class="sub-nav-link" href="/Home-%26-Lifestyle/Beauty/Cosmetics/Lips/c/RCSS002004001003?navid=lips" tabIndex="-1">
	        Lips</a>
	</li><li class="last see-all" role="menuitem" data-level="3" data-auid = "cosmetics">
			<a class="see-all-link" href="/Home-%26-Lifestyle/Beauty/Cosmetics/c/RCSS002004001000?navid=cosmetics" tabIndex="-1" >
			    See all products</a>
		</li>
	</ul>

	</div></li><li data-level="2" class="more"
	role="menuitem"  data-auid = "hand-and-nail-care">
	<a class="sub-nav-link" href="/Home-%26-Lifestyle/Beauty/Hand-%26-Nail-Care/c/RCSS002004004000?navid=hand-nail-care" tabIndex="-1">
	        Hand & Nail Care<span class="more-indicator"></span>
		    </a>
	<div class="sub-nav-container sub-nav-level level-3">
	<ul class="sub-nav-links" aria-hidden="true">
		<li data-level="3" class=""
	role="menuitem"  data-auid = "nail-polishes">
	<a class="sub-nav-link" href="/Home-%26-Lifestyle/Beauty/Hand-%26-Nail-Care/Nail-Polishes/c/RCSS002004004001?navid=nail-polishes" tabIndex="-1">
	        Nail Polishes</a>
	</li><li data-level="3" class=""
	role="menuitem"  data-auid = "gel-nails-polish">
	<a class="sub-nav-link" href="/Home-%26-Lifestyle/Beauty/Hand-%26-Nail-Care/Gel-Nails-Polish/c/RCSS002004004004?navid=gel-nails-polish" tabIndex="-1">
	        Gel Nails Polish</a>
	</li><li data-level="3" class=""
	role="menuitem"  data-auid = "manicure-and-pedicure">
	<a class="sub-nav-link" href="/Home-%26-Lifestyle/Beauty/Hand-%26-Nail-Care/Manicure-%26-Pedicure/c/RCSS002004004007?navid=manicure-pedicure" tabIndex="-1">
	        Manicure & Pedicure</a>
	</li><li data-level="3" class=""
	role="menuitem"  data-auid = "nail-tools">
	<a class="sub-nav-link" href="/Home-%26-Lifestyle/Beauty/Hand-%26-Nail-Care/Nail-Tools/c/RCSS002004004006?navid=nail-tools" tabIndex="-1">
	        Nail Tools</a>
	</li><li data-level="3" class=""
	role="menuitem"  data-auid = "nail-treatments">
	<a class="sub-nav-link" href="/Home-%26-Lifestyle/Beauty/Hand-%26-Nail-Care/Nail-Treatments/c/RCSS002004004002?navid=nail-treatments" tabIndex="-1">
	        Nail Treatments</a>
	</li><li data-level="3" class=""
	role="menuitem"  data-auid = "hand-and-foot-lotions">
	<a class="sub-nav-link" href="/Home-%26-Lifestyle/Beauty/Hand-%26-Nail-Care/Hand-%26-Foot-Lotions/c/RCSS002004004008?navid=hand-foot-lotions" tabIndex="-1">
	        Hand & Foot Lotions</a>
	</li><li class="last see-all" role="menuitem" data-level="3" data-auid = "hand-and-nail-care">
			<a class="see-all-link" href="/Home-%26-Lifestyle/Beauty/Hand-%26-Nail-Care/c/RCSS002004004000?navid=hand-nail-care" tabIndex="-1" >
			    See all products</a>
		</li>
	</ul>

	</div></li><li class="last see-all" role="menuitem" data-level="2" data-auid = "beauty">
			<a class="see-all-link" href="/Home-%26-Lifestyle/Beauty/c/RCSS002004000000?navid=beauty" tabIndex="-1" >
			    See all products</a>
		</li>
	</ul>

	<div class="wrapper-promo-ad root-promo active-promo">















<div class="partial-nav-ad-var-1-large container">
	<a href="/collections/Joe%20Fresh/017083000000?icid=L2_joe_fresh" class="promo-link" target="">

		<div class="background-image">









<script>
/*! Picturefill - Responsive Images that work today. (and mimic the proposed Picture element with span elements). Author: Scott Jehl, Filament Group, 2012 | License: MIT/GPLv2 */

(function( w ){

	// Enable strict mode
	"use strict";

	w.picturefill = function() {
		var ps = w.document.getElementsByTagName( "span" );

		// Loop the pictures
		for( var i = 0, il = ps.length; i < il; i++ ){
			if( ps[ i ].getAttribute( "data-picture" ) !== null ){

				var sources = ps[ i ].getElementsByTagName( "span" ),
					matches = [];

				// See if which sources match
				for( var j = 0, jl = sources.length; j < jl; j++ ){
					var media = sources[ j ].getAttribute( "data-media" );
					// if there's no media specified, OR w.matchMedia is supported
					if( !media || ( w.matchMedia && w.matchMedia( media ).matches ) ){
						matches.push( sources[ j ] );
					}
				}

				// Find any existing img element in the picture element
				var picImg = ps[ i ].getElementsByTagName( "img" )[ 0 ];

				if( matches.length ){
					var matchedEl = matches.pop();
					if( !picImg || picImg.parentNode.nodeName === "NOSCRIPT" ){
						picImg = w.document.createElement( "img" );
						var alt = ps[ i ].getAttribute( "data-alt" );
						if (alt !== null) {
							picImg.alt = alt;
						}
					}
					else if( matchedEl === picImg.parentNode ){
						// Skip further actions if the correct image is already in place
						continue;
					}

					picImg.src =  matchedEl.getAttribute( "data-src" );
					picImg.setAttribute("usemap", matchedEl.getAttribute("data-usemap"));
					matchedEl.appendChild( picImg );
					picImg.removeAttribute("width");
					picImg.removeAttribute("height");
				}
				else if( picImg ){
					picImg.parentNode.removeChild( picImg );
				}
			}
		}
	};

	// Run on resize and domready (w.load as a fallback)
	if( w.addEventListener ){
		w.addEventListener( "resize", w.picturefill, false );
		w.addEventListener( "DOMContentLoaded", function(){
			w.picturefill();
			// Run once only
			w.removeEventListener( "load", w.picturefill, false );
		}, false );
		w.addEventListener( "load", w.picturefill, false );
	}
	else if( w.attachEvent ){
		w.attachEvent( "onload", w.picturefill );
	}
}( this ));
</script>
<!-- Begin Template: ConfigurableContentAdaptiveImage -->

<span data-picture data-alt="" data-target="" data-usemap="" data-closest=".background-image" data-target-attribute="background-image" class="module-adaptive-image loading">
	<span class="sm" data-src="https://assets.shop.loblaws.ca/ContentMedia/rcss/marketing/2017/evergreen/JOEFRESHDISC/L2/wk21_CC_JF_L2Flyout_discount_shoppable_b3_en.jpg" data-usemap="-rim-sm"></span>
	<span class="sm" data-src="https://assets.shop.loblaws.ca/ContentMedia/rcss/marketing/2017/evergreen/JOEFRESHDISC/L2/wk21_CC_JF_L2Flyout_discount_shoppable_b3_en.jpg" data-usemap="-rim-sm-retina" data-media="(min-device-pixel-ratio: 2.0)"></span>
	<span class="md" data-src="https://assets.shop.loblaws.ca/ContentMedia/rcss/marketing/2017/evergreen/JOEFRESHDISC/L2/wk21_CC_JF_L2Flyout_discount_shoppable_b2_en.jpg" data-usemap="-rim-md" data-media="(min-width: 651px)"></span>
	<span class="md" data-src="https://assets.shop.loblaws.ca/ContentMedia/rcss/marketing/2017/evergreen/JOEFRESHDISC/L2/wk21_CC_JF_L2Flyout_discount_shoppable_b2_en.jpg" data-usemap="-rim-md-retina" data-media="(min-width: 651px) and (min-device-pixel-ratio: 2.0)"></span>
	<span class="lg" data-src="https://assets.shop.loblaws.ca/ContentMedia/rcss/marketing/2017/evergreen/JOEFRESHDISC/L2/wk21_CC_JF_L2Flyout_discount_shoppable_b1_en.jpg" data-usemap="-rim-lg" data-media="(min-width: 960px)"></span>
	<span class="lg" data-src="https://assets.shop.loblaws.ca/ContentMedia/rcss/marketing/2017/evergreen/JOEFRESHDISC/L2/wk21_CC_JF_L2Flyout_discount_shoppable_b1_en.jpg" data-usemap="-rim-lg-retina" data-media="(min-width: 960px) and (min-device-pixel-ratio: 2.0)"></span>

	<img src="https://assets.shop.loblaws.ca/ContentMedia/rcss/spacer.gif" alt="Shop beauty essentials from Joe Fresh" onError="this.onerror=null;this.src='https://assets.shop.loblaws.ca/ContentMedia/rcss/marketing/2017/evergreen/JOEFRESHDISC/L2/wk21_CC_JF_L2Flyout_discount_shoppable_b3_en.jpg';" />

	<!--[if (lt IE 9) & (!IEMobile)]>
		<img class="lg" src="https://assets.shop.loblaws.ca/ContentMedia/rcss/marketing/2017/evergreen/JOEFRESHDISC/L2/wk21_CC_JF_L2Flyout_discount_shoppable_b1_en.jpg" alt="" usemap="-rim-lg">
	<![endif]-->

</span>
<!-- End Template: ConfigurableContentAdaptiveImage -->
		</div>

		<div class="row">
			<div class="wrapper-nav-ad-var-1-large">
				<div class="promo-content-holder">
					<h3></h3>
					<p></p>

				</div>
			</div>
		</div>

	</a>
</div>
>
</div>
	</div></li><li data-level="1" class="more"
	role="menuitem"  data-auid = "personal-care">
	<a class="sub-nav-link" href="/Home-%26-Lifestyle/Personal-Care/c/RCSS002005000000?navid=personal-care" tabIndex="-1">
	        Personal Care<span class="more-indicator"></span>
		    </a>
	<div class="sub-nav-container sub-nav-level level-2">
	<ul class="sub-nav-links" aria-hidden="true">
		<li data-level="2" class="more"
	role="menuitem"  data-auid = "bath-and-body">
	<a class="sub-nav-link" href="/Home-%26-Lifestyle/Personal-Care/Bath-%26-Body/c/RCSS002005001000?navid=bath-body" tabIndex="-1">
	        Bath & Body<span class="more-indicator"></span>
		    </a>
	<div class="sub-nav-container sub-nav-level level-3">
	<ul class="sub-nav-links" aria-hidden="true">
		<li data-level="3" class=""
	role="menuitem"  data-auid = "soaps-and-bodywash">
	<a class="sub-nav-link" href="/Home-%26-Lifestyle/Personal-Care/Bath-%26-Body/Soaps-%26-Bodywash/c/RCSS002005001001?navid=soaps-bodywash" tabIndex="-1">
	        Soaps & Bodywash</a>
	</li><li data-level="3" class=""
	role="menuitem"  data-auid = "deodorant-and-antiperspirant">
	<a class="sub-nav-link" href="/Home-%26-Lifestyle/Personal-Care/Bath-%26-Body/Deodorant-%26-Antiperspirant/c/RCSS002005001005?navid=deodorant-antiperspirant" tabIndex="-1">
	        Deodorant & Antiperspirant</a>
	</li><li data-level="3" class=""
	role="menuitem"  data-auid = "hand-soap-and-sanitizers">
	<a class="sub-nav-link" href="/Home-%26-Lifestyle/Personal-Care/Bath-%26-Body/Hand-Soap-%26-Sanitizers/c/RCSS002005001002?navid=hand-soap-sanitizers" tabIndex="-1">
	        Hand Soap & Sanitizers</a>
	</li><li data-level="3" class=""
	role="menuitem"  data-auid = "cotton-balls-and-swabs">
	<a class="sub-nav-link" href="/Home-%26-Lifestyle/Personal-Care/Bath-%26-Body/Cotton-Balls-%26-Swabs/c/RCSS002005001006?navid=cotton-balls-swabs" tabIndex="-1">
	        Cotton Balls & Swabs</a>
	</li><li data-level="3" class=""
	role="menuitem"  data-auid = "massage-and-relaxation">
	<a class="sub-nav-link" href="/Home-%26-Lifestyle/Personal-Care/Bath-%26-Body/Massage-%26-Relaxation/c/RCSS002005001007?navid=massage-relaxation" tabIndex="-1">
	        Massage & Relaxation</a>
	</li><li data-level="3" class=""
	role="menuitem"  data-auid = "children's-bath-time">
	<a class="sub-nav-link" href="/Home-%26-Lifestyle/Personal-Care/Bath-%26-Body/Children%27s-Bath-Time/c/RCSS002005001008?navid=childrens-bath-time" tabIndex="-1">
	        Children's Bath Time</a>
	</li><li data-level="3" class=""
	role="menuitem"  data-auid = "bath-accessories">
	<a class="sub-nav-link" href="/Home-%26-Lifestyle/Personal-Care/Bath-%26-Body/Bath-Accessories/c/RCSS002005001003?navid=bath-accessories" tabIndex="-1">
	        Bath Accessories</a>
	</li><li data-level="3" class=""
	role="menuitem"  data-auid = "salts,-soaks-and-scrubs">
	<a class="sub-nav-link" href="/Home-%26-Lifestyle/Personal-Care/Bath-%26-Body/Salts%2C-Soaks-%26-Scrubs/c/RCSS002005001009?navid=salts-soaks-scrubs" tabIndex="-1">
	        Salts, Soaks & Scrubs</a>
	</li><li class="last see-all" role="menuitem" data-level="3" data-auid = "bath-and-body">
			<a class="see-all-link" href="/Home-%26-Lifestyle/Personal-Care/Bath-%26-Body/c/RCSS002005001000?navid=bath-body" tabIndex="-1" >
			    See all products</a>
		</li>
	</ul>

	</div></li><li data-level="2" class="more"
	role="menuitem"  data-auid = "skin-care">
	<a class="sub-nav-link" href="/Home-%26-Lifestyle/Personal-Care/Skin-Care/c/RCSS002005009000?navid=skin-care" tabIndex="-1">
	        Skin Care<span class="more-indicator"></span>
		    </a>
	<div class="sub-nav-container sub-nav-level level-3">
	<ul class="sub-nav-links" aria-hidden="true">
		<li data-level="3" class=""
	role="menuitem"  data-auid = "hand-and-foot-care">
	<a class="sub-nav-link" href="/Home-%26-Lifestyle/Personal-Care/Skin-Care/Hand-%26-Foot-Care/c/RCSS002005009003?navid=hand-foot-care" tabIndex="-1">
	        Hand & Foot Care</a>
	</li><li data-level="3" class=""
	role="menuitem"  data-auid = "lip-care">
	<a class="sub-nav-link" href="/Home-%26-Lifestyle/Personal-Care/Skin-Care/Lip-Care/c/RCSS002005009002?navid=lip-care" tabIndex="-1">
	        Lip Care</a>
	</li><li data-level="3" class=""
	role="menuitem"  data-auid = "body-care">
	<a class="sub-nav-link" href="/Home-%26-Lifestyle/Personal-Care/Skin-Care/Body-Care/c/RCSS002005009004?navid=body-care" tabIndex="-1">
	        Body Care</a>
	</li><li data-level="3" class=""
	role="menuitem"  data-auid = "sun-care">
	<a class="sub-nav-link" href="/Home-%26-Lifestyle/Personal-Care/Skin-Care/Sun-Care/c/RCSS002005009006?navid=sun-care" tabIndex="-1">
	        Sun Care</a>
	</li><li data-level="3" class=""
	role="menuitem"  data-auid = "facial-skin-care">
	<a class="sub-nav-link" href="/Home-%26-Lifestyle/Personal-Care/Skin-Care/Facial-Skin-Care/c/RCSS002005009001?navid=facial-skin-care" tabIndex="-1">
	        Facial Skin Care</a>
	</li><li data-level="3" class=""
	role="menuitem"  data-auid = "self-tanning">
	<a class="sub-nav-link" href="/Home-%26-Lifestyle/Personal-Care/Skin-Care/Self-Tanning/c/RCSS002005009007?navid=self-tanning" tabIndex="-1">
	        Self Tanning</a>
	</li><li data-level="3" class=""
	role="menuitem"  data-auid = "eye-skin-care">
	<a class="sub-nav-link" href="/Home-%26-Lifestyle/Personal-Care/Skin-Care/Eye-Skin-Care/c/RCSS002005009010?navid=eye-skin-care" tabIndex="-1">
	        Eye Skin Care</a>
	</li><li data-level="3" class=""
	role="menuitem"  data-auid = "face-cleansers">
	<a class="sub-nav-link" href="/Home-%26-Lifestyle/Personal-Care/Skin-Care/Face-Cleansers/c/RCSS002005009011?navid=face-cleansers" tabIndex="-1">
	        Face Cleansers</a>
	</li><li data-level="3" class=""
	role="menuitem"  data-auid = "face-moisturizers">
	<a class="sub-nav-link" href="/Home-%26-Lifestyle/Personal-Care/Skin-Care/Face-Moisturizers/c/RCSS002005009012?navid=face-moisturizers" tabIndex="-1">
	        Face Moisturizers</a>
	</li><li class="last see-all" role="menuitem" data-level="3" data-auid = "skin-care">
			<a class="see-all-link" href="/Home-%26-Lifestyle/Personal-Care/Skin-Care/c/RCSS002005009000?navid=skin-care" tabIndex="-1" >
			    See all products</a>
		</li>
	</ul>

	</div></li><li data-level="2" class="more"
	role="menuitem"  data-auid = "oral-care">
	<a class="sub-nav-link" href="/Home-%26-Lifestyle/Personal-Care/Oral-Care/c/RCSS002005008000?navid=oral-care" tabIndex="-1">
	        Oral Care<span class="more-indicator"></span>
		    </a>
	<div class="sub-nav-container sub-nav-level level-3">
	<ul class="sub-nav-links" aria-hidden="true">
		<li data-level="3" class=""
	role="menuitem"  data-auid = "toothpaste">
	<a class="sub-nav-link" href="/Home-%26-Lifestyle/Personal-Care/Oral-Care/Toothpaste/c/RCSS002005008009?navid=toothpaste" tabIndex="-1">
	        Toothpaste</a>
	</li><li data-level="3" class=""
	role="menuitem"  data-auid = "manual-toothbrushes">
	<a class="sub-nav-link" href="/Home-%26-Lifestyle/Personal-Care/Oral-Care/Manual-Toothbrushes/c/RCSS002005008004?navid=manual-toothbrushes" tabIndex="-1">
	        Manual Toothbrushes</a>
	</li><li data-level="3" class=""
	role="menuitem"  data-auid = "electric-toothbrushes">
	<a class="sub-nav-link" href="/Home-%26-Lifestyle/Personal-Care/Oral-Care/Electric-Toothbrushes/c/RCSS002005008003?navid=electric-toothbrushes" tabIndex="-1">
	        Electric Toothbrushes</a>
	</li><li data-level="3" class=""
	role="menuitem"  data-auid = "mouthwash">
	<a class="sub-nav-link" href="/Home-%26-Lifestyle/Personal-Care/Oral-Care/Mouthwash/c/RCSS002005008005?navid=mouthwash" tabIndex="-1">
	        Mouthwash</a>
	</li><li data-level="3" class=""
	role="menuitem"  data-auid = "dental-floss">
	<a class="sub-nav-link" href="/Home-%26-Lifestyle/Personal-Care/Oral-Care/Dental-Floss/c/RCSS002005008001?navid=dental-floss" tabIndex="-1">
	        Dental Floss</a>
	</li><li data-level="3" class=""
	role="menuitem"  data-auid = "denture-care">
	<a class="sub-nav-link" href="/Home-%26-Lifestyle/Personal-Care/Oral-Care/Denture-Care/c/RCSS002005008002?navid=denture-care" tabIndex="-1">
	        Denture Care</a>
	</li><li data-level="3" class=""
	role="menuitem"  data-auid = "teeth-whitening">
	<a class="sub-nav-link" href="/Home-%26-Lifestyle/Personal-Care/Oral-Care/Teeth-Whitening/c/RCSS002005008007?navid=teeth-whitening" tabIndex="-1">
	        Teeth Whitening</a>
	</li><li data-level="3" class=""
	role="menuitem"  data-auid = "kids-toothbrushes">
	<a class="sub-nav-link" href="/Home-%26-Lifestyle/Personal-Care/Oral-Care/Kids-Toothbrushes/c/RCSS002005008011?navid=kids-toothbrushes" tabIndex="-1">
	        Kids Toothbrushes</a>
	</li><li class="last see-all" role="menuitem" data-level="3" data-auid = "oral-care">
			<a class="see-all-link" href="/Home-%26-Lifestyle/Personal-Care/Oral-Care/c/RCSS002005008000?navid=oral-care" tabIndex="-1" >
			    See all products</a>
		</li>
	</ul>

	</div></li><li data-level="2" class="more"
	role="menuitem"  data-auid = "feminine-hygiene">
	<a class="sub-nav-link" href="/Home-%26-Lifestyle/Personal-Care/Feminine-Hygiene/c/RCSS002005005000?navid=feminine-hygiene" tabIndex="-1">
	        Feminine Hygiene<span class="more-indicator"></span>
		    </a>
	<div class="sub-nav-container sub-nav-level level-3">
	<ul class="sub-nav-links" aria-hidden="true">
		<li data-level="3" class=""
	role="menuitem"  data-auid = "maxi-pads">
	<a class="sub-nav-link" href="/Home-%26-Lifestyle/Personal-Care/Feminine-Hygiene/Maxi-Pads/c/RCSS002005005005?navid=maxi-pads" tabIndex="-1">
	        Maxi Pads</a>
	</li><li data-level="3" class=""
	role="menuitem"  data-auid = "pantiliners">
	<a class="sub-nav-link" href="/Home-%26-Lifestyle/Personal-Care/Feminine-Hygiene/Pantiliners/c/RCSS002005005007?navid=pantiliners" tabIndex="-1">
	        Pantiliners</a>
	</li><li data-level="3" class=""
	role="menuitem"  data-auid = "tampons">
	<a class="sub-nav-link" href="/Home-%26-Lifestyle/Personal-Care/Feminine-Hygiene/Tampons/c/RCSS002005005008?navid=tampons" tabIndex="-1">
	        Tampons</a>
	</li><li data-level="3" class=""
	role="menuitem"  data-auid = "yeast-infection-treatments">
	<a class="sub-nav-link" href="/Home-%26-Lifestyle/Personal-Care/Feminine-Hygiene/Yeast-Infection-Treatments/c/RCSS002005005009?navid=yeast-infection-treatments" tabIndex="-1">
	        Yeast Infection Treatments</a>
	</li><li data-level="3" class=""
	role="menuitem"  data-auid = "feminine-cleansing-and-wipes">
	<a class="sub-nav-link" href="/Home-%26-Lifestyle/Personal-Care/Feminine-Hygiene/Feminine-Cleansing-%26-Wipes/c/RCSS002005005003?navid=feminine-cleansing-wipes" tabIndex="-1">
	        Feminine Cleansing & Wipes</a>
	</li><li class="last see-all" role="menuitem" data-level="3" data-auid = "feminine-hygiene">
			<a class="see-all-link" href="/Home-%26-Lifestyle/Personal-Care/Feminine-Hygiene/c/RCSS002005005000?navid=feminine-hygiene" tabIndex="-1" >
			    See all products</a>
		</li>
	</ul>

	</div></li><li data-level="2" class="more"
	role="menuitem"  data-auid = "hair-removal">
	<a class="sub-nav-link" href="/Home-%26-Lifestyle/Personal-Care/Hair-Removal/c/RCSS002005007000?navid=hair-removal" tabIndex="-1">
	        Hair Removal<span class="more-indicator"></span>
		    </a>
	<div class="sub-nav-container sub-nav-level level-3">
	<ul class="sub-nav-links" aria-hidden="true">
		<li data-level="3" class=""
	role="menuitem"  data-auid = "shaving-creams-and-lotions">
	<a class="sub-nav-link" href="/Home-%26-Lifestyle/Personal-Care/Hair-Removal/Shaving-Creams-%26-Lotions/c/RCSS002005007002?navid=shaving-creams-lotions" tabIndex="-1">
	        Shaving Creams & Lotions</a>
	</li><li data-level="3" class=""
	role="menuitem"  data-auid = "razors-and-replacement-blades">
	<a class="sub-nav-link" href="/Home-%26-Lifestyle/Personal-Care/Hair-Removal/Razors-%26-Replacement-Blades/c/RCSS002005007001?navid=razors-replacement-blades" tabIndex="-1">
	        Razors & Replacement Blades</a>
	</li><li data-level="3" class=""
	role="menuitem"  data-auid = "epilators">
	<a class="sub-nav-link" href="/Home-%26-Lifestyle/Personal-Care/Hair-Removal/Epilators/c/RCSS002005007004?navid=epilators" tabIndex="-1">
	        Epilators</a>
	</li><li class="last see-all" role="menuitem" data-level="3" data-auid = "hair-removal">
			<a class="see-all-link" href="/Home-%26-Lifestyle/Personal-Care/Hair-Removal/c/RCSS002005007000?navid=hair-removal" tabIndex="-1" >
			    See all products</a>
		</li>
	</ul>

	</div></li><li data-level="2" class="more"
	role="menuitem"  data-auid = "eye-care">
	<a class="sub-nav-link" href="/Home-%26-Lifestyle/Personal-Care/Eye-Care/c/RCSS002005004000?navid=eye-care" tabIndex="-1">
	        Eye Care<span class="more-indicator"></span>
		    </a>
	<div class="sub-nav-container sub-nav-level level-3">
	<ul class="sub-nav-links" aria-hidden="true">
		<li data-level="3" class=""
	role="menuitem"  data-auid = "ointments-and-eye-drops">
	<a class="sub-nav-link" href="/Home-%26-Lifestyle/Personal-Care/Eye-Care/Ointments-%26-Eye-Drops/c/RCSS002005004001?navid=ointments-eye-drops" tabIndex="-1">
	        Ointments & Eye Drops</a>
	</li><li data-level="3" class=""
	role="menuitem"  data-auid = "contact-lens-care">
	<a class="sub-nav-link" href="/Home-%26-Lifestyle/Personal-Care/Eye-Care/Contact-Lens-Care/c/RCSS002005004002?navid=contact-lens-care" tabIndex="-1">
	        Contact Lens Care</a>
	</li><li class="last see-all" role="menuitem" data-level="3" data-auid = "eye-care">
			<a class="see-all-link" href="/Home-%26-Lifestyle/Personal-Care/Eye-Care/c/RCSS002005004000?navid=eye-care" tabIndex="-1" >
			    See all products</a>
		</li>
	</ul>

	</div></li><li data-level="2" class="more"
	role="menuitem"  data-auid = "essentials-for-him">
	<a class="sub-nav-link" href="/Home-%26-Lifestyle/Personal-Care/Essentials-for-him/c/RCSS002005011000?navid=essentials-for-him" tabIndex="-1">
	        Essentials for him<span class="more-indicator"></span>
		    </a>
	<div class="sub-nav-container sub-nav-level level-3">
	<ul class="sub-nav-links" aria-hidden="true">
		<li data-level="3" class=""
	role="menuitem"  data-auid = "shaving">
	<a class="sub-nav-link" href="/Home-%26-Lifestyle/Personal-Care/Essentials-for-him/Shaving/c/RCSS002005011001?navid=shaving" tabIndex="-1">
	        Shaving</a>
	</li><li data-level="3" class=""
	role="menuitem"  data-auid = "shaving-creams-and-aftershave">
	<a class="sub-nav-link" href="/Home-%26-Lifestyle/Personal-Care/Essentials-for-him/Shaving-Creams-%26-Aftershave/c/RCSS002005011009?navid=shaving-creams-aftershave" tabIndex="-1">
	        Shaving Creams & Aftershave</a>
	</li><li data-level="3" class=""
	role="menuitem"  data-auid = "facial-skin-care">
	<a class="sub-nav-link" href="/Home-%26-Lifestyle/Personal-Care/Essentials-for-him/Facial-Skin-Care/c/RCSS002005011003?navid=facial-skin-care" tabIndex="-1">
	        Facial Skin Care</a>
	</li><li data-level="3" class=""
	role="menuitem"  data-auid = "hair-care">
	<a class="sub-nav-link" href="/Home-%26-Lifestyle/Personal-Care/Essentials-for-him/Hair-Care/c/RCSS002005011002?navid=hair-care" tabIndex="-1">
	        Hair Care</a>
	</li><li data-level="3" class=""
	role="menuitem"  data-auid = "bath-and-body">
	<a class="sub-nav-link" href="/Home-%26-Lifestyle/Personal-Care/Essentials-for-him/Bath-%26-Body/c/RCSS002005011004?navid=bath-body" tabIndex="-1">
	        Bath & Body</a>
	</li><li data-level="3" class=""
	role="menuitem"  data-auid = "antiperspirant-and-deodorant">
	<a class="sub-nav-link" href="/Home-%26-Lifestyle/Personal-Care/Essentials-for-him/Antiperspirant-%26-Deodorant/c/RCSS002005011007?navid=antiperspirant-deodorant" tabIndex="-1">
	        Antiperspirant & Deodorant</a>
	</li><li data-level="3" class=""
	role="menuitem"  data-auid = "cologne">
	<a class="sub-nav-link" href="/Home-%26-Lifestyle/Personal-Care/Essentials-for-him/Cologne/c/RCSS002005011005?navid=cologne" tabIndex="-1">
	        Cologne</a>
	</li><li class="last see-all" role="menuitem" data-level="3" data-auid = "essentials-for-him">
			<a class="see-all-link" href="/Home-%26-Lifestyle/Personal-Care/Essentials-for-him/c/RCSS002005011000?navid=essentials-for-him" tabIndex="-1" >
			    See all products</a>
		</li>
	</ul>

	</div></li><li data-level="2" class=""
	role="menuitem"  data-auid = "club-packs">
	<a class="sub-nav-link" href="/Home-%26-Lifestyle/Personal-Care/Club-Packs/c/RCSS002005012000?navid=club-packs" tabIndex="-1">
	        Club Packs</a>
	</li><li class="last see-all" role="menuitem" data-level="2" data-auid = "personal-care">
			<a class="see-all-link" href="/Home-%26-Lifestyle/Personal-Care/c/RCSS002005000000?navid=personal-care" tabIndex="-1" >
			    See all products</a>
		</li>
	</ul>

	<div class="wrapper-promo-ad root-promo active-promo">















<div class="partial-nav-ad-var-1-large container">
	<a href="/Home-%26-Lifestyle/Personal-Care/c/RCSS002005000000" class="promo-link" target="">

		<div class="background-image">









<script>
/*! Picturefill - Responsive Images that work today. (and mimic the proposed Picture element with span elements). Author: Scott Jehl, Filament Group, 2012 | License: MIT/GPLv2 */

(function( w ){

	// Enable strict mode
	"use strict";

	w.picturefill = function() {
		var ps = w.document.getElementsByTagName( "span" );

		// Loop the pictures
		for( var i = 0, il = ps.length; i < il; i++ ){
			if( ps[ i ].getAttribute( "data-picture" ) !== null ){

				var sources = ps[ i ].getElementsByTagName( "span" ),
					matches = [];

				// See if which sources match
				for( var j = 0, jl = sources.length; j < jl; j++ ){
					var media = sources[ j ].getAttribute( "data-media" );
					// if there's no media specified, OR w.matchMedia is supported
					if( !media || ( w.matchMedia && w.matchMedia( media ).matches ) ){
						matches.push( sources[ j ] );
					}
				}

				// Find any existing img element in the picture element
				var picImg = ps[ i ].getElementsByTagName( "img" )[ 0 ];

				if( matches.length ){
					var matchedEl = matches.pop();
					if( !picImg || picImg.parentNode.nodeName === "NOSCRIPT" ){
						picImg = w.document.createElement( "img" );
						var alt = ps[ i ].getAttribute( "data-alt" );
						if (alt !== null) {
							picImg.alt = alt;
						}
					}
					else if( matchedEl === picImg.parentNode ){
						// Skip further actions if the correct image is already in place
						continue;
					}

					picImg.src =  matchedEl.getAttribute( "data-src" );
					picImg.setAttribute("usemap", matchedEl.getAttribute("data-usemap"));
					matchedEl.appendChild( picImg );
					picImg.removeAttribute("width");
					picImg.removeAttribute("height");
				}
				else if( picImg ){
					picImg.parentNode.removeChild( picImg );
				}
			}
		}
	};

	// Run on resize and domready (w.load as a fallback)
	if( w.addEventListener ){
		w.addEventListener( "resize", w.picturefill, false );
		w.addEventListener( "DOMContentLoaded", function(){
			w.picturefill();
			// Run once only
			w.removeEventListener( "load", w.picturefill, false );
		}, false );
		w.addEventListener( "load", w.picturefill, false );
	}
	else if( w.attachEvent ){
		w.attachEvent( "onload", w.picturefill );
	}
}( this ));
</script>
<!-- Begin Template: ConfigurableContentAdaptiveImage -->

<span data-picture data-alt="" data-target="" data-usemap="" data-closest=".background-image" data-target-attribute="background-image" class="module-adaptive-image loading">
	<span class="sm" data-src="https://assets.shop.loblaws.ca/ContentMedia/rcss/marketing/2016/categoryl2s/RCSS_L2_personal_b3_en.jpg" data-usemap="-rim-sm"></span>
	<span class="sm" data-src="https://assets.shop.loblaws.ca/ContentMedia/rcss/marketing/2016/categoryl2s/RCSS_L2_personal_b3_en.jpg" data-usemap="-rim-sm-retina" data-media="(min-device-pixel-ratio: 2.0)"></span>
	<span class="md" data-src="https://assets.shop.loblaws.ca/ContentMedia/rcss/marketing/2016/categoryl2s/RCSS_L2_personal_b2_en.jpg" data-usemap="-rim-md" data-media="(min-width: 651px)"></span>
	<span class="md" data-src="https://assets.shop.loblaws.ca/ContentMedia/rcss/marketing/2016/categoryl2s/RCSS_L2_personal_b2_en.jpg" data-usemap="-rim-md-retina" data-media="(min-width: 651px) and (min-device-pixel-ratio: 2.0)"></span>
	<span class="lg" data-src="https://assets.shop.loblaws.ca/ContentMedia/rcss/marketing/2016/categoryl2s/RCSS_L2_personal_b1_en.jpg" data-usemap="-rim-lg" data-media="(min-width: 960px)"></span>
	<span class="lg" data-src="https://assets.shop.loblaws.ca/ContentMedia/rcss/marketing/2016/categoryl2s/RCSS_L2_personal_b1_en.jpg" data-usemap="-rim-lg-retina" data-media="(min-width: 960px) and (min-device-pixel-ratio: 2.0)"></span>

	<img src="https://assets.shop.loblaws.ca/ContentMedia/rcss/spacer.gif" alt="Shop Now" onError="this.onerror=null;this.src='https://assets.shop.loblaws.ca/ContentMedia/rcss/marketing/2016/categoryl2s/RCSS_L2_personal_b3_en.jpg';" />

	<!--[if (lt IE 9) & (!IEMobile)]>
		<img class="lg" src="https://assets.shop.loblaws.ca/ContentMedia/rcss/marketing/2016/categoryl2s/RCSS_L2_personal_b1_en.jpg" alt="" usemap="-rim-lg">
	<![endif]-->

</span>
<!-- End Template: ConfigurableContentAdaptiveImage -->
		</div>

		<div class="row">
			<div class="wrapper-nav-ad-var-1-large">
				<div class="promo-content-holder">
					<h3></h3>
					<p></p>

				</div>
			</div>
		</div>

	</a>
</div>
>
</div>
	</div></li><li data-level="1" class="more"
	role="menuitem"  data-auid = "medicine-and-health">
	<a class="sub-nav-link" href="/Home-%26-Lifestyle/Medicine-%26-Health/c/RCSS002006000000?navid=medicine-health" tabIndex="-1">
	        Medicine & Health<span class="more-indicator"></span>
		    </a>
	<div class="sub-nav-container sub-nav-level level-2">
	<ul class="sub-nav-links" aria-hidden="true">
		<li data-level="2" class="more"
	role="menuitem"  data-auid = "adult-health">
	<a class="sub-nav-link" href="/Home-%26-Lifestyle/Medicine-%26-Health/Adult-Health/c/RCSS002006001000?navid=adult-health" tabIndex="-1">
	        Adult Health<span class="more-indicator"></span>
		    </a>
	<div class="sub-nav-container sub-nav-level level-3">
	<ul class="sub-nav-links" aria-hidden="true">
		<li data-level="3" class=""
	role="menuitem"  data-auid = "sexual-health">
	<a class="sub-nav-link" href="/Home-%26-Lifestyle/Medicine-%26-Health/Adult-Health/Sexual-Health/c/RCSS002006001003?navid=sexual-health" tabIndex="-1">
	        Sexual Health</a>
	</li><li data-level="3" class=""
	role="menuitem"  data-auid = "incontinence-aids">
	<a class="sub-nav-link" href="/Home-%26-Lifestyle/Medicine-%26-Health/Adult-Health/Incontinence-Aids/c/RCSS002006001001?navid=incontinence-aids" tabIndex="-1">
	        Incontinence Aids</a>
	</li><li data-level="3" class=""
	role="menuitem"  data-auid = "stop-smoking-aids">
	<a class="sub-nav-link" href="/Home-%26-Lifestyle/Medicine-%26-Health/Adult-Health/Stop-Smoking-Aids/c/RCSS002006001002?navid=stop-smoking-aids" tabIndex="-1">
	        Stop Smoking Aids</a>
	</li><li data-level="3" class=""
	role="menuitem"  data-auid = "family-planning">
	<a class="sub-nav-link" href="/Home-%26-Lifestyle/Medicine-%26-Health/Adult-Health/Family-Planning/c/RCSS002006001004?navid=family-planning" tabIndex="-1">
	        Family Planning</a>
	</li><li data-level="3" class=""
	role="menuitem"  data-auid = "personal-lubricants">
	<a class="sub-nav-link" href="/Home-%26-Lifestyle/Medicine-%26-Health/Adult-Health/Personal-Lubricants/c/RCSS002006001005?navid=personal-lubricants" tabIndex="-1">
	        Personal Lubricants</a>
	</li><li class="last see-all" role="menuitem" data-level="3" data-auid = "adult-health">
			<a class="see-all-link" href="/Home-%26-Lifestyle/Medicine-%26-Health/Adult-Health/c/RCSS002006001000?navid=adult-health" tabIndex="-1" >
			    See all products</a>
		</li>
	</ul>

	</div></li><li data-level="2" class="more"
	role="menuitem"  data-auid = "allergy-and-sinus">
	<a class="sub-nav-link" href="/Home-%26-Lifestyle/Medicine-%26-Health/Allergy-%26-Sinus/c/RCSS002006002000?navid=allergy-sinus" tabIndex="-1">
	        Allergy & Sinus<span class="more-indicator"></span>
		    </a>
	<div class="sub-nav-container sub-nav-level level-3">
	<ul class="sub-nav-links" aria-hidden="true">
		<li data-level="3" class=""
	role="menuitem"  data-auid = "allergy-and-sinus-medicine">
	<a class="sub-nav-link" href="/Home-%26-Lifestyle/Medicine-%26-Health/Allergy-%26-Sinus/Allergy-%26-Sinus-Medicine/c/RCSS002006002001?navid=allergy-sinus-medicine" tabIndex="-1">
	        Allergy & Sinus Medicine</a>
	</li><li data-level="3" class=""
	role="menuitem"  data-auid = "baby-and-kids">
	<a class="sub-nav-link" href="/Home-%26-Lifestyle/Medicine-%26-Health/Allergy-%26-Sinus/Baby-%26-Kids/c/RCSS002006002004?navid=baby-kids" tabIndex="-1">
	        Baby & Kids</a>
	</li><li class="last see-all" role="menuitem" data-level="3" data-auid = "allergy-and-sinus">
			<a class="see-all-link" href="/Home-%26-Lifestyle/Medicine-%26-Health/Allergy-%26-Sinus/c/RCSS002006002000?navid=allergy-sinus" tabIndex="-1" >
			    See all products</a>
		</li>
	</ul>

	</div></li><li data-level="2" class="more"
	role="menuitem"  data-auid = "cough,-cold-and-flu">
	<a class="sub-nav-link" href="/Home-%26-Lifestyle/Medicine-%26-Health/Cough%2C-Cold-%26-Flu/c/RCSS002006003000?navid=cough-cold-flu" tabIndex="-1">
	        Cough, Cold & Flu<span class="more-indicator"></span>
		    </a>
	<div class="sub-nav-container sub-nav-level level-3">
	<ul class="sub-nav-links" aria-hidden="true">
		<li data-level="3" class=""
	role="menuitem"  data-auid = "cough-drops-and-sore-throat">
	<a class="sub-nav-link" href="/Home-%26-Lifestyle/Medicine-%26-Health/Cough%2C-Cold-%26-Flu/Cough-Drops-And-Sore-Throat/c/RCSS002006003004?navid=cough-drops-and-sore-throat" tabIndex="-1">
	        Cough Drops And Sore Throat</a>
	</li><li data-level="3" class=""
	role="menuitem"  data-auid = "adult-cold-medicine">
	<a class="sub-nav-link" href="/Home-%26-Lifestyle/Medicine-%26-Health/Cough%2C-Cold-%26-Flu/Adult-Cold-Medicine/c/RCSS002006003001?navid=adult-cold-medicine" tabIndex="-1">
	        Adult Cold Medicine</a>
	</li><li data-level="3" class=""
	role="menuitem"  data-auid = "chest-rubs">
	<a class="sub-nav-link" href="/Home-%26-Lifestyle/Medicine-%26-Health/Cough%2C-Cold-%26-Flu/Chest-Rubs/c/RCSS002006003002?navid=chest-rubs" tabIndex="-1">
	        Chest Rubs</a>
	</li><li data-level="3" class=""
	role="menuitem"  data-auid = "uv-sanitizers-and-vapour-fans">
	<a class="sub-nav-link" href="/Home-%26-Lifestyle/Medicine-%26-Health/Cough%2C-Cold-%26-Flu/Uv-Sanitizers-%26-Vapour-Fans/c/RCSS002006003009?navid=uv-sanitizers-vapour-fans" tabIndex="-1">
	        Uv Sanitizers & Vapour Fans</a>
	</li><li class="last see-all" role="menuitem" data-level="3" data-auid = "cough,-cold-and-flu">
			<a class="see-all-link" href="/Home-%26-Lifestyle/Medicine-%26-Health/Cough%2C-Cold-%26-Flu/c/RCSS002006003000?navid=cough-cold-flu" tabIndex="-1" >
			    See all products</a>
		</li>
	</ul>

	</div></li><li data-level="2" class="more"
	role="menuitem"  data-auid = "diabetes-management">
	<a class="sub-nav-link" href="/Home-%26-Lifestyle/Medicine-%26-Health/Diabetes-Management/c/RCSS002006004000?navid=diabetes-management" tabIndex="-1">
	        Diabetes Management<span class="more-indicator"></span>
		    </a>
	<div class="sub-nav-container sub-nav-level level-3">
	<ul class="sub-nav-links" aria-hidden="true">
		<li data-level="3" class=""
	role="menuitem"  data-auid = "glucose-foods">
	<a class="sub-nav-link" href="/Home-%26-Lifestyle/Medicine-%26-Health/Diabetes-Management/Glucose-Foods/c/RCSS002006004006?navid=glucose-foods" tabIndex="-1">
	        Glucose Foods</a>
	</li><li data-level="3" class=""
	role="menuitem"  data-auid = "supplements">
	<a class="sub-nav-link" href="/Home-%26-Lifestyle/Medicine-%26-Health/Diabetes-Management/Supplements/c/RCSS002006004009?navid=supplements" tabIndex="-1">
	        Supplements</a>
	</li><li data-level="3" class=""
	role="menuitem"  data-auid = "foot-and-wound-care">
	<a class="sub-nav-link" href="/Home-%26-Lifestyle/Medicine-%26-Health/Diabetes-Management/Foot-%26-Wound-Care/c/RCSS002006004005?navid=foot-wound-care" tabIndex="-1">
	        Foot & Wound Care</a>
	</li><li data-level="3" class=""
	role="menuitem"  data-auid = "sugar-free-medicines">
	<a class="sub-nav-link" href="/Home-%26-Lifestyle/Medicine-%26-Health/Diabetes-Management/Sugar-Free-Medicines/c/RCSS002006004008?navid=sugarfree-medicines" tabIndex="-1">
	        Sugar-Free Medicines</a>
	</li><li class="last see-all" role="menuitem" data-level="3" data-auid = "diabetes-management">
			<a class="see-all-link" href="/Home-%26-Lifestyle/Medicine-%26-Health/Diabetes-Management/c/RCSS002006004000?navid=diabetes-management" tabIndex="-1" >
			    See all products</a>
		</li>
	</ul>

	</div></li><li data-level="2" class="more"
	role="menuitem"  data-auid = "digestion-and-nausea">
	<a class="sub-nav-link" href="/Home-%26-Lifestyle/Medicine-%26-Health/Digestion-%26-Nausea/c/RCSS002006005000?navid=digestion-nausea" tabIndex="-1">
	        Digestion & Nausea<span class="more-indicator"></span>
		    </a>
	<div class="sub-nav-container sub-nav-level level-3">
	<ul class="sub-nav-links" aria-hidden="true">
		<li data-level="3" class=""
	role="menuitem"  data-auid = "laxatives-and-stool-softeners">
	<a class="sub-nav-link" href="/Home-%26-Lifestyle/Medicine-%26-Health/Digestion-%26-Nausea/Laxatives-%26-Stool-Softeners/c/RCSS002006005008?navid=laxatives-stool-softeners" tabIndex="-1">
	        Laxatives & Stool Softeners</a>
	</li><li data-level="3" class=""
	role="menuitem"  data-auid = "antacid-liquid">
	<a class="sub-nav-link" href="/Home-%26-Lifestyle/Medicine-%26-Health/Digestion-%26-Nausea/Antacid-Liquid/c/RCSS002006005001?navid=antacid-liquid" tabIndex="-1">
	        Antacid Liquid</a>
	</li><li data-level="3" class=""
	role="menuitem"  data-auid = "anti-diarrheals-and-gas">
	<a class="sub-nav-link" href="/Home-%26-Lifestyle/Medicine-%26-Health/Digestion-%26-Nausea/Anti-Diarrheals-%26-Gas/c/RCSS002006005003?navid=antidiarrheals-gas" tabIndex="-1">
	        Anti-Diarrheals & Gas</a>
	</li><li data-level="3" class=""
	role="menuitem"  data-auid = "nausea-and-motion-sickness">
	<a class="sub-nav-link" href="/Home-%26-Lifestyle/Medicine-%26-Health/Digestion-%26-Nausea/Nausea-%26-Motion-Sickness/c/RCSS002006005010?navid=nausea-motion-sickness" tabIndex="-1">
	        Nausea & Motion Sickness</a>
	</li><li data-level="3" class=""
	role="menuitem"  data-auid = "lactose-intolerance">
	<a class="sub-nav-link" href="/Home-%26-Lifestyle/Medicine-%26-Health/Digestion-%26-Nausea/Lactose-Intolerance/c/RCSS002006005007?navid=lactose-intolerance" tabIndex="-1">
	        Lactose Intolerance</a>
	</li><li class="last see-all" role="menuitem" data-level="3" data-auid = "digestion-and-nausea">
			<a class="see-all-link" href="/Home-%26-Lifestyle/Medicine-%26-Health/Digestion-%26-Nausea/c/RCSS002006005000?navid=digestion-nausea" tabIndex="-1" >
			    See all products</a>
		</li>
	</ul>

	</div></li><li data-level="2" class="more"
	role="menuitem"  data-auid = "first-aid">
	<a class="sub-nav-link" href="/Home-%26-Lifestyle/Medicine-%26-Health/First-Aid/c/RCSS002006006000?navid=first-aid" tabIndex="-1">
	        First Aid<span class="more-indicator"></span>
		    </a>
	<div class="sub-nav-container sub-nav-level level-3">
	<ul class="sub-nav-links" aria-hidden="true">
		<li data-level="3" class=""
	role="menuitem"  data-auid = "bandages-and-supplies">
	<a class="sub-nav-link" href="/Home-%26-Lifestyle/Medicine-%26-Health/First-Aid/Bandages-%26-Supplies/c/RCSS002006006002?navid=bandages-supplies" tabIndex="-1">
	        Bandages & Supplies</a>
	</li><li data-level="3" class=""
	role="menuitem"  data-auid = "burn-care-and-antiseptics">
	<a class="sub-nav-link" href="/Home-%26-Lifestyle/Medicine-%26-Health/First-Aid/Burn-Care-%26-Antiseptics/c/RCSS002006006003?navid=burn-care-antiseptics" tabIndex="-1">
	        Burn Care & Antiseptics</a>
	</li><li data-level="3" class=""
	role="menuitem"  data-auid = "itch-and-rash">
	<a class="sub-nav-link" href="/Home-%26-Lifestyle/Medicine-%26-Health/First-Aid/Itch-%26-Rash/c/RCSS002006006008?navid=itch-rash" tabIndex="-1">
	        Itch & Rash</a>
	</li><li data-level="3" class=""
	role="menuitem"  data-auid = "supports-and-braces">
	<a class="sub-nav-link" href="/Home-%26-Lifestyle/Medicine-%26-Health/First-Aid/Supports-%26-Braces/c/RCSS002006006004?navid=supports-braces" tabIndex="-1">
	        Supports & Braces</a>
	</li><li data-level="3" class=""
	role="menuitem"  data-auid = "thermometers-and-hot-and-cold-help">
	<a class="sub-nav-link" href="/Home-%26-Lifestyle/Medicine-%26-Health/First-Aid/Thermometers-%26-Hot-%26-Cold-Help/c/RCSS002006006005?navid=thermometers-hot-cold-help" tabIndex="-1">
	        Thermometers & Hot & Cold Help</a>
	</li><li data-level="3" class=""
	role="menuitem"  data-auid = "first-aid-kits-and-supplies">
	<a class="sub-nav-link" href="/Home-%26-Lifestyle/Medicine-%26-Health/First-Aid/First-Aid-Kits-And-Supplies/c/RCSS002006006006?navid=first-aid-kits-and-supplies" tabIndex="-1">
	        First Aid Kits And Supplies</a>
	</li><li data-level="3" class=""
	role="menuitem"  data-auid = "ear-and-eye-care">
	<a class="sub-nav-link" href="/Home-%26-Lifestyle/Medicine-%26-Health/First-Aid/Ear-%26-Eye-Care/c/RCSS002006006001?navid=ear-eye-care" tabIndex="-1">
	        Ear & Eye Care</a>
	</li><li class="last see-all" role="menuitem" data-level="3" data-auid = "first-aid">
			<a class="see-all-link" href="/Home-%26-Lifestyle/Medicine-%26-Health/First-Aid/c/RCSS002006006000?navid=first-aid" tabIndex="-1" >
			    See all products</a>
		</li>
	</ul>

	</div></li><li data-level="2" class="more"
	role="menuitem"  data-auid = "foot-care">
	<a class="sub-nav-link" href="/Home-%26-Lifestyle/Medicine-%26-Health/Foot-Care/c/RCSS002006007000?navid=foot-care" tabIndex="-1">
	        Foot Care<span class="more-indicator"></span>
		    </a>
	<div class="sub-nav-container sub-nav-level level-3">
	<ul class="sub-nav-links" aria-hidden="true">
		<li data-level="3" class=""
	role="menuitem"  data-auid = "comfort-insoles-and-cushions">
	<a class="sub-nav-link" href="/Home-%26-Lifestyle/Medicine-%26-Health/Foot-Care/Comfort-Insoles-%26-Cushions/c/RCSS002006007003?navid=comfort-insoles-cushions" tabIndex="-1">
	        Comfort Insoles & Cushions</a>
	</li><li data-level="3" class=""
	role="menuitem"  data-auid = "athlete's-foot-and-antifungal">
	<a class="sub-nav-link" href="/Home-%26-Lifestyle/Medicine-%26-Health/Foot-Care/Athlete%27S-Foot-%26-Antifungal/c/RCSS002006007001?navid=athletes-foot-antifungal" tabIndex="-1">
	        Athlete'S Foot & Antifungal</a>
	</li><li data-level="3" class=""
	role="menuitem"  data-auid = "wart-remover">
	<a class="sub-nav-link" href="/Home-%26-Lifestyle/Medicine-%26-Health/Foot-Care/Wart-Remover/c/RCSS002006007010?navid=wart-remover" tabIndex="-1">
	        Wart Remover</a>
	</li><li data-level="3" class=""
	role="menuitem"  data-auid = "shoe-accessories-and-polish">
	<a class="sub-nav-link" href="/Home-%26-Lifestyle/Medicine-%26-Health/Foot-Care/Shoe-Accessories-%26-Polish/c/RCSS002006007009?navid=shoe-accessories-polish" tabIndex="-1">
	        Shoe Accessories & Polish</a>
	</li><li class="last see-all" role="menuitem" data-level="3" data-auid = "foot-care">
			<a class="see-all-link" href="/Home-%26-Lifestyle/Medicine-%26-Health/Foot-Care/c/RCSS002006007000?navid=foot-care" tabIndex="-1" >
			    See all products</a>
		</li>
	</ul>

	</div></li><li data-level="2" class="more"
	role="menuitem"  data-auid = "home-health-care">
	<a class="sub-nav-link" href="/Home-%26-Lifestyle/Medicine-%26-Health/Home-Health-Care/c/RCSS002006008000?navid=home-health-care" tabIndex="-1">
	        Home Health Care<span class="more-indicator"></span>
		    </a>
	<div class="sub-nav-container sub-nav-level level-3">
	<ul class="sub-nav-links" aria-hidden="true">
		<li data-level="3" class=""
	role="menuitem"  data-auid = "pill-cases-and-splitters">
	<a class="sub-nav-link" href="/Home-%26-Lifestyle/Medicine-%26-Health/Home-Health-Care/Pill-Cases-%26-Splitters/c/RCSS002006008004?navid=pill-cases-splitters" tabIndex="-1">
	        Pill Cases & Splitters</a>
	</li><li data-level="3" class=""
	role="menuitem"  data-auid = "canes-and-crutches">
	<a class="sub-nav-link" href="/Home-%26-Lifestyle/Medicine-%26-Health/Home-Health-Care/Canes-%26-Crutches/c/RCSS002006008003?navid=canes-crutches" tabIndex="-1">
	        Canes & Crutches</a>
	</li><li data-level="3" class=""
	role="menuitem"  data-auid = "blood-pressure-monitors">
	<a class="sub-nav-link" href="/Home-%26-Lifestyle/Medicine-%26-Health/Home-Health-Care/Blood-Pressure-Monitors/c/RCSS002006008002?navid=blood-pressure-monitors" tabIndex="-1">
	        Blood Pressure Monitors</a>
	</li><li class="last see-all" role="menuitem" data-level="3" data-auid = "home-health-care">
			<a class="see-all-link" href="/Home-%26-Lifestyle/Medicine-%26-Health/Home-Health-Care/c/RCSS002006008000?navid=home-health-care" tabIndex="-1" >
			    See all products</a>
		</li>
	</ul>

	</div></li><li data-level="2" class="more"
	role="menuitem"  data-auid = "natural-and-homeopathic">
	<a class="sub-nav-link" href="/Home-%26-Lifestyle/Medicine-%26-Health/Natural-%26-Homeopathic/c/RCSS002006009000?navid=natural-homeopathic" tabIndex="-1">
	        Natural & Homeopathic<span class="more-indicator"></span>
		    </a>
	<div class="sub-nav-container sub-nav-level level-3">
	<ul class="sub-nav-links" aria-hidden="true">
		<li data-level="3" class=""
	role="menuitem"  data-auid = "natural-allergy-and-sinus">
	<a class="sub-nav-link" href="/Home-%26-Lifestyle/Medicine-%26-Health/Natural-%26-Homeopathic/Natural-Allergy-%26-Sinus/c/RCSS002006009003?navid=natural-allergy-sinus" tabIndex="-1">
	        Natural Allergy & Sinus</a>
	</li><li data-level="3" class=""
	role="menuitem"  data-auid = "natural-pain-and-fever-relief">
	<a class="sub-nav-link" href="/Home-%26-Lifestyle/Medicine-%26-Health/Natural-%26-Homeopathic/Natural-Pain-%26-Fever-Relief/c/RCSS002006009008?navid=natural-pain-fever-relief" tabIndex="-1">
	        Natural Pain & Fever Relief</a>
	</li><li class="last see-all" role="menuitem" data-level="3" data-auid = "natural-and-homeopathic">
			<a class="see-all-link" href="/Home-%26-Lifestyle/Medicine-%26-Health/Natural-%26-Homeopathic/c/RCSS002006009000?navid=natural-homeopathic" tabIndex="-1" >
			    See all products</a>
		</li>
	</ul>

	</div></li><li data-level="2" class="more"
	role="menuitem"  data-auid = "pain-and-fever-relief">
	<a class="sub-nav-link" href="/Home-%26-Lifestyle/Medicine-%26-Health/Pain-%26-Fever-Relief/c/RCSS002006010000?navid=pain-fever-relief" tabIndex="-1">
	        Pain & Fever Relief<span class="more-indicator"></span>
		    </a>
	<div class="sub-nav-container sub-nav-level level-3">
	<ul class="sub-nav-links" aria-hidden="true">
		<li data-level="3" class=""
	role="menuitem"  data-auid = "pain-and-fever-relief-medications">
	<a class="sub-nav-link" href="/Home-%26-Lifestyle/Medicine-%26-Health/Pain-%26-Fever-Relief/Pain-%26-Fever-Relief-Medications/c/RCSS002006010007?navid=pain-fever-relief-medications" tabIndex="-1">
	        Pain & Fever Relief Medications</a>
	</li><li data-level="3" class=""
	role="menuitem"  data-auid = "children's-pain-relief">
	<a class="sub-nav-link" href="/Home-%26-Lifestyle/Medicine-%26-Health/Pain-%26-Fever-Relief/Children%27S-Pain-Relief/c/RCSS002006010002?navid=childrens-pain-relief" tabIndex="-1">
	        Children'S Pain Relief</a>
	</li><li data-level="3" class=""
	role="menuitem"  data-auid = "hemorrhoids">
	<a class="sub-nav-link" href="/Home-%26-Lifestyle/Medicine-%26-Health/Pain-%26-Fever-Relief/Hemorrhoids/c/RCSS002006010004?navid=hemorrhoids" tabIndex="-1">
	        Hemorrhoids</a>
	</li><li data-level="3" class=""
	role="menuitem"  data-auid = "arthritis-pain-relief">
	<a class="sub-nav-link" href="/Home-%26-Lifestyle/Medicine-%26-Health/Pain-%26-Fever-Relief/Arthritis-Pain-Relief/c/RCSS002006010001?navid=arthritis-pain-relief" tabIndex="-1">
	        Arthritis Pain Relief</a>
	</li><li data-level="3" class=""
	role="menuitem"  data-auid = "rubs-and-ointments">
	<a class="sub-nav-link" href="/Home-%26-Lifestyle/Medicine-%26-Health/Pain-%26-Fever-Relief/Rubs-%26-Ointments/c/RCSS002006010009?navid=rubs-ointments" tabIndex="-1">
	        Rubs & Ointments</a>
	</li><li data-level="3" class=""
	role="menuitem"  data-auid = "oral-pain-relief">
	<a class="sub-nav-link" href="/Home-%26-Lifestyle/Medicine-%26-Health/Pain-%26-Fever-Relief/Oral-Pain-Relief/c/RCSS002006010008?navid=oral-pain-relief" tabIndex="-1">
	        Oral Pain Relief</a>
	</li><li class="last see-all" role="menuitem" data-level="3" data-auid = "pain-and-fever-relief">
			<a class="see-all-link" href="/Home-%26-Lifestyle/Medicine-%26-Health/Pain-%26-Fever-Relief/c/RCSS002006010000?navid=pain-fever-relief" tabIndex="-1" >
			    See all products</a>
		</li>
	</ul>

	</div></li><li data-level="2" class="more"
	role="menuitem"  data-auid = "sleep-and-snoring-aids">
	<a class="sub-nav-link" href="/Home-%26-Lifestyle/Medicine-%26-Health/Sleep-%26-Snoring-Aids/c/RCSS002006011000?navid=sleep-snoring-aids" tabIndex="-1">
	        Sleep & Snoring Aids<span class="more-indicator"></span>
		    </a>
	<div class="sub-nav-container sub-nav-level level-3">
	<ul class="sub-nav-links" aria-hidden="true">
		<li data-level="3" class=""
	role="menuitem"  data-auid = "sleep-aids">
	<a class="sub-nav-link" href="/Home-%26-Lifestyle/Medicine-%26-Health/Sleep-%26-Snoring-Aids/Sleep-Aids/c/RCSS002006011003?navid=sleep-aids" tabIndex="-1">
	        Sleep Aids</a>
	</li><li data-level="3" class=""
	role="menuitem"  data-auid = "stimulants">
	<a class="sub-nav-link" href="/Home-%26-Lifestyle/Medicine-%26-Health/Sleep-%26-Snoring-Aids/Stimulants/c/RCSS002006011005?navid=stimulants" tabIndex="-1">
	        Stimulants</a>
	</li><li class="last see-all" role="menuitem" data-level="3" data-auid = "sleep-and-snoring-aids">
			<a class="see-all-link" href="/Home-%26-Lifestyle/Medicine-%26-Health/Sleep-%26-Snoring-Aids/c/RCSS002006011000?navid=sleep-snoring-aids" tabIndex="-1" >
			    See all products</a>
		</li>
	</ul>

	</div></li><li class="last see-all" role="menuitem" data-level="2" data-auid = "medicine-and-health">
			<a class="see-all-link" href="/Home-%26-Lifestyle/Medicine-%26-Health/c/RCSS002006000000?navid=medicine-health" tabIndex="-1" >
			    See all products</a>
		</li>
	</ul>

	<div class="wrapper-promo-ad root-promo active-promo">















<div class="partial-nav-ad-var-1-large container">
	<a href="/Home-%26-Lifestyle/Medicine-%26-Health/c/RCSS002006000000" class="promo-link" target="">

		<div class="background-image">









<script>
/*! Picturefill - Responsive Images that work today. (and mimic the proposed Picture element with span elements). Author: Scott Jehl, Filament Group, 2012 | License: MIT/GPLv2 */

(function( w ){

	// Enable strict mode
	"use strict";

	w.picturefill = function() {
		var ps = w.document.getElementsByTagName( "span" );

		// Loop the pictures
		for( var i = 0, il = ps.length; i < il; i++ ){
			if( ps[ i ].getAttribute( "data-picture" ) !== null ){

				var sources = ps[ i ].getElementsByTagName( "span" ),
					matches = [];

				// See if which sources match
				for( var j = 0, jl = sources.length; j < jl; j++ ){
					var media = sources[ j ].getAttribute( "data-media" );
					// if there's no media specified, OR w.matchMedia is supported
					if( !media || ( w.matchMedia && w.matchMedia( media ).matches ) ){
						matches.push( sources[ j ] );
					}
				}

				// Find any existing img element in the picture element
				var picImg = ps[ i ].getElementsByTagName( "img" )[ 0 ];

				if( matches.length ){
					var matchedEl = matches.pop();
					if( !picImg || picImg.parentNode.nodeName === "NOSCRIPT" ){
						picImg = w.document.createElement( "img" );
						var alt = ps[ i ].getAttribute( "data-alt" );
						if (alt !== null) {
							picImg.alt = alt;
						}
					}
					else if( matchedEl === picImg.parentNode ){
						// Skip further actions if the correct image is already in place
						continue;
					}

					picImg.src =  matchedEl.getAttribute( "data-src" );
					picImg.setAttribute("usemap", matchedEl.getAttribute("data-usemap"));
					matchedEl.appendChild( picImg );
					picImg.removeAttribute("width");
					picImg.removeAttribute("height");
				}
				else if( picImg ){
					picImg.parentNode.removeChild( picImg );
				}
			}
		}
	};

	// Run on resize and domready (w.load as a fallback)
	if( w.addEventListener ){
		w.addEventListener( "resize", w.picturefill, false );
		w.addEventListener( "DOMContentLoaded", function(){
			w.picturefill();
			// Run once only
			w.removeEventListener( "load", w.picturefill, false );
		}, false );
		w.addEventListener( "load", w.picturefill, false );
	}
	else if( w.attachEvent ){
		w.attachEvent( "onload", w.picturefill );
	}
}( this ));
</script>
<!-- Begin Template: ConfigurableContentAdaptiveImage -->

<span data-picture data-alt="" data-target="" data-usemap="" data-closest=".background-image" data-target-attribute="background-image" class="module-adaptive-image loading">
	<span class="sm" data-src="https://assets.shop.loblaws.ca/ContentMedia/rcss/marketing/2016/categoryl2s/RCSS_L2_medicine_b3_en.jpg" data-usemap="-rim-sm"></span>
	<span class="sm" data-src="https://assets.shop.loblaws.ca/ContentMedia/rcss/marketing/2016/categoryl2s/RCSS_L2_medicine_b3_en.jpg" data-usemap="-rim-sm-retina" data-media="(min-device-pixel-ratio: 2.0)"></span>
	<span class="md" data-src="https://assets.shop.loblaws.ca/ContentMedia/rcss/marketing/2016/categoryl2s/RCSS_L2_medicine_b2_en.jpg" data-usemap="-rim-md" data-media="(min-width: 651px)"></span>
	<span class="md" data-src="https://assets.shop.loblaws.ca/ContentMedia/rcss/marketing/2016/categoryl2s/RCSS_L2_medicine_b2_en.jpg" data-usemap="-rim-md-retina" data-media="(min-width: 651px) and (min-device-pixel-ratio: 2.0)"></span>
	<span class="lg" data-src="https://assets.shop.loblaws.ca/ContentMedia/rcss/marketing/2016/categoryl2s/RCSS_L2_medicine_b1_en.jpg" data-usemap="-rim-lg" data-media="(min-width: 960px)"></span>
	<span class="lg" data-src="https://assets.shop.loblaws.ca/ContentMedia/rcss/marketing/2016/categoryl2s/RCSS_L2_medicine_b1_en.jpg" data-usemap="-rim-lg-retina" data-media="(min-width: 960px) and (min-device-pixel-ratio: 2.0)"></span>

	<img src="https://assets.shop.loblaws.ca/ContentMedia/rcss/spacer.gif" alt="Shop Now" onError="this.onerror=null;this.src='https://assets.shop.loblaws.ca/ContentMedia/rcss/marketing/2016/categoryl2s/RCSS_L2_medicine_b3_en.jpg';" />

	<!--[if (lt IE 9) & (!IEMobile)]>
		<img class="lg" src="https://assets.shop.loblaws.ca/ContentMedia/rcss/marketing/2016/categoryl2s/RCSS_L2_medicine_b1_en.jpg" alt="" usemap="-rim-lg">
	<![endif]-->

</span>
<!-- End Template: ConfigurableContentAdaptiveImage -->
		</div>

		<div class="row">
			<div class="wrapper-nav-ad-var-1-large">
				<div class="promo-content-holder">
					<h3></h3>
					<p></p>

				</div>
			</div>
		</div>

	</a>
</div>
>
</div>
	</div></li><li data-level="1" class="more"
	role="menuitem"  data-auid = "diet-and-nutrition">
	<a class="sub-nav-link" href="/Home-%26-Lifestyle/Diet-%26-Nutrition/c/RCSS002007000000?navid=diet-nutrition" tabIndex="-1">
	        Diet & Nutrition<span class="more-indicator"></span>
		    </a>
	<div class="sub-nav-container sub-nav-level level-2">
	<ul class="sub-nav-links" aria-hidden="true">
		<li data-level="2" class="more"
	role="menuitem"  data-auid = "vitamins">
	<a class="sub-nav-link" href="/Home-%26-Lifestyle/Diet-%26-Nutrition/Vitamins/c/RCSS002007001000?navid=vitamins" tabIndex="-1">
	        Vitamins<span class="more-indicator"></span>
		    </a>
	<div class="sub-nav-container sub-nav-level level-3">
	<ul class="sub-nav-links" aria-hidden="true">
		<li data-level="3" class=""
	role="menuitem"  data-auid = "vitamin-a">
	<a class="sub-nav-link" href="/Home-%26-Lifestyle/Diet-%26-Nutrition/Vitamins/Vitamin-A/c/RCSS002007001001?navid=vitamin-a" tabIndex="-1">
	        Vitamin A</a>
	</li><li data-level="3" class=""
	role="menuitem"  data-auid = "vitamin-b-and-b-complex">
	<a class="sub-nav-link" href="/Home-%26-Lifestyle/Diet-%26-Nutrition/Vitamins/Vitamin-B-%26-B-Complex/c/RCSS002007001002?navid=vitamin-b-b-complex" tabIndex="-1">
	        Vitamin B & B Complex</a>
	</li><li data-level="3" class=""
	role="menuitem"  data-auid = "vitamin-c">
	<a class="sub-nav-link" href="/Home-%26-Lifestyle/Diet-%26-Nutrition/Vitamins/Vitamin-C/c/RCSS002007001003?navid=vitamin-c" tabIndex="-1">
	        Vitamin C</a>
	</li><li data-level="3" class=""
	role="menuitem"  data-auid = "vitamin-d">
	<a class="sub-nav-link" href="/Home-%26-Lifestyle/Diet-%26-Nutrition/Vitamins/Vitamin-D/c/RCSS002007001004?navid=vitamin-d" tabIndex="-1">
	        Vitamin D</a>
	</li><li data-level="3" class=""
	role="menuitem"  data-auid = "vitamin-e">
	<a class="sub-nav-link" href="/Home-%26-Lifestyle/Diet-%26-Nutrition/Vitamins/Vitamin-E/c/RCSS002007001005?navid=vitamin-e" tabIndex="-1">
	        Vitamin E</a>
	</li><li data-level="3" class=""
	role="menuitem"  data-auid = "adult-multi-vitamins">
	<a class="sub-nav-link" href="/Home-%26-Lifestyle/Diet-%26-Nutrition/Vitamins/Adult-Multi-Vitamins/c/RCSS002007001006?navid=adult-multi-vitamins" tabIndex="-1">
	        Adult Multi Vitamins</a>
	</li><li data-level="3" class=""
	role="menuitem"  data-auid = "eye-health-vitamins">
	<a class="sub-nav-link" href="/Home-%26-Lifestyle/Diet-%26-Nutrition/Vitamins/Eye-Health-Vitamins/c/RCSS002007001007?navid=eye-health-vitamins" tabIndex="-1">
	        Eye Health Vitamins</a>
	</li><li data-level="3" class=""
	role="menuitem"  data-auid = "prenatal-multivitamins">
	<a class="sub-nav-link" href="/Home-%26-Lifestyle/Diet-%26-Nutrition/Vitamins/Prenatal-Multivitamins/c/RCSS002007001008?navid=prenatal-multivitamins" tabIndex="-1">
	        Prenatal Multivitamins</a>
	</li><li data-level="3" class=""
	role="menuitem"  data-auid = "powder-multivitamins">
	<a class="sub-nav-link" href="/Home-%26-Lifestyle/Diet-%26-Nutrition/Vitamins/Powder-Multivitamins/c/RCSS002007001010?navid=powder-multivitamins" tabIndex="-1">
	        Powder Multivitamins</a>
	</li><li class="last see-all" role="menuitem" data-level="3" data-auid = "vitamins">
			<a class="see-all-link" href="/Home-%26-Lifestyle/Diet-%26-Nutrition/Vitamins/c/RCSS002007001000?navid=vitamins" tabIndex="-1" >
			    See all products</a>
		</li>
	</ul>

	</div></li><li data-level="2" class="more"
	role="menuitem"  data-auid = "minerals">
	<a class="sub-nav-link" href="/Home-%26-Lifestyle/Diet-%26-Nutrition/Minerals/c/RCSS002007002000?navid=minerals" tabIndex="-1">
	        Minerals<span class="more-indicator"></span>
		    </a>
	<div class="sub-nav-container sub-nav-level level-3">
	<ul class="sub-nav-links" aria-hidden="true">
		<li data-level="3" class=""
	role="menuitem"  data-auid = "calcium">
	<a class="sub-nav-link" href="/Home-%26-Lifestyle/Diet-%26-Nutrition/Minerals/Calcium/c/RCSS002007002001?navid=calcium" tabIndex="-1">
	        Calcium</a>
	</li><li data-level="3" class=""
	role="menuitem"  data-auid = "chromium">
	<a class="sub-nav-link" href="/Home-%26-Lifestyle/Diet-%26-Nutrition/Minerals/Chromium/c/RCSS002007002006?navid=chromium" tabIndex="-1">
	        Chromium</a>
	</li><li data-level="3" class=""
	role="menuitem"  data-auid = "magnesium">
	<a class="sub-nav-link" href="/Home-%26-Lifestyle/Diet-%26-Nutrition/Minerals/Magnesium/c/RCSS002007002002?navid=magnesium" tabIndex="-1">
	        Magnesium</a>
	</li><li data-level="3" class=""
	role="menuitem"  data-auid = "potassium">
	<a class="sub-nav-link" href="/Home-%26-Lifestyle/Diet-%26-Nutrition/Minerals/Potassium/c/RCSS002007002003?navid=potassium" tabIndex="-1">
	        Potassium</a>
	</li><li data-level="3" class=""
	role="menuitem"  data-auid = "selenium">
	<a class="sub-nav-link" href="/Home-%26-Lifestyle/Diet-%26-Nutrition/Minerals/Selenium/c/RCSS002007002004?navid=selenium" tabIndex="-1">
	        Selenium</a>
	</li><li data-level="3" class=""
	role="menuitem"  data-auid = "zinc">
	<a class="sub-nav-link" href="/Home-%26-Lifestyle/Diet-%26-Nutrition/Minerals/Zinc/c/RCSS002007002005?navid=zinc" tabIndex="-1">
	        Zinc</a>
	</li><li class="last see-all" role="menuitem" data-level="3" data-auid = "minerals">
			<a class="see-all-link" href="/Home-%26-Lifestyle/Diet-%26-Nutrition/Minerals/c/RCSS002007002000?navid=minerals" tabIndex="-1" >
			    See all products</a>
		</li>
	</ul>

	</div></li><li data-level="2" class="more"
	role="menuitem"  data-auid = "diet-and-weight-supplements">
	<a class="sub-nav-link" href="/Home-%26-Lifestyle/Diet-%26-Nutrition/Diet-%26-Weight-Supplements/c/RCSS002007005000?navid=diet-weight-supplements" tabIndex="-1">
	        Diet & Weight Supplements<span class="more-indicator"></span>
		    </a>
	<div class="sub-nav-container sub-nav-level level-3">
	<ul class="sub-nav-links" aria-hidden="true">
		<li data-level="3" class=""
	role="menuitem"  data-auid = "bars-and-snacks">
	<a class="sub-nav-link" href="/Home-%26-Lifestyle/Diet-%26-Nutrition/Diet-%26-Weight-Supplements/Bars-%26-Snacks/c/RCSS002007005001?navid=bars-snacks" tabIndex="-1">
	        Bars & Snacks</a>
	</li><li data-level="3" class=""
	role="menuitem"  data-auid = "powders">
	<a class="sub-nav-link" href="/Home-%26-Lifestyle/Diet-%26-Nutrition/Diet-%26-Weight-Supplements/Powders/c/RCSS002007005002?navid=powders" tabIndex="-1">
	        Powders</a>
	</li><li data-level="3" class=""
	role="menuitem"  data-auid = "ready-to-drink">
	<a class="sub-nav-link" href="/Home-%26-Lifestyle/Diet-%26-Nutrition/Diet-%26-Weight-Supplements/Ready-To-Drink/c/RCSS002007005003?navid=ready-to-drink" tabIndex="-1">
	        Ready To Drink</a>
	</li><li data-level="3" class=""
	role="menuitem"  data-auid = "supplements">
	<a class="sub-nav-link" href="/Home-%26-Lifestyle/Diet-%26-Nutrition/Diet-%26-Weight-Supplements/Supplements/c/RCSS002007005004?navid=supplements" tabIndex="-1">
	        Supplements</a>
	</li><li data-level="3" class=""
	role="menuitem"  data-auid = "meal-replacements">
	<a class="sub-nav-link" href="/Home-%26-Lifestyle/Diet-%26-Nutrition/Diet-%26-Weight-Supplements/Meal-Replacements/c/RCSS002007005005?navid=meal-replacements" tabIndex="-1">
	        Meal Replacements</a>
	</li><li class="last see-all" role="menuitem" data-level="3" data-auid = "diet-and-weight-supplements">
			<a class="see-all-link" href="/Home-%26-Lifestyle/Diet-%26-Nutrition/Diet-%26-Weight-Supplements/c/RCSS002007005000?navid=diet-weight-supplements" tabIndex="-1" >
			    See all products</a>
		</li>
	</ul>

	</div></li><li data-level="2" class=""
	role="menuitem"  data-auid = "fish-oils-and-omegas">
	<a class="sub-nav-link" href="/Home-%26-Lifestyle/Diet-%26-Nutrition/Fish-Oils-%26-Omegas/c/RCSS002007011000?navid=fish-oils-omegas" tabIndex="-1">
	        Fish Oils & Omegas</a>
	</li><li data-level="2" class="more"
	role="menuitem"  data-auid = "herbal-and-natural-supplements">
	<a class="sub-nav-link" href="/Home-%26-Lifestyle/Diet-%26-Nutrition/Herbal-%26-Natural-Supplements/c/RCSS002007003000?navid=herbal-natural-supplements" tabIndex="-1">
	        Herbal & Natural Supplements<span class="more-indicator"></span>
		    </a>
	<div class="sub-nav-container sub-nav-level level-3">
	<ul class="sub-nav-links" aria-hidden="true">
		<li data-level="3" class=""
	role="menuitem"  data-auid = "antioxidant">
	<a class="sub-nav-link" href="/Home-%26-Lifestyle/Diet-%26-Nutrition/Herbal-%26-Natural-Supplements/Antioxidant/c/RCSS002007003001?navid=antioxidant" tabIndex="-1">
	        Antioxidant</a>
	</li><li data-level="3" class=""
	role="menuitem"  data-auid = "joint-and-glucosamine">
	<a class="sub-nav-link" href="/Home-%26-Lifestyle/Diet-%26-Nutrition/Herbal-%26-Natural-Supplements/Joint-%26-Glucosamine/c/RCSS002007003008?navid=joint-glucosamine" tabIndex="-1">
	        Joint & Glucosamine</a>
	</li><li data-level="3" class=""
	role="menuitem"  data-auid = "digestive">
	<a class="sub-nav-link" href="/Home-%26-Lifestyle/Diet-%26-Nutrition/Herbal-%26-Natural-Supplements/Digestive/c/RCSS002007003003?navid=digestive" tabIndex="-1">
	        Digestive</a>
	</li><li data-level="3" class=""
	role="menuitem"  data-auid = "fish-oils-and-omegas">
	<a class="sub-nav-link" href="/Home-%26-Lifestyle/Diet-%26-Nutrition/Herbal-%26-Natural-Supplements/Fish-Oils-%26-Omegas/c/RCSS002007003006?navid=fish-oils-omegas" tabIndex="-1">
	        Fish Oils & Omegas</a>
	</li><li data-level="3" class=""
	role="menuitem"  data-auid = "garlic,-ginkgo-and-ginseng">
	<a class="sub-nav-link" href="/Home-%26-Lifestyle/Diet-%26-Nutrition/Herbal-%26-Natural-Supplements/Garlic%2C-Ginkgo-%26-Ginseng/c/RCSS002007003007?navid=garlic-ginkgo-ginseng" tabIndex="-1">
	        Garlic, Ginkgo & Ginseng</a>
	</li><li data-level="3" class=""
	role="menuitem"  data-auid = "herbal-alternatives">
	<a class="sub-nav-link" href="/Home-%26-Lifestyle/Diet-%26-Nutrition/Herbal-%26-Natural-Supplements/Herbal-Alternatives/c/RCSS002007003009?navid=herbal-alternatives" tabIndex="-1">
	        Herbal Alternatives</a>
	</li><li data-level="3" class=""
	role="menuitem"  data-auid = "echinacea">
	<a class="sub-nav-link" href="/Home-%26-Lifestyle/Diet-%26-Nutrition/Herbal-%26-Natural-Supplements/Echinacea/c/RCSS002007003004?navid=echinacea" tabIndex="-1">
	        Echinacea</a>
	</li><li data-level="3" class=""
	role="menuitem"  data-auid = "coq10">
	<a class="sub-nav-link" href="/Home-%26-Lifestyle/Diet-%26-Nutrition/Herbal-%26-Natural-Supplements/Coq10/c/RCSS002007003002?navid=coq10" tabIndex="-1">
	        Coq10</a>
	</li><li data-level="3" class=""
	role="menuitem"  data-auid = "evening-primrose-oil">
	<a class="sub-nav-link" href="/Home-%26-Lifestyle/Diet-%26-Nutrition/Herbal-%26-Natural-Supplements/Evening-Primrose-Oil/c/RCSS002007003005?navid=evening-primrose-oil" tabIndex="-1">
	        Evening Primrose Oil</a>
	</li><li data-level="3" class=""
	role="menuitem"  data-auid = "valerian-and-melatonin">
	<a class="sub-nav-link" href="/Home-%26-Lifestyle/Diet-%26-Nutrition/Herbal-%26-Natural-Supplements/Valerian-%26-Melatonin/c/RCSS002007003010?navid=valerian-melatonin" tabIndex="-1">
	        Valerian & Melatonin</a>
	</li><li class="last see-all" role="menuitem" data-level="3" data-auid = "herbal-and-natural-supplements">
			<a class="see-all-link" href="/Home-%26-Lifestyle/Diet-%26-Nutrition/Herbal-%26-Natural-Supplements/c/RCSS002007003000?navid=herbal-natural-supplements" tabIndex="-1" >
			    See all products</a>
		</li>
	</ul>

	</div></li><li data-level="2" class=""
	role="menuitem"  data-auid = "probiotics">
	<a class="sub-nav-link" href="/Home-%26-Lifestyle/Diet-%26-Nutrition/Probiotics/c/RCSS002007009000?navid=probiotics" tabIndex="-1">
	        Probiotics</a>
	</li><li data-level="2" class="more"
	role="menuitem"  data-auid = "sports-nutrition">
	<a class="sub-nav-link" href="/Home-%26-Lifestyle/Diet-%26-Nutrition/Sports-Nutrition/c/RCSS002007004000?navid=sports-nutrition" tabIndex="-1">
	        Sports Nutrition<span class="more-indicator"></span>
		    </a>
	<div class="sub-nav-container sub-nav-level level-3">
	<ul class="sub-nav-links" aria-hidden="true">
		<li data-level="3" class=""
	role="menuitem"  data-auid = "protein-powders">
	<a class="sub-nav-link" href="/Home-%26-Lifestyle/Diet-%26-Nutrition/Sports-Nutrition/Protein-Powders/c/RCSS002007004003?navid=protein-powders" tabIndex="-1">
	        Protein Powders</a>
	</li><li data-level="3" class=""
	role="menuitem"  data-auid = "sports-bars">
	<a class="sub-nav-link" href="/Home-%26-Lifestyle/Diet-%26-Nutrition/Sports-Nutrition/Sports-Bars/c/RCSS002007004001?navid=sports-bars" tabIndex="-1">
	        Sports Bars</a>
	</li><li data-level="3" class=""
	role="menuitem"  data-auid = "supplements">
	<a class="sub-nav-link" href="/Home-%26-Lifestyle/Diet-%26-Nutrition/Sports-Nutrition/Supplements/c/RCSS002007004004?navid=supplements" tabIndex="-1">
	        Supplements</a>
	</li><li class="last see-all" role="menuitem" data-level="3" data-auid = "sports-nutrition">
			<a class="see-all-link" href="/Home-%26-Lifestyle/Diet-%26-Nutrition/Sports-Nutrition/c/RCSS002007004000?navid=sports-nutrition" tabIndex="-1" >
			    See all products</a>
		</li>
	</ul>

	</div></li><li data-level="2" class=""
	role="menuitem"  data-auid = "for-men">
	<a class="sub-nav-link" href="/Home-%26-Lifestyle/Diet-%26-Nutrition/For-Men/c/RCSS002007007000?navid=for-men" tabIndex="-1">
	        For Men</a>
	</li><li data-level="2" class="more"
	role="menuitem"  data-auid = "for-women">
	<a class="sub-nav-link" href="/Home-%26-Lifestyle/Diet-%26-Nutrition/For-Women/c/RCSS002007006000?navid=for-women" tabIndex="-1">
	        For Women<span class="more-indicator"></span>
		    </a>
	<div class="sub-nav-container sub-nav-level level-3">
	<ul class="sub-nav-links" aria-hidden="true">
		<li data-level="3" class=""
	role="menuitem"  data-auid = "menopause-and-hormone-balance">
	<a class="sub-nav-link" href="/Home-%26-Lifestyle/Diet-%26-Nutrition/For-Women/Menopause-%26-Hormone-Balance/c/RCSS002007006002?navid=menopause-hormone-balance" tabIndex="-1">
	        Menopause & Hormone Balance</a>
	</li><li data-level="3" class=""
	role="menuitem"  data-auid = "pms">
	<a class="sub-nav-link" href="/Home-%26-Lifestyle/Diet-%26-Nutrition/For-Women/PMS/c/RCSS002007006003?navid=pms" tabIndex="-1">
	        PMS</a>
	</li><li data-level="3" class=""
	role="menuitem"  data-auid = "prenatal-multivitamins">
	<a class="sub-nav-link" href="/Home-%26-Lifestyle/Diet-%26-Nutrition/For-Women/Prenatal-Multivitamins/c/RCSS002007006004?navid=prenatal-multivitamins" tabIndex="-1">
	        Prenatal Multivitamins</a>
	</li><li data-level="3" class=""
	role="menuitem"  data-auid = "women's-multivitamins">
	<a class="sub-nav-link" href="/Home-%26-Lifestyle/Diet-%26-Nutrition/For-Women/Women%27s-Multivitamins/c/RCSS002007006006?navid=womens-multivitamins" tabIndex="-1">
	        Women's Multivitamins</a>
	</li><li class="last see-all" role="menuitem" data-level="3" data-auid = "for-women">
			<a class="see-all-link" href="/Home-%26-Lifestyle/Diet-%26-Nutrition/For-Women/c/RCSS002007006000?navid=for-women" tabIndex="-1" >
			    See all products</a>
		</li>
	</ul>

	</div></li><li data-level="2" class=""
	role="menuitem"  data-auid = "for-childrens">
	<a class="sub-nav-link" href="/Home-%26-Lifestyle/Diet-%26-Nutrition/For-Childrens/c/RCSS002007008000?navid=for-childrens" tabIndex="-1">
	        For Childrens</a>
	</li><li class="last see-all" role="menuitem" data-level="2" data-auid = "diet-and-nutrition">
			<a class="see-all-link" href="/Home-%26-Lifestyle/Diet-%26-Nutrition/c/RCSS002007000000?navid=diet-nutrition" tabIndex="-1" >
			    See all products</a>
		</li>
	</ul>

	<div class="wrapper-promo-ad root-promo active-promo">















<div class="partial-nav-ad-var-1-large container">
	<a href="/Home-%26-Lifestyle/Diet-%26-Nutrition/c/RCSS002007000000" class="promo-link" target="">

		<div class="background-image">









<script>
/*! Picturefill - Responsive Images that work today. (and mimic the proposed Picture element with span elements). Author: Scott Jehl, Filament Group, 2012 | License: MIT/GPLv2 */

(function( w ){

	// Enable strict mode
	"use strict";

	w.picturefill = function() {
		var ps = w.document.getElementsByTagName( "span" );

		// Loop the pictures
		for( var i = 0, il = ps.length; i < il; i++ ){
			if( ps[ i ].getAttribute( "data-picture" ) !== null ){

				var sources = ps[ i ].getElementsByTagName( "span" ),
					matches = [];

				// See if which sources match
				for( var j = 0, jl = sources.length; j < jl; j++ ){
					var media = sources[ j ].getAttribute( "data-media" );
					// if there's no media specified, OR w.matchMedia is supported
					if( !media || ( w.matchMedia && w.matchMedia( media ).matches ) ){
						matches.push( sources[ j ] );
					}
				}

				// Find any existing img element in the picture element
				var picImg = ps[ i ].getElementsByTagName( "img" )[ 0 ];

				if( matches.length ){
					var matchedEl = matches.pop();
					if( !picImg || picImg.parentNode.nodeName === "NOSCRIPT" ){
						picImg = w.document.createElement( "img" );
						var alt = ps[ i ].getAttribute( "data-alt" );
						if (alt !== null) {
							picImg.alt = alt;
						}
					}
					else if( matchedEl === picImg.parentNode ){
						// Skip further actions if the correct image is already in place
						continue;
					}

					picImg.src =  matchedEl.getAttribute( "data-src" );
					picImg.setAttribute("usemap", matchedEl.getAttribute("data-usemap"));
					matchedEl.appendChild( picImg );
					picImg.removeAttribute("width");
					picImg.removeAttribute("height");
				}
				else if( picImg ){
					picImg.parentNode.removeChild( picImg );
				}
			}
		}
	};

	// Run on resize and domready (w.load as a fallback)
	if( w.addEventListener ){
		w.addEventListener( "resize", w.picturefill, false );
		w.addEventListener( "DOMContentLoaded", function(){
			w.picturefill();
			// Run once only
			w.removeEventListener( "load", w.picturefill, false );
		}, false );
		w.addEventListener( "load", w.picturefill, false );
	}
	else if( w.attachEvent ){
		w.attachEvent( "onload", w.picturefill );
	}
}( this ));
</script>
<!-- Begin Template: ConfigurableContentAdaptiveImage -->

<span data-picture data-alt="" data-target="" data-usemap="" data-closest=".background-image" data-target-attribute="background-image" class="module-adaptive-image loading">
	<span class="sm" data-src="https://assets.shop.loblaws.ca/ContentMedia/rcss/marketing/2016/categoryl2s/RCSS_L2-categories_diet%26nutrition_b3_en.jpg" data-usemap="-rim-sm"></span>
	<span class="sm" data-src="https://assets.shop.loblaws.ca/ContentMedia/rcss/marketing/2016/categoryl2s/RCSS_L2-categories_diet%26nutrition_b3_en.jpg" data-usemap="-rim-sm-retina" data-media="(min-device-pixel-ratio: 2.0)"></span>
	<span class="md" data-src="https://assets.shop.loblaws.ca/ContentMedia/rcss/marketing/2016/categoryl2s/RCSS_L2-categories_diet%26nutrition_b2_en.jpg" data-usemap="-rim-md" data-media="(min-width: 651px)"></span>
	<span class="md" data-src="https://assets.shop.loblaws.ca/ContentMedia/rcss/marketing/2016/categoryl2s/RCSS_L2-categories_diet%26nutrition_b2_en.jpg" data-usemap="-rim-md-retina" data-media="(min-width: 651px) and (min-device-pixel-ratio: 2.0)"></span>
	<span class="lg" data-src="https://assets.shop.loblaws.ca/ContentMedia/rcss/marketing/2016/categoryl2s/RCSS_L2-categories_diet%26nutrition_b1_en.jpg" data-usemap="-rim-lg" data-media="(min-width: 960px)"></span>
	<span class="lg" data-src="https://assets.shop.loblaws.ca/ContentMedia/rcss/marketing/2016/categoryl2s/RCSS_L2-categories_diet%26nutrition_b1_en.jpg" data-usemap="-rim-lg-retina" data-media="(min-width: 960px) and (min-device-pixel-ratio: 2.0)"></span>

	<img src="https://assets.shop.loblaws.ca/ContentMedia/rcss/spacer.gif" alt="Shop Now" onError="this.onerror=null;this.src='https://assets.shop.loblaws.ca/ContentMedia/rcss/marketing/2016/categoryl2s/RCSS_L2-categories_diet%26nutrition_b3_en.jpg';" />

	<!--[if (lt IE 9) & (!IEMobile)]>
		<img class="lg" src="https://assets.shop.loblaws.ca/ContentMedia/rcss/marketing/2016/categoryl2s/RCSS_L2-categories_diet%26nutrition_b1_en.jpg" alt="" usemap="-rim-lg">
	<![endif]-->

</span>
<!-- End Template: ConfigurableContentAdaptiveImage -->
		</div>

		<div class="row">
			<div class="wrapper-nav-ad-var-1-large">
				<div class="promo-content-holder">
					<h3></h3>
					<p></p>

				</div>
			</div>
		</div>

	</a>
</div>
>
</div>
	</div></li><li data-level="1" class="more"
	role="menuitem"  data-auid = "home-and-outdoors">
	<a class="sub-nav-link" href="/Home-%26-Lifestyle/Home-%26-Outdoors/c/RCSS002009000000?navid=home-outdoors" tabIndex="-1">
	        Home & Outdoors<span class="more-indicator"></span>
		    </a>
	<div class="sub-nav-container sub-nav-level level-2">
	<ul class="sub-nav-links" aria-hidden="true">
		<li data-level="2" class="more"
	role="menuitem"  data-auid = "furniture">
	<a class="sub-nav-link" href="/Home-%26-Lifestyle/Home-%26-Outdoors/Furniture/c/RCSS002009006000?navid=furniture" tabIndex="-1">
	        Furniture<span class="more-indicator"></span>
		    </a>
	<div class="sub-nav-container sub-nav-level level-3">
	<ul class="sub-nav-links" aria-hidden="true">
		<li data-level="3" class=""
	role="menuitem"  data-auid = "storage-and-organization">
	<a class="sub-nav-link" href="/Home-%26-Lifestyle/Home-%26-Outdoors/Furniture/Storage-%26-Organization/c/RCSS002009006008?navid=storage-organization" tabIndex="-1">
	        Storage & Organization</a>
	</li><li class="last see-all" role="menuitem" data-level="3" data-auid = "furniture">
			<a class="see-all-link" href="/Home-%26-Lifestyle/Home-%26-Outdoors/Furniture/c/RCSS002009006000?navid=furniture" tabIndex="-1" >
			    See all products</a>
		</li>
	</ul>

	</div></li><li data-level="2" class="more"
	role="menuitem"  data-auid = "tools-and-hardware">
	<a class="sub-nav-link" href="/Home-%26-Lifestyle/Home-%26-Outdoors/Tools-%26-Hardware/c/RCSS002009008000?navid=tools-hardware" tabIndex="-1">
	        Tools & Hardware<span class="more-indicator"></span>
		    </a>
	<div class="sub-nav-container sub-nav-level level-3">
	<ul class="sub-nav-links" aria-hidden="true">
		<li data-level="3" class=""
	role="menuitem"  data-auid = "accessories-and-gear">
	<a class="sub-nav-link" href="/Home-%26-Lifestyle/Home-%26-Outdoors/Tools-%26-Hardware/Accessories-%26-Gear/c/RCSS002009008006?navid=accessories-gear" tabIndex="-1">
	        Accessories & Gear</a>
	</li><li data-level="3" class=""
	role="menuitem"  data-auid = "hand-and-power-tools">
	<a class="sub-nav-link" href="/Home-%26-Lifestyle/Home-%26-Outdoors/Tools-%26-Hardware/Hand-%26-Power-Tools/c/RCSS002009008003?navid=hand-power-tools" tabIndex="-1">
	        Hand & Power Tools</a>
	</li><li data-level="3" class=""
	role="menuitem"  data-auid = "safety-gear-and-equipment">
	<a class="sub-nav-link" href="/Home-%26-Lifestyle/Home-%26-Outdoors/Tools-%26-Hardware/Safety-Gear-%26-Equipment/c/RCSS002009008005?navid=safety-gear-equipment" tabIndex="-1">
	        Safety Gear & Equipment</a>
	</li><li class="last see-all" role="menuitem" data-level="3" data-auid = "tools-and-hardware">
			<a class="see-all-link" href="/Home-%26-Lifestyle/Home-%26-Outdoors/Tools-%26-Hardware/c/RCSS002009008000?navid=tools-hardware" tabIndex="-1" >
			    See all products</a>
		</li>
	</ul>

	</div></li><li data-level="2" class="more"
	role="menuitem"  data-auid = "lighting">
	<a class="sub-nav-link" href="/Home-%26-Lifestyle/Home-%26-Outdoors/Lighting/c/RCSS002009009000?navid=lighting" tabIndex="-1">
	        Lighting<span class="more-indicator"></span>
		    </a>
	<div class="sub-nav-container sub-nav-level level-3">
	<ul class="sub-nav-links" aria-hidden="true">
		<li data-level="3" class=""
	role="menuitem"  data-auid = "wall-fixtures">
	<a class="sub-nav-link" href="/Home-%26-Lifestyle/Home-%26-Outdoors/Lighting/Wall-Fixtures/c/RCSS002009009009?navid=wall-fixtures" tabIndex="-1">
	        Wall Fixtures</a>
	</li><li class="last see-all" role="menuitem" data-level="3" data-auid = "lighting">
			<a class="see-all-link" href="/Home-%26-Lifestyle/Home-%26-Outdoors/Lighting/c/RCSS002009009000?navid=lighting" tabIndex="-1" >
			    See all products</a>
		</li>
	</ul>

	</div></li><li data-level="2" class="more"
	role="menuitem"  data-auid = "automotive">
	<a class="sub-nav-link" href="/Home-%26-Lifestyle/Home-%26-Outdoors/Automotive/c/RCSS002009010000?navid=automotive" tabIndex="-1">
	        Automotive<span class="more-indicator"></span>
		    </a>
	<div class="sub-nav-container sub-nav-level level-3">
	<ul class="sub-nav-links" aria-hidden="true">
		<li data-level="3" class=""
	role="menuitem"  data-auid = "interior-and-auto-accessories">
	<a class="sub-nav-link" href="/Home-%26-Lifestyle/Home-%26-Outdoors/Automotive/Interior-%26-Auto-Accessories/c/RCSS002009010007?navid=interior-auto-accessories" tabIndex="-1">
	        Interior & Auto Accessories</a>
	</li><li class="last see-all" role="menuitem" data-level="3" data-auid = "automotive">
			<a class="see-all-link" href="/Home-%26-Lifestyle/Home-%26-Outdoors/Automotive/c/RCSS002009010000?navid=automotive" tabIndex="-1" >
			    See all products</a>
		</li>
	</ul>

	</div></li><li data-level="2" class="more"
	role="menuitem"  data-auid = "toys">
	<a class="sub-nav-link" href="/Home-%26-Lifestyle/Home-%26-Outdoors/Toys/c/RCSS002010010000?navid=toys" tabIndex="-1">
	        Toys<span class="more-indicator"></span>
		    </a>
	<div class="sub-nav-container sub-nav-level level-3">
	<ul class="sub-nav-links" aria-hidden="true">
		<li data-level="3" class=""
	role="menuitem"  data-auid = "hobby-and-craft">
	<a class="sub-nav-link" href="/Home-%26-Lifestyle/Home-%26-Outdoors/Toys/Hobby-%26-Craft/c/RCSS002010010014?navid=hobby-craft" tabIndex="-1">
	        Hobby & Craft</a>
	</li><li data-level="3" class=""
	role="menuitem"  data-auid = "building-sets-and-blocks">
	<a class="sub-nav-link" href="/Home-%26-Lifestyle/Home-%26-Outdoors/Toys/Building-Sets-%26-Blocks/c/RCSS002010010015?navid=building-sets-blocks" tabIndex="-1">
	        Building Sets & Blocks</a>
	</li><li data-level="3" class=""
	role="menuitem"  data-auid = "dolls-and-accessories">
	<a class="sub-nav-link" href="/Home-%26-Lifestyle/Home-%26-Outdoors/Toys/Dolls-%26-Accessories/c/RCSS002010010017?navid=dolls-accessories" tabIndex="-1">
	        Dolls & Accessories</a>
	</li><li data-level="3" class=""
	role="menuitem"  data-auid = "plush-stuffed-animals-and-toys">
	<a class="sub-nav-link" href="/Home-%26-Lifestyle/Home-%26-Outdoors/Toys/Plush-Stuffed-Animals-%26-Toys/c/RCSS002010010018?navid=plush-stuffed-animals-toys" tabIndex="-1">
	        Plush Stuffed Animals & Toys</a>
	</li><li data-level="3" class=""
	role="menuitem"  data-auid = "games">
	<a class="sub-nav-link" href="/Home-%26-Lifestyle/Home-%26-Outdoors/Toys/Games/c/RCSS002010010019?navid=games" tabIndex="-1">
	        Games</a>
	</li><li data-level="3" class=""
	role="menuitem"  data-auid = "toddler-toys">
	<a class="sub-nav-link" href="/Home-%26-Lifestyle/Home-%26-Outdoors/Toys/Toddler-Toys/c/RCSS002010010020?navid=toddler-toys" tabIndex="-1">
	        Toddler Toys</a>
	</li><li data-level="3" class=""
	role="menuitem"  data-auid = "play-vehicles">
	<a class="sub-nav-link" href="/Home-%26-Lifestyle/Home-%26-Outdoors/Toys/Play-Vehicles/c/RCSS002010010021?navid=play-vehicles" tabIndex="-1">
	        Play Vehicles</a>
	</li><li class="last see-all" role="menuitem" data-level="3" data-auid = "toys">
			<a class="see-all-link" href="/Home-%26-Lifestyle/Home-%26-Outdoors/Toys/c/RCSS002010010000?navid=toys" tabIndex="-1" >
			    See all products</a>
		</li>
	</ul>

	</div></li><li data-level="2" class="more"
	role="menuitem"  data-auid = "small-kitchen-appliances">
	<a class="sub-nav-link" href="/Home-%26-Lifestyle/Home-%26-Outdoors/Small-Kitchen-Appliances/c/RCSS002009011000?navid=small-kitchen-appliances" tabIndex="-1">
	        Small Kitchen Appliances<span class="more-indicator"></span>
		    </a>
	<div class="sub-nav-container sub-nav-level level-3">
	<ul class="sub-nav-links" aria-hidden="true">
		<li data-level="3" class=""
	role="menuitem"  data-auid = "slow-cookers">
	<a class="sub-nav-link" href="/Home-%26-Lifestyle/Home-%26-Outdoors/Small-Kitchen-Appliances/Slow-Cookers/c/RCSS002009011009?navid=slow-cookers" tabIndex="-1">
	        Slow Cookers</a>
	</li><li data-level="3" class=""
	role="menuitem"  data-auid = "blenders-and-juicers">
	<a class="sub-nav-link" href="/Home-%26-Lifestyle/Home-%26-Outdoors/Small-Kitchen-Appliances/Blenders-and-Juicers/c/RCSS002009011001?navid=blenders-and-juicers" tabIndex="-1">
	        Blenders and Juicers</a>
	</li><li data-level="3" class=""
	role="menuitem"  data-auid = "food-processors-and-choppers">
	<a class="sub-nav-link" href="/Home-%26-Lifestyle/Home-%26-Outdoors/Small-Kitchen-Appliances/Food-Processors-and-Choppers/c/RCSS002009011003?navid=food-processors-and-choppers" tabIndex="-1">
	        Food Processors and Choppers</a>
	</li><li data-level="3" class=""
	role="menuitem"  data-auid = "vacuum-sealers">
	<a class="sub-nav-link" href="/Home-%26-Lifestyle/Home-%26-Outdoors/Small-Kitchen-Appliances/Vacuum-Sealers/c/RCSS002009011012?navid=vacuum-sealers" tabIndex="-1">
	        Vacuum Sealers</a>
	</li><li data-level="3" class=""
	role="menuitem"  data-auid = "toaster-ovens">
	<a class="sub-nav-link" href="/Home-%26-Lifestyle/Home-%26-Outdoors/Small-Kitchen-Appliances/Toaster-Ovens/c/RCSS002009011011?navid=toaster-ovens" tabIndex="-1">
	        Toaster Ovens</a>
	</li><li data-level="3" class=""
	role="menuitem"  data-auid = "microwaves">
	<a class="sub-nav-link" href="/Home-%26-Lifestyle/Home-%26-Outdoors/Small-Kitchen-Appliances/Microwaves/c/RCSS002009011006?navid=microwaves" tabIndex="-1">
	        Microwaves</a>
	</li><li data-level="3" class=""
	role="menuitem"  data-auid = "sandwich-and-waffle-makers">
	<a class="sub-nav-link" href="/Home-%26-Lifestyle/Home-%26-Outdoors/Small-Kitchen-Appliances/Sandwich-and-Waffle-Makers/c/RCSS002009011008?navid=sandwich-and-waffle-makers" tabIndex="-1">
	        Sandwich and Waffle Makers</a>
	</li><li data-level="3" class=""
	role="menuitem"  data-auid = "specialty-and-dessert-appliances">
	<a class="sub-nav-link" href="/Home-%26-Lifestyle/Home-%26-Outdoors/Small-Kitchen-Appliances/Specialty-and-Dessert-Appliances/c/RCSS002009011002?navid=specialty-and-dessert-appliances" tabIndex="-1">
	        Specialty and Dessert Appliances</a>
	</li><li data-level="3" class=""
	role="menuitem"  data-auid = "coffee-makers,-grinders-and-accessories">
	<a class="sub-nav-link" href="/Home-%26-Lifestyle/Home-%26-Outdoors/Small-Kitchen-Appliances/Coffee-Makers%2C-Grinders-and-Accessories/c/RCSS002009011004?navid=coffee-makers-grinders-and-accessories" tabIndex="-1">
	        Coffee Makers, Grinders and Accessories</a>
	</li><li data-level="3" class=""
	role="menuitem"  data-auid = "toasters">
	<a class="sub-nav-link" href="/Home-%26-Lifestyle/Home-%26-Outdoors/Small-Kitchen-Appliances/Toasters/c/RCSS002009011010?navid=toasters" tabIndex="-1">
	        Toasters</a>
	</li><li data-level="3" class=""
	role="menuitem"  data-auid = "kettles">
	<a class="sub-nav-link" href="/Home-%26-Lifestyle/Home-%26-Outdoors/Small-Kitchen-Appliances/Kettles/c/RCSS002009011005?navid=kettles" tabIndex="-1">
	        Kettles</a>
	</li><li data-level="3" class=""
	role="menuitem"  data-auid = "rice-cookers-and-steamers">
	<a class="sub-nav-link" href="/Home-%26-Lifestyle/Home-%26-Outdoors/Small-Kitchen-Appliances/Rice-Cookers-and-Steamers/c/RCSS002009011007?navid=rice-cookers-and-steamers" tabIndex="-1">
	        Rice Cookers and Steamers</a>
	</li><li class="last see-all" role="menuitem" data-level="3" data-auid = "small-kitchen-appliances">
			<a class="see-all-link" href="/Home-%26-Lifestyle/Home-%26-Outdoors/Small-Kitchen-Appliances/c/RCSS002009011000?navid=small-kitchen-appliances" tabIndex="-1" >
			    See all products</a>
		</li>
	</ul>

	</div></li><li data-level="2" class="more"
	role="menuitem"  data-auid = "kitchen-prep">
	<a class="sub-nav-link" href="/Home-%26-Lifestyle/Home-%26-Outdoors/Kitchen-Prep/c/RCSS002009012000?navid=kitchen-prep" tabIndex="-1">
	        Kitchen Prep<span class="more-indicator"></span>
		    </a>
	<div class="sub-nav-container sub-nav-level level-3">
	<ul class="sub-nav-links" aria-hidden="true">
		<li data-level="3" class=""
	role="menuitem"  data-auid = "knives-and-cutting-boards">
	<a class="sub-nav-link" href="/Home-%26-Lifestyle/Home-%26-Outdoors/Kitchen-Prep/Knives-and-Cutting-Boards/c/RCSS002009012007?navid=knives-and-cutting-boards" tabIndex="-1">
	        Knives and Cutting Boards</a>
	</li><li data-level="3" class=""
	role="menuitem"  data-auid = "spice-racks,-salt-and-pepper">
	<a class="sub-nav-link" href="/Home-%26-Lifestyle/Home-%26-Outdoors/Kitchen-Prep/Spice-Racks%2C-Salt-and-Pepper/c/RCSS002009012008?navid=spice-racks-salt-and-pepper" tabIndex="-1">
	        Spice Racks, Salt and Pepper</a>
	</li><li data-level="3" class=""
	role="menuitem"  data-auid = "water-and-water-filtration">
	<a class="sub-nav-link" href="/Home-%26-Lifestyle/Home-%26-Outdoors/Kitchen-Prep/Water-and-Water-Filtration/c/RCSS002009012005?navid=water-and-water-filtration" tabIndex="-1">
	        Water and Water Filtration</a>
	</li><li data-level="3" class=""
	role="menuitem"  data-auid = "kitchen-gadgets">
	<a class="sub-nav-link" href="/Home-%26-Lifestyle/Home-%26-Outdoors/Kitchen-Prep/Kitchen-Gadgets/c/RCSS002009012006?navid=kitchen-gadgets" tabIndex="-1">
	        Kitchen Gadgets</a>
	</li><li data-level="3" class=""
	role="menuitem"  data-auid = "lunch-kits-and-food-jars">
	<a class="sub-nav-link" href="/Home-%26-Lifestyle/Home-%26-Outdoors/Kitchen-Prep/Lunch-Kits-and-Food-Jars/c/RCSS002009012009?navid=lunch-kits-and-food-jars" tabIndex="-1">
	        Lunch Kits and Food Jars</a>
	</li><li data-level="3" class=""
	role="menuitem"  data-auid = "bakeware-and-cookware">
	<a class="sub-nav-link" href="/Home-%26-Lifestyle/Home-%26-Outdoors/Kitchen-Prep/Bakeware-and-Cookware/c/RCSS002009012001?navid=bakeware-and-cookware" tabIndex="-1">
	        Bakeware and Cookware</a>
	</li><li data-level="3" class=""
	role="menuitem"  data-auid = "refuse-and-waste-containers">
	<a class="sub-nav-link" href="/Home-%26-Lifestyle/Home-%26-Outdoors/Kitchen-Prep/Refuse-and-Waste-Containers/c/RCSS002009012002?navid=refuse-and-waste-containers" tabIndex="-1">
	        Refuse and Waste Containers</a>
	</li><li data-level="3" class=""
	role="menuitem"  data-auid = "food-storage">
	<a class="sub-nav-link" href="/Home-%26-Lifestyle/Home-%26-Outdoors/Kitchen-Prep/Food-Storage/c/RCSS002009012004?navid=food-storage" tabIndex="-1">
	        Food Storage</a>
	</li><li data-level="3" class=""
	role="menuitem"  data-auid = "drawer-organizers-and-sinkware">
	<a class="sub-nav-link" href="/Home-%26-Lifestyle/Home-%26-Outdoors/Kitchen-Prep/Drawer-Organizers-and-Sinkware/c/RCSS002009012003?navid=drawer-organizers-and-sinkware" tabIndex="-1">
	        Drawer Organizers and Sinkware</a>
	</li><li class="last see-all" role="menuitem" data-level="3" data-auid = "kitchen-prep">
			<a class="see-all-link" href="/Home-%26-Lifestyle/Home-%26-Outdoors/Kitchen-Prep/c/RCSS002009012000?navid=kitchen-prep" tabIndex="-1" >
			    See all products</a>
		</li>
	</ul>

	</div></li><li data-level="2" class="more"
	role="menuitem"  data-auid = "dining">
	<a class="sub-nav-link" href="/Home-%26-Lifestyle/Home-%26-Outdoors/Dining/c/RCSS002009013000?navid=dining" tabIndex="-1">
	        Dining<span class="more-indicator"></span>
		    </a>
	<div class="sub-nav-container sub-nav-level level-3">
	<ul class="sub-nav-links" aria-hidden="true">
		<li data-level="3" class=""
	role="menuitem"  data-auid = "dinnerware">
	<a class="sub-nav-link" href="/Home-%26-Lifestyle/Home-%26-Outdoors/Dining/Dinnerware/c/RCSS002009013003?navid=dinnerware" tabIndex="-1">
	        Dinnerware</a>
	</li><li data-level="3" class=""
	role="menuitem"  data-auid = "flatware">
	<a class="sub-nav-link" href="/Home-%26-Lifestyle/Home-%26-Outdoors/Dining/Flatware/c/RCSS002009013004?navid=flatware" tabIndex="-1">
	        Flatware</a>
	</li><li data-level="3" class=""
	role="menuitem"  data-auid = "kitchen-linens">
	<a class="sub-nav-link" href="/Home-%26-Lifestyle/Home-%26-Outdoors/Dining/Kitchen-Linens/c/RCSS002009013005?navid=kitchen-linens" tabIndex="-1">
	        Kitchen Linens</a>
	</li><li data-level="3" class=""
	role="menuitem"  data-auid = "serveware">
	<a class="sub-nav-link" href="/Home-%26-Lifestyle/Home-%26-Outdoors/Dining/Serveware/c/RCSS002009013001?navid=serveware" tabIndex="-1">
	        Serveware</a>
	</li><li data-level="3" class=""
	role="menuitem"  data-auid = "drinkware">
	<a class="sub-nav-link" href="/Home-%26-Lifestyle/Home-%26-Outdoors/Dining/Drinkware/c/RCSS002009013002?navid=drinkware" tabIndex="-1">
	        Drinkware</a>
	</li><li class="last see-all" role="menuitem" data-level="3" data-auid = "dining">
			<a class="see-all-link" href="/Home-%26-Lifestyle/Home-%26-Outdoors/Dining/c/RCSS002009013000?navid=dining" tabIndex="-1" >
			    See all products</a>
		</li>
	</ul>

	</div></li><li data-level="2" class="more"
	role="menuitem"  data-auid = "home-décor">
	<a class="sub-nav-link" href="/Home-%26-Lifestyle/Home-%26-Outdoors/Home-D%C3%A9cor/c/RCSS002009014000?navid=home-dcor" tabIndex="-1">
	        Home Décor<span class="more-indicator"></span>
		    </a>
	<div class="sub-nav-container sub-nav-level level-3">
	<ul class="sub-nav-links" aria-hidden="true">
		<li data-level="3" class=""
	role="menuitem"  data-auid = "candles">
	<a class="sub-nav-link" href="/Home-%26-Lifestyle/Home-%26-Outdoors/Home-D%C3%A9cor/Candles/c/RCSS002009014002?navid=candles" tabIndex="-1">
	        Candles</a>
	</li><li data-level="3" class=""
	role="menuitem"  data-auid = "vases-and-silks">
	<a class="sub-nav-link" href="/Home-%26-Lifestyle/Home-%26-Outdoors/Home-D%C3%A9cor/Vases-and-Silks/c/RCSS002009014008?navid=vases-and-silks" tabIndex="-1">
	        Vases and Silks</a>
	</li><li data-level="3" class=""
	role="menuitem"  data-auid = "cushions">
	<a class="sub-nav-link" href="/Home-%26-Lifestyle/Home-%26-Outdoors/Home-D%C3%A9cor/Cushions/c/RCSS002009014010?navid=cushions" tabIndex="-1">
	        Cushions</a>
	</li><li data-level="3" class=""
	role="menuitem"  data-auid = "rugs-and-doormats">
	<a class="sub-nav-link" href="/Home-%26-Lifestyle/Home-%26-Outdoors/Home-D%C3%A9cor/Rugs-and-Doormats/c/RCSS002009014006?navid=rugs-and-doormats" tabIndex="-1">
	        Rugs and Doormats</a>
	</li><li data-level="3" class=""
	role="menuitem"  data-auid = "albums-and-frames">
	<a class="sub-nav-link" href="/Home-%26-Lifestyle/Home-%26-Outdoors/Home-D%C3%A9cor/Albums-and-Frames/c/RCSS002009014001?navid=albums-and-frames" tabIndex="-1">
	        Albums and Frames</a>
	</li><li data-level="3" class=""
	role="menuitem"  data-auid = "storage">
	<a class="sub-nav-link" href="/Home-%26-Lifestyle/Home-%26-Outdoors/Home-D%C3%A9cor/Storage/c/RCSS002009014009?navid=storage" tabIndex="-1">
	        Storage</a>
	</li><li class="last see-all" role="menuitem" data-level="3" data-auid = "home-décor">
			<a class="see-all-link" href="/Home-%26-Lifestyle/Home-%26-Outdoors/Home-D%C3%A9cor/c/RCSS002009014000?navid=home-dcor" tabIndex="-1" >
			    See all products</a>
		</li>
	</ul>

	</div></li><li data-level="2" class="more"
	role="menuitem"  data-auid = "floral">
	<a class="sub-nav-link" href="/Home-%26-Lifestyle/Home-%26-Outdoors/Floral/c/RCSS002011008000?navid=floral" tabIndex="-1">
	        Floral<span class="more-indicator"></span>
		    </a>
	<div class="sub-nav-container sub-nav-level level-3">
	<ul class="sub-nav-links" aria-hidden="true">
		<li data-level="3" class=""
	role="menuitem"  data-auid = "flowering-plants">
	<a class="sub-nav-link" href="/Home-%26-Lifestyle/Home-%26-Outdoors/Floral/Flowering-Plants/c/RCSS002011008003?navid=flowering-plants" tabIndex="-1">
	        Flowering Plants</a>
	</li><li data-level="3" class=""
	role="menuitem"  data-auid = "non-flowering-potted-plants">
	<a class="sub-nav-link" href="/Home-%26-Lifestyle/Home-%26-Outdoors/Floral/Non-Flowering-Potted-Plants/c/RCSS002011008004?navid=nonflowering-potted-plants" tabIndex="-1">
	        Non-Flowering Potted Plants</a>
	</li><li class="last see-all" role="menuitem" data-level="3" data-auid = "floral">
			<a class="see-all-link" href="/Home-%26-Lifestyle/Home-%26-Outdoors/Floral/c/RCSS002011008000?navid=floral" tabIndex="-1" >
			    See all products</a>
		</li>
	</ul>

	</div></li><li data-level="2" class="more"
	role="menuitem"  data-auid = "bathroom">
	<a class="sub-nav-link" href="/Home-%26-Lifestyle/Home-%26-Outdoors/Bathroom/c/RCSS002009015000?navid=bathroom" tabIndex="-1">
	        Bathroom<span class="more-indicator"></span>
		    </a>
	<div class="sub-nav-container sub-nav-level level-3">
	<ul class="sub-nav-links" aria-hidden="true">
		<li data-level="3" class=""
	role="menuitem"  data-auid = "towels">
	<a class="sub-nav-link" href="/Home-%26-Lifestyle/Home-%26-Outdoors/Bathroom/Towels/c/RCSS002009015011?navid=towels" tabIndex="-1">
	        Towels</a>
	</li><li data-level="3" class=""
	role="menuitem"  data-auid = "shower-curtains-and-accessories">
	<a class="sub-nav-link" href="/Home-%26-Lifestyle/Home-%26-Outdoors/Bathroom/Shower-Curtains-and-Accessories/c/RCSS002009015004?navid=shower-curtains-and-accessories" tabIndex="-1">
	        Shower Curtains and Accessories</a>
	</li><li data-level="3" class=""
	role="menuitem"  data-auid = "tub-mats">
	<a class="sub-nav-link" href="/Home-%26-Lifestyle/Home-%26-Outdoors/Bathroom/Tub-Mats/c/RCSS002009015008?navid=tub-mats" tabIndex="-1">
	        Tub Mats</a>
	</li><li data-level="3" class=""
	role="menuitem"  data-auid = "bath-hardware-and-accessories">
	<a class="sub-nav-link" href="/Home-%26-Lifestyle/Home-%26-Outdoors/Bathroom/Bath-Hardware-and-Accessories/c/RCSS002009015003?navid=bath-hardware-and-accessories" tabIndex="-1">
	        Bath Hardware and Accessories</a>
	</li><li data-level="3" class=""
	role="menuitem"  data-auid = "scales">
	<a class="sub-nav-link" href="/Home-%26-Lifestyle/Home-%26-Outdoors/Bathroom/Scales/c/RCSS002009015009?navid=scales" tabIndex="-1">
	        Scales</a>
	</li><li data-level="3" class=""
	role="menuitem"  data-auid = "canisters">
	<a class="sub-nav-link" href="/Home-%26-Lifestyle/Home-%26-Outdoors/Bathroom/Canisters/c/RCSS002009015002?navid=canisters" tabIndex="-1">
	        Canisters</a>
	</li><li data-level="3" class=""
	role="menuitem"  data-auid = "bath-rugs">
	<a class="sub-nav-link" href="/Home-%26-Lifestyle/Home-%26-Outdoors/Bathroom/Bath-Rugs/c/RCSS002009015010?navid=bath-rugs" tabIndex="-1">
	        Bath Rugs</a>
	</li><li data-level="3" class=""
	role="menuitem"  data-auid = "tumblers">
	<a class="sub-nav-link" href="/Home-%26-Lifestyle/Home-%26-Outdoors/Bathroom/Tumblers/c/RCSS002009015005?navid=tumblers" tabIndex="-1">
	        Tumblers</a>
	</li><li data-level="3" class=""
	role="menuitem"  data-auid = "laundry-accessories">
	<a class="sub-nav-link" href="/Home-%26-Lifestyle/Home-%26-Outdoors/Bathroom/Laundry-Accessories/c/RCSS002009015001?navid=laundry-accessories" tabIndex="-1">
	        Laundry Accessories</a>
	</li><li data-level="3" class=""
	role="menuitem"  data-auid = "caddies">
	<a class="sub-nav-link" href="/Home-%26-Lifestyle/Home-%26-Outdoors/Bathroom/Caddies/c/RCSS002009015007?navid=caddies" tabIndex="-1">
	        Caddies</a>
	</li><li class="last see-all" role="menuitem" data-level="3" data-auid = "bathroom">
			<a class="see-all-link" href="/Home-%26-Lifestyle/Home-%26-Outdoors/Bathroom/c/RCSS002009015000?navid=bathroom" tabIndex="-1" >
			    See all products</a>
		</li>
	</ul>

	</div></li><li data-level="2" class="more"
	role="menuitem"  data-auid = "bedroom">
	<a class="sub-nav-link" href="/Home-%26-Lifestyle/Home-%26-Outdoors/Bedroom/c/RCSS002009016000?navid=bedroom" tabIndex="-1">
	        Bedroom<span class="more-indicator"></span>
		    </a>
	<div class="sub-nav-container sub-nav-level level-3">
	<ul class="sub-nav-links" aria-hidden="true">
		<li data-level="3" class=""
	role="menuitem"  data-auid = "closet-and-shelving">
	<a class="sub-nav-link" href="/Home-%26-Lifestyle/Home-%26-Outdoors/Bedroom/Closet-and-Shelving/c/RCSS002009016001?navid=closet-and-shelving" tabIndex="-1">
	        Closet and Shelving</a>
	</li><li data-level="3" class=""
	role="menuitem"  data-auid = "pillows-and-pillow-cases">
	<a class="sub-nav-link" href="/Home-%26-Lifestyle/Home-%26-Outdoors/Bedroom/Pillows-and-Pillow-Cases/c/RCSS002009016002?navid=pillows-and-pillow-cases" tabIndex="-1">
	        Pillows and Pillow Cases</a>
	</li><li data-level="3" class=""
	role="menuitem"  data-auid = "blankets-and-throws">
	<a class="sub-nav-link" href="/Home-%26-Lifestyle/Home-%26-Outdoors/Bedroom/Blankets-and-Throws/c/RCSS002009016006?navid=blankets-and-throws" tabIndex="-1">
	        Blankets and Throws</a>
	</li><li data-level="3" class=""
	role="menuitem"  data-auid = "sheets">
	<a class="sub-nav-link" href="/Home-%26-Lifestyle/Home-%26-Outdoors/Bedroom/Sheets/c/RCSS002009016003?navid=sheets" tabIndex="-1">
	        Sheets</a>
	</li><li data-level="3" class=""
	role="menuitem"  data-auid = "mattress-pads-and-protectors">
	<a class="sub-nav-link" href="/Home-%26-Lifestyle/Home-%26-Outdoors/Bedroom/Mattress-Pads-and-Protectors/c/RCSS002009016007?navid=mattress-pads-and-protectors" tabIndex="-1">
	        Mattress Pads and Protectors</a>
	</li><li data-level="3" class=""
	role="menuitem"  data-auid = "duvets-and-comforters">
	<a class="sub-nav-link" href="/Home-%26-Lifestyle/Home-%26-Outdoors/Bedroom/Duvets-and-Comforters/c/RCSS002009016004?navid=duvets-and-comforters" tabIndex="-1">
	        Duvets and Comforters</a>
	</li><li class="last see-all" role="menuitem" data-level="3" data-auid = "bedroom">
			<a class="see-all-link" href="/Home-%26-Lifestyle/Home-%26-Outdoors/Bedroom/c/RCSS002009016000?navid=bedroom" tabIndex="-1" >
			    See all products</a>
		</li>
	</ul>

	</div></li><li data-level="2" class="more"
	role="menuitem"  data-auid = "outdoor-living">
	<a class="sub-nav-link" href="/Home-%26-Lifestyle/Home-%26-Outdoors/Outdoor-Living/c/RCSS002009021000?navid=outdoor-living" tabIndex="-1">
	        Outdoor Living<span class="more-indicator"></span>
		    </a>
	<div class="sub-nav-container sub-nav-level level-3">
	<ul class="sub-nav-links" aria-hidden="true">
		<li data-level="3" class=""
	role="menuitem"  data-auid = "bbq-starters">
	<a class="sub-nav-link" href="/Home-%26-Lifestyle/Home-%26-Outdoors/Outdoor-Living/BBQ-Starters/c/RCSS002009021005?navid=bbq-starters" tabIndex="-1">
	        BBQ Starters</a>
	</li><li class="last see-all" role="menuitem" data-level="3" data-auid = "outdoor-living">
			<a class="see-all-link" href="/Home-%26-Lifestyle/Home-%26-Outdoors/Outdoor-Living/c/RCSS002009021000?navid=outdoor-living" tabIndex="-1" >
			    See all products</a>
		</li>
	</ul>

	</div></li><li class="last see-all" role="menuitem" data-level="2" data-auid = "home-and-outdoors">
			<a class="see-all-link" href="/Home-%26-Lifestyle/Home-%26-Outdoors/c/RCSS002009000000?navid=home-outdoors" tabIndex="-1" >
			    See all products</a>
		</li>
	</ul>

	<div class="wrapper-promo-ad root-promo active-promo">















<div class="partial-nav-ad-var-1-large container">
	<a href="/collections/PC%20Holiday%20Insiders/17197000000?icid=l2_holiday2018" class="promo-link" target="">

		<div class="background-image">









<script>
/*! Picturefill - Responsive Images that work today. (and mimic the proposed Picture element with span elements). Author: Scott Jehl, Filament Group, 2012 | License: MIT/GPLv2 */

(function( w ){

	// Enable strict mode
	"use strict";

	w.picturefill = function() {
		var ps = w.document.getElementsByTagName( "span" );

		// Loop the pictures
		for( var i = 0, il = ps.length; i < il; i++ ){
			if( ps[ i ].getAttribute( "data-picture" ) !== null ){

				var sources = ps[ i ].getElementsByTagName( "span" ),
					matches = [];

				// See if which sources match
				for( var j = 0, jl = sources.length; j < jl; j++ ){
					var media = sources[ j ].getAttribute( "data-media" );
					// if there's no media specified, OR w.matchMedia is supported
					if( !media || ( w.matchMedia && w.matchMedia( media ).matches ) ){
						matches.push( sources[ j ] );
					}
				}

				// Find any existing img element in the picture element
				var picImg = ps[ i ].getElementsByTagName( "img" )[ 0 ];

				if( matches.length ){
					var matchedEl = matches.pop();
					if( !picImg || picImg.parentNode.nodeName === "NOSCRIPT" ){
						picImg = w.document.createElement( "img" );
						var alt = ps[ i ].getAttribute( "data-alt" );
						if (alt !== null) {
							picImg.alt = alt;
						}
					}
					else if( matchedEl === picImg.parentNode ){
						// Skip further actions if the correct image is already in place
						continue;
					}

					picImg.src =  matchedEl.getAttribute( "data-src" );
					picImg.setAttribute("usemap", matchedEl.getAttribute("data-usemap"));
					matchedEl.appendChild( picImg );
					picImg.removeAttribute("width");
					picImg.removeAttribute("height");
				}
				else if( picImg ){
					picImg.parentNode.removeChild( picImg );
				}
			}
		}
	};

	// Run on resize and domready (w.load as a fallback)
	if( w.addEventListener ){
		w.addEventListener( "resize", w.picturefill, false );
		w.addEventListener( "DOMContentLoaded", function(){
			w.picturefill();
			// Run once only
			w.removeEventListener( "load", w.picturefill, false );
		}, false );
		w.addEventListener( "load", w.picturefill, false );
	}
	else if( w.attachEvent ){
		w.attachEvent( "onload", w.picturefill );
	}
}( this ));
</script>
<!-- Begin Template: ConfigurableContentAdaptiveImage -->

<span data-picture data-alt="" data-target="" data-usemap="" data-closest=".background-image" data-target-attribute="background-image" class="module-adaptive-image loading">
	<span class="sm" data-src="https://assets.shop.loblaws.ca/ContentMedia/rcss/marketing/2018/WK45/PC%20Insiders%20Holidays/L2/wk45_discount_l2_holidayinsiders_b3_en.png" data-usemap="-rim-sm"></span>
	<span class="sm" data-src="https://assets.shop.loblaws.ca/ContentMedia/rcss/marketing/2018/WK45/PC%20Insiders%20Holidays/L2/wk45_discount_l2_holidayinsiders_b3_en.png" data-usemap="-rim-sm-retina" data-media="(min-device-pixel-ratio: 2.0)"></span>
	<span class="md" data-src="https://assets.shop.loblaws.ca/ContentMedia/rcss/marketing/2018/WK45/PC%20Insiders%20Holidays/L2/wk45_discount_l2_holidayinsiders_b2_en.png" data-usemap="-rim-md" data-media="(min-width: 651px)"></span>
	<span class="md" data-src="https://assets.shop.loblaws.ca/ContentMedia/rcss/marketing/2018/WK45/PC%20Insiders%20Holidays/L2/wk45_discount_l2_holidayinsiders_b2_en.png" data-usemap="-rim-md-retina" data-media="(min-width: 651px) and (min-device-pixel-ratio: 2.0)"></span>
	<span class="lg" data-src="https://assets.shop.loblaws.ca/ContentMedia/rcss/marketing/2018/WK45/PC%20Insiders%20Holidays/L2/wk45_discount_l2_holidayinsiders_b1_en.png" data-usemap="-rim-lg" data-media="(min-width: 960px)"></span>
	<span class="lg" data-src="https://assets.shop.loblaws.ca/ContentMedia/rcss/marketing/2018/WK45/PC%20Insiders%20Holidays/L2/wk45_discount_l2_holidayinsiders_b1_en.png" data-usemap="-rim-lg-retina" data-media="(min-width: 960px) and (min-device-pixel-ratio: 2.0)"></span>

	<img src="https://assets.shop.loblaws.ca/ContentMedia/rcss/spacer.gif" alt="PC Insiders Collection Holiday Hits. Get Started" onError="this.onerror=null;this.src='https://assets.shop.loblaws.ca/ContentMedia/rcss/marketing/2018/WK45/PC%20Insiders%20Holidays/L2/wk45_discount_l2_holidayinsiders_b3_en.png';" />

	<!--[if (lt IE 9) & (!IEMobile)]>
		<img class="lg" src="https://assets.shop.loblaws.ca/ContentMedia/rcss/marketing/2018/WK45/PC%20Insiders%20Holidays/L2/wk45_discount_l2_holidayinsiders_b1_en.png" alt="" usemap="-rim-lg">
	<![endif]-->

</span>
<!-- End Template: ConfigurableContentAdaptiveImage -->
		</div>

		<div class="row">
			<div class="wrapper-nav-ad-var-1-large">
				<div class="promo-content-holder">
					<h3></h3>
					<p></p>

				</div>
			</div>
		</div>

	</a>
</div>
>
</div>
	</div></li><li data-level="1" class=""
	role="menuitem"  data-auid = "shop-by-brand">
	<a class="sub-nav-link" href="/collections/Shop%20By%20Brand/017042000000?icid=Home_ShopbyBrand&navid=RCSSshopbybrandhomex" tabIndex="-1">
	        Shop by Brand</a>
	</li><li class="last see-all" role="menuitem" data-level="1" data-auid = "home-and-lifestyle">
			<a class="see-all-link" href="?navid=" tabIndex="-1" >
			    See all products</a>
		</li>
	</ul>

	</div></div></li>

					<li class="nav-item "  role="menuitem" data-hide-close-btn="true" data-auid = "flyer-and-deals">
	<a href="/deals/flyer?navid=flyer-deal" class="nav-item-link " >
				Flyer & Deals</a>
		</li>

					<li class="nav-item "  role="menuitem" data-auid = "recipes-and-ideas"  >
	<a href="/inspire?navid=recipes" class="nav-item-link " >
				Recipes & Ideas</a>
		</li>

					<li class="nav-item has-sub-nav listener-clickoutside" aria-haspopup="true" role="menuitem" data-auid = "wellness"  >
	<button class="nav-item-link more" >
			    Wellness<span class="more-indicator"></span>
				</button>
		<span class="icon-arrow-down"></span>
		<div class="module-sub-nav">
	<div class="sub-nav-container sub-nav-level level-1">
	<ul class="sub-nav-links" aria-hidden="true">
		<li data-level="1" class=""
	role="menuitem"  data-auid = "guiding-stars<sup>®</sup>">
	<a class="sub-nav-link" href="/guiding-stars?navid=guiding-stars" tabIndex="-1">
	        Guiding Stars<sup>®</sup></a>
	</li><li data-level="1" class=""
	role="menuitem"  data-auid = "dietitians">
	<a class="sub-nav-link" href="/dietitians?navid=dieticians" tabIndex="-1">
	        Dietitians</a>
	</li><li data-level="1" class=""
	role="menuitem"  data-auid = "natural-foods">
	<a class="sub-nav-link" href="/naturalfoods?navid=natural-foods" tabIndex="-1">
	        Natural Foods</a>
	</li><li data-level="1" class=""
	role="menuitem"  data-auid = "optical">
	<a class="sub-nav-link" href="/optical?navid=optical" tabIndex="-1">
	        Optical</a>
	</li><li data-level="1" class=""
	role="menuitem"  data-auid = "medical-clinics">
	<a class="sub-nav-link" href="/medical-clinics?navid=medical-clinics" tabIndex="-1">
	        Medical Clinics</a>
	</li><li data-level="1" class=""
	role="menuitem"  data-auid = "pharmacy-services">
	<a class="sub-nav-link" href="/pharmacy?navid=pharmacy" tabIndex="-1">
	        Pharmacy Services</a>
	</li><li class="last see-all" role="menuitem" data-level="1" data-auid = "wellness">
			<a class="see-all-link" href="?navid=" tabIndex="-1" >
			    See all products</a>
		</li>
	</ul>

	</div></div></li>

			</nav>
		</div>


		<div class="search-module searchbox-new">
            <div class="search-form listener-clickoutside">















<form class="container form-nav-search" action="/search/" data-wait-time="500" data-ajax-url="/search/typeahead/SearchArea/">
	<div class="row row-search-bar">
		<div class="icon-search"></div>

		<div class="input-group">
			<label for="search-bar" class="control-label sr-only label-search-bar">
				&nbsp;
				Search multiple products at once
			</label>

    		<span class="input-wrapper">
				<input
					type="text"
					id="search-bar"
					name="search-bar"
					class="form-control input-search-bar"
					data-rule-required="true"
					data-msg-required="This field cannot be empty."
					placeholder=""
					autocomplete="off"
					spellcheck="false"
					maxlength="100"
					data-placeholder-lg="Search for Product(s)"
					data-placeholder-sm="Search multiple products at once"
					data-placeholder-md="Search multiple products at once (ex. bananas, juice, apples)"
					value=""
					data-add-button-label="Add"
				/>
			</span>
				<div class="search-error-msg">
					<span class="icon-arrow-up"></span>
					No special characters, use commas only
				</div>
		</div>

		<div class="wrapper-search-reset"><span class="icon-close"></span></div>
	</div>












































































		<!-- Begin Template: SearchTooltip -->

<div class="module-search-tooltip module-header-tooltip">

	<div class="title">
		SEARCH MULTIPLE ITEMS
	</div>
	<div class="description">
		Use commas to find multiple items at once!
	</div>
	<div class="info">
		i.e.: Steaks, BBQ Sauce, Potatoes
	</div>

</div>
<!-- End Template: SearchTooltip -->

</form>
            </div>
        </div>

		<div class="module-mini-cart">


					<script type="text/x-jquery-tmpl">
/*<![CDATA[*/
	<dt>items - </dt>
	<dd></dd>
/*]]>*/
</script>
<noscript></noscript>

<div class="module-cart-container wrapper-cart-shortcut " data-ajax-url="/cart/flyout/"
	 data-current-store="com.loblaw.generated.facades.store.data.PickupLocationData@23bd2895" data-csrf-token="9af9e160-7d7f-4cdf-9627-4f0808aa8853" data-min-cart-value="30.0"
	 data-disable-checkout="false" data-disable-flyout="false">
	<div class="loading-spinner loading-spinner-white spin onload-spinner">





<div class="css-loading-icon ">
	<span>
		<div class="css-loading-icon-circle1 css-loading-icon-circle"></div>
		<div class="css-loading-icon-circle2 css-loading-icon-circle"></div>
		<div class="css-loading-icon-circle3 css-loading-icon-circle"></div>
		<div class="css-loading-icon-circle4 css-loading-icon-circle"></div>
		<div class="css-loading-icon-circle5 css-loading-icon-circle"></div>
		<div class="css-loading-icon-circle6 css-loading-icon-circle"></div>
		<div class="css-loading-icon-circle7 css-loading-icon-circle"></div>
		<div class="css-loading-icon-circle8 css-loading-icon-circle"></div>
		<div class="css-loading-icon-circle9 css-loading-icon-circle"></div>
		<div class="css-loading-icon-circle10 css-loading-icon-circle"></div>
		<div class="css-loading-icon-circle11 css-loading-icon-circle"></div>
		<div class="css-loading-icon-circle12 css-loading-icon-circle"></div>
	</span>
</div>
</div>
</div>

<div class="cart_popup"></div>



		</div>
	</div>

	<div class="search-module searchbox-old">
		<div class="search-form listener-clickoutside">















<form class="container form-nav-search" action="/search/" data-wait-time="500" data-ajax-url="/search/typeahead/SearchArea/">
	<div class="row row-search-bar">
		<div class="icon-search"></div>

		<div class="input-group">
			<label for="search-bar" class="control-label sr-only label-search-bar">
				&nbsp;
				Search multiple products at once
			</label>

    		<span class="input-wrapper">
				<input
					type="text"
					id="search-bar"
					name="search-bar"
					class="form-control input-search-bar"
					data-rule-required="true"
					data-msg-required="This field cannot be empty."
					placeholder=""
					autocomplete="off"
					spellcheck="false"
					maxlength="100"
					data-placeholder-lg="Search for Product(s)"
					data-placeholder-sm="Search multiple products at once"
					data-placeholder-md="Search multiple products at once (ex. bananas, juice, apples)"
					value=""
					data-add-button-label="Add"
				/>
			</span>
				<div class="search-error-msg">
					<span class="icon-arrow-up"></span>
					No special characters, use commas only
				</div>
		</div>

		<div class="wrapper-search-reset"><span class="icon-close"></span></div>
	</div>












































































		<!-- Begin Template: SearchTooltip -->

<div class="module-search-tooltip module-header-tooltip">

	<div class="title">
		SEARCH MULTIPLE ITEMS
	</div>
	<div class="description">
		Use commas to find multiple items at once!
	</div>
	<div class="info">
		i.e.: Steaks, BBQ Sauce, Potatoes
	</div>

</div>
<!-- End Template: SearchTooltip -->

</form>
		</div>
	</div>


	<div class="temp-notification-alert-container">


<div class="modal-backdrop-pick-store fade"></div>
    <div class="module-flyout-pick-a-store off">
        <div class="message-and-button col-sm-12 col-md-12 col-lg-6 col-xl-6">
           <div class="row">
                <div class="text-container col-md-12 col-sm-12 col-lg-12">
                    <div class="container">
                        <h2>SELECT A <i>PC EXPRESS</i> PICKUP LOCATION</h2>
                        <p>To check availability, select a store with online ordering.</p>
                    </div>
                </div>
                <div class="button-container col-md-12 col-sm-12 col-lg-12">
                    <div class="select-button-container">
                        <div class="col-sm-12 col-md-5">
                            <button class="btn btn-primary store-locator-button store-locator-link">
                                SELECT A LOCATION
                            </button>
                        </div>
                    </div>
                    <div class="continue-link-container">
                        <div class="col-sm-12 col-md-3">
                            <a class="btn btn-inline-link stop-store-locator">
                                Cancel
                            </a>
                        </div>
                    </div>
                </div>
            </div>
        </div>
        <div class="easy-steps col-lg-6 col-xl-6 hidden-sm hidden-md">
            <h3 class="text-center">SHOP ONLINE IN 3 EASY STEPS</h3>
            <div class="easy-steps-svg-outer">
                <img src="https://assets.shop.loblaws.ca/ContentMedia/lsl/store-selector/store-selector-prompt-illustration-en.svg" width="580" height="82"/>
            </div>
            <ol class="instructions-outer">
                <li class="col-sm-4 col-md-4 col-lg-4 col-xl-4">
                    <h4 class="text-center">Select a Location</h4>
                    <h5 class="text-center" aria-hidden="true">1</h5>
                </li>
                <li class="col-sm-4 col-md-4 col-lg-4 col-xl-4">
                    <h4 class="text-center">Shop for At Least $30</h4>
                    <h5 class="text-center" aria-hidden="true">2</h5>
                </li>
                <li class="col-sm-4 col-md-4 col-lg-4 col-xl-4">
                    <h4 class="text-center">
                    Schedule a pickup time
                    </h4>
                    <h5 class="text-center" aria-hidden="true">3</h5>
                </li>
            </ol>
        </div>
    </div>
		<div class="yCmsContentSlot">

                <div class="modal-backdrop-new-user-flow fade "></div>
<div class="module-flyout-new-user-flow off">
	<div class="topheading-wrapper">
	    <h2>Start a new PC Express order</h2>
		<h3>Choose your shopping method</h3>
	</div>
	<div class="pickup-options-wrapper">
		<div class="col-sm-6 col-md-5 col-lg-3 col-xl-3">




























		<div class="module-adaptive-image">


			<picture>
				<source media="(min-width: 961px) and (min-device-pixel-ratio: 2)" srcset="https://assets.shop.loblaws.ca/ContentMedia/rcss/start-an-order/pc-express-icon_b1_en_@2x.png" />
				<source media="(min-width: 961px)" srcset="https://assets.shop.loblaws.ca/ContentMedia/rcss/start-an-order/pc-express-icon_b1_en.png" />

				<source media="(min-width: 651px) and (min-device-pixel-ratio: 2)" srcset="https://assets.shop.loblaws.ca/ContentMedia/rcss/start-an-order/pc-express-icon_b2_en_@2x.png" />
				<source media="(min-width: 651px)" srcset="https://assets.shop.loblaws.ca/ContentMedia/rcss/start-an-order/pc-express-icon_b2_en.png" />

				<source media="(min-device-pixel-ratio: 2)" srcset="https://assets.shop.loblaws.ca/ContentMedia/rcss/start-an-order/pc-express-icon_b3_en_@2x.png" />
				<source srcset="https://assets.shop.loblaws.ca/ContentMedia/rcss/start-an-order/pc-express-icon_b3_en.png" />

				<img srcset="https://assets.shop.loblaws.ca/ContentMedia/rcss/start-an-order/pc-express-icon_b3_en.png" alt="" onError="this.onerror=null;this.src='';" />
			</picture>
		</div>
<div class="heading-container">
                    <p class="heading">Pickup</p>
                    <p class="sub-heading">Try for free for your first month*</p>
                </div>
                <a class="btn btn-pickup-options" title="Select a location" href="/store-locator?show-store-list=true&type=transit&type=neighbourhood&type=sdm">Select a location</a>
                <p class="copy-right-text">*Use code FREEMONTH</p>
            </div>
		<div class="seperator-text">
		            Or</div>
		    <div class="col-sm-6 col-md-5 col-lg-3 col-xl-3">




























		<div class="module-adaptive-image">


			<picture>
				<source media="(min-width: 961px) and (min-device-pixel-ratio: 2)" srcset="https://assets.shop.loblaws.ca/ContentMedia/rcss/start-an-order/home-delivery-icon_b1_en_@2x.png" />
				<source media="(min-width: 961px)" srcset="https://assets.shop.loblaws.ca/ContentMedia/rcss/start-an-order/home-delivery-icon_b1_en.png" />

				<source media="(min-width: 651px) and (min-device-pixel-ratio: 2)" srcset="https://assets.shop.loblaws.ca/ContentMedia/rcss/start-an-order/home-delivery-icon_b2_en_@2x.png" />
				<source media="(min-width: 651px)" srcset="https://assets.shop.loblaws.ca/ContentMedia/rcss/start-an-order/home-delivery-icon_b2_en.png" />

				<source media="(min-device-pixel-ratio: 2)" srcset="https://assets.shop.loblaws.ca/ContentMedia/rcss/start-an-order/home-delivery-icon_b3_en_@2x.png" />
				<source srcset="https://assets.shop.loblaws.ca/ContentMedia/rcss/start-an-order/home-delivery-icon_b3_en.png" />

				<img srcset="https://assets.shop.loblaws.ca/ContentMedia/rcss/start-an-order/home-delivery-icon_b3_en.png" alt="" onError="this.onerror=null;this.src='';" />
			</picture>
		</div>
<div class="heading-container">
                    <p class="heading">Delivery</p>
                    <p class="sub-heading">Starting at $3.99</p>
                </div>
                <a class="btn btn-pickup-options" title="Schedule a delivery" href="https://delivery.pcexpress.ca/store/realcanadiansuperstore/storefront">Schedule a delivery</a>
                <p class="copy-right-text">Powered by Instacart</p>
            </div>
		</div>
</div>
        </div>
	</div>

<div class="pc-optimum-notification varitionA  abtest-33961" >
    <div class="flyout-close">x</div>
    <span class="pts-icon">
        Your offers are loaded.
    </span>
    <span class="pts-icon-error">
       Internal server error.
    </span>
     <span class="pc-optimum-loading">
        Loading...
    </span>
</div>

<div class="pc-optimum-notification varitionB abtest-33961-hide" >
    <span class="pts-icon">
        Your offers are not loaded.
    </span>

    <span class="pc-optimum-loading">
        Loading...
    </span>

    <span class = "pts-icon-noloadmore-btn">
        Your offers are loaded.
    </span>

    <span class = "pts-icon-error">
         Internal server error.
     </span>
    <button type="button" class="btn-load-now">
        LOAD NOW
    </button>
</div>

</div>









<script type="text/x-dot-template" class="modal-content" id="view-flyer-localize-modal-content">
	<div class="wrapper-view-flyer-popup">
		<div class="view-flyer-popup-container">
			<h3 class="modal-header">View flyer</h3>
			<div class="subhead">To view a flyer for a store near you:</div>



					<a href="/store-locator?show-store-list=true" class="view-flyer-popup-container__find-a-store-button">
						Find a Store
					</a>




			{{? !it.shouldCancelRedirectToRoot }}
				<button class="cancel-link modal-close btn-link">Cancel</button>
			{{??}}
				<a class="cancel-link modal-close btn-link" href="/">Cancel</a>
			{{?}}
		</div>
	</div>
</script>

<div id="wrapper" class="wrapper-page">
			<div id="page" role="main">
			<div id="cart_popup" class="cart_popup"></div>
				<div id="content">
				<a id="skip-to-content"></a>
					<div id="globalMessages">
		<div class="module-flyout-out-of-Stock hidden">
    <div class="flyout-close">x</div>
    <p class="flyout-content">
        Sorry the item you selected is currently unavailable at this time</p>
</div>

</div>

	<div class="page-subcategory">
		<div class="row">
			<div class="wrapper-category">
				<div class="container">
					<div class="row hidden-sm">
						<div class="wrapper-breadcrumb-filter-bar">
							<div class="module-filter-and-sort container">
								<div class="row row-filter-and-sort hidden-sm">
									<ul class="bread-crumb pull-left ">
										<li class="item">
		<a data-subnav-level="1" data-breadcrumb-id="RCSS001008011000" href="/Food/Pantry/Chips-%26-Salty-Snacks/c/RCSS001008011000?navid=chips-salty-snacks"> Chips & Salty Snacks</a>
					</li>
<li class="item last">
		<a data-subnav-level="2" data-breadcrumb-id="RCSS001008010001" href="/Food/Pantry/Chips-%26-Salty-Snacks/Potato-Chips/c/RCSS001008010001?navid=potato-chips"> Potato Chips</a>
					</li>
</ul>
									<ul class="filter-and-sort pull-right hidden-sm">
										<li class="item btn-filter">
											<span class="icon-filter"></span>
											FILTERS</li>
										<li class="item btn-sort">
											<span class="icon-sort"></span>
											SORT</li>
									</ul>
								</div>
							</div>
						</div>
					</div>
				</div>
				<div class="page-subcategory">
					<div class="container">
						<div class="row hidden-sm">
							<div class="wrapper-breadcrumb-filter-bar"></div>
						</div>
					</div>
					<div class="container">
						<div class="row">
							<div class="wrapper-hero-title" id="js-hero-title">
								<h2>Potato Chips</h2>
							</div>
						</div>
					</div>
					<div class="center">
						<div class="yCmsContentSlot">
</div></div>
					<div class="container">
						<div class="row">
							<div class="module-mobile-filter-sort visible-sm">
								<div class="container">
									<div class="filter-and-sort-mobile row">
										<div class="subcategory-mobile-filters">
											<a class="btn-filter" href="javascript:void(0);">
												<span class="icon-filter"></span>
												FILTERS</a>
										</div>
										<div class="subcategory-mobile-sort">
											<a class="btn-sort" href="javascript:void(0);">
												<span class="icon-sort"></span>
												SORT</a>
										</div>
									</div>
								</div>
							</div>
						</div>
					</div>
					<div class="container">
						<div class="row">
							<div class="wrapper-product-grid">
								<div class="module-product-group product-group-type-false active" data-analytics-component-name="product tile">
									<div class="container product-group-container collapse in">
										<div class="row row-content row-products loaded">
												<div class="content-tile-list">
																<div class="item content-tile">
















































































<div class="module-grocery-product quickview-simple  clicked" data-quickview-ajax-url="/p/20943961_EA/quickViewProduct" data-product-id="20943961_EA"  data-product-price="$6.28">



		<span class="subtitle"></span>


	<div class="product-page-hotspot">
	    <div class="product-cell quickview-button">
	  	    <div class="product-image ">

	  		    <img src="https://assets.shop.loblaws.ca/products/20943961/b1/en/front/20943961_front_a01.png" onerror="this.src='https://assets.shop.loblaws.ca/products/NoImage/b1/en/front/NoImage_front_a01_@2.png';" alt="Rip-L Chips" />













	  		    <div class="hover-text-container">
	  			    <button href="#" tabindex="0" class="hover-text " aria-label="Quick View for Rip-L Chips.">Quick View</button>
	  		    </div>
	  	    </div>
	    </div>

	    <div class="product-in-cart">
	  	    <div class="wrapper-product-in-cart">
	  		    <span>
	  			    In Cart
	  		    </span>
	  	    </div>
	    </div>

	    <div class="product-info">
	  	    <div class="product-name-wrapper">
	  		    <a href="/Food/Pantry/Chips-%26-Salty-Snacks/Potato-Chips/Old-Dutch-RIP-L-Rip-L-Chips/p/20943961_EA" class="product-name" aria-label="Product page for Rip-L Chips" >
	  			    <span class="js-product-entry-brand">Old Dutch&nbsp;</span>



	  			    <span class="js-product-entry-name">Rip-L Chips</span>

	  			    <span class="js-product-entry-size-detail">(600 g)</span>

	  		    </a>
	  	    </div>











		<span class="ad-match-badge  hidden">Ad Match</span>











	  	    <div class="price">
			    <div class="price-wrapper no-discount  ">
				    <span class="reg-price  " aria-label="Regular Price: $6.28">
					    <span class="reg-price-text">$6.28</span>

					    <sup class="reg-price-unit">ea</sup>
				    </span>
				    <span class="sale-price hidden" aria-label="Sale Price:">
					    <span class="sale-price-text"></span>
					    <sup class="sale-price-unit">ea</sup>
				    </span>

				    <span class="secondary-price hidden">

					    <span class="secondary-price-text" aria-label="Secondary Price:"></span>
				    </span>
			    </div>
	  	    </div>

	  	    <div class="qty">
	  		    <span class="reg-qty  ">



		  		<span class="sr-only">Sale Price Per Unit:</span>
        $1.05
        /
        100
        g


	</span>

	<span class="sale-qty hidden">



		  		<span class="sr-only">Sale Price Per Unit:</span>
        $1.05
        /
        100
        g


	</span>

	<span class="secondary-qty hidden">

	  	<span class="secondary-qty-text"></span>
	</span>
	  	    </div>
	    </div>





	</div>
	<form class="form-product  quickview-btn-simple"
	  data-product-id="20943961_EA"
	  data-min-qty="1.0"
	  data-max-qty="999.0"
	  data-unit-type="ea"
	  data-cart-qty="1"
	  data-default-qty="1"
	  novalidate="novalidate"
	  promoCode=""
	  promoNumber=""
	  data-is-customized="false"
	  data-cart-url="/cart/product/20943961_EA"
	  data-csrf-token="9af9e160-7d7f-4cdf-9627-4f0808aa8853"
	  data-is-weighted-product="false">

	<div class="module-add-to-cart " data-change-type="plus" data-auto-edit="true" data-auto-add="true"
		 data-cart-ajax-url="/cart/updateCart">
		<div class="wrapper-add-to-cart-btn">
					<div class="module-add-to-cart-button-small">
							<button type="button" class="btn btn-secondary btn-add-to-cart " data-auid="add-to-cart-button" data-has-pts-badge="false" aria-label="Add Rip-L Chips to cart">
										<span class="icon-cart"></span>
										<span class="add-to-cart-text">
											Add</span>
									</button>
									<button type="button" class="btn btn-secondary btn-edit-cart hidden " aria-label="Edit Cart">
										<span class="qty-in-cart"></span>
										<span class="edit-cart-text">
											<spring code="product.edit.text" />"
										</span>
									</button>
								<div class="add-list-parent add-list-module  bottom-add-list-module ">
	<button class="btn btn-inline-link btn-save-to-list  dark is-btn-animated"
	  data-login-url="/account/login?productCode=20943961_EA"
	  data-ajax-url="/restful/lists/all?productCode=20943961_EA"
	  data-user-guest="N"
	  data-user-guest="N" data-product-code="20943961_EA"
	  data-delete-item="false"
	  aria-label="Add Rip-L Chips to a List">
	  <span class="glyphicon glyphicon-th-list"></span>
	  <div class="list-cta-text  is-btn-animated">Add to List</div>
	</button>

	<!-- this is the list HTML   -->
	<div class="save-to-list-popup  is-btn-animated animation-up dark"
	  data-save-to-list-error="Can not get lists at this time. Please try again later."
	  data-product-name="Rip-L Chips">
	  <div class="inner-container">
	  </div>

	</div>
</div>





<script id="tmpl-product-list-grid" type="text/x-dot-template">
<ul>
{{~it.shoppingListData :entry:index }}
	{{? entry.added }}
			<li class="already-added">
			<div class="no-link item-label">

			<span class="category-list-name">{{=entry.shoppingListName}}</span>
			</div><span class="glyphicon glyphicon-ok"></span></li>
	{{??}}
			<li class="has-item-label-link"><a data-shopping-list-name="{{=entry.shoppingListName}}"
			 class="item-label"
			 data-submit-message="{{!entry.addMessage}}"
			 href="/restful/lists/{{=entry.shoppingListCode}}/product/{{=it.productCode}}?CSRFToken={{=it.csrf}}">{{=entry.shoppingListName}}</a></li>
	{{?}}
{{~}}
<li class="create-new trigger-modal" data-modal-content-id="create-list-modal-content" data-productcode="{{=it.productCode}}"><a href="#">Create New List</a></li>
</ul>
</script>

<!-- Begin Template: createListModal -->
<script type="text/x-dot-template" class="modal-content" id="create-list-modal-content">
		<div class="wrapper-new-list-popup">
			<div class="new-list-popup-container">
				<h1>
					Create a new list</h1>
				<div class="subhead">
					Lists are a great way to organize your shopping needs. After you create a list, they can be found in the "My Favourites" page.</div>
				{{? it.productcode }}
					<form class="container form-create-list" novalidate="novalidate" method="POST" commandName="shoppingListForm" action="/restful/lists/{{=it.productcode}}?CSRFToken=9af9e160-7d7f-4cdf-9627-4f0808aa8853" data-ajax-url="/restful/lists/{{=it.productcode}}?CSRFToken=9af9e160-7d7f-4cdf-9627-4f0808aa8853" data-server-error-message="Sorry, something went wrong. Please try again later.">
				{{??}}
					<form class="container form-create-list" novalidate="novalidate" method="POST" commandName="shoppingListForm" action="/restful/lists/?CSRFToken=9af9e160-7d7f-4cdf-9627-4f0808aa8853" data-ajax-url="/restful/lists/?CSRFToken=9af9e160-7d7f-4cdf-9627-4f0808aa8853" data-server-error-message="Sorry, something went wrong. Please try again later.">
				{{?}}
					<div class="row-error">
						<div>
							<span class='warning server-warning'>
							</span>
						</div>
					</div>
					<input id="name" name="name" class="form-control input-list-name" type="text" autocomplete="off"
						autofocus
						placeholder="Enter a name" path="name" maxlength="160"
						required="true" data-msg-required="Please enter name for list." />

					<textarea id="description" name="description" class="form-control input-list-desc" type="text"
						placeholder="Add a description (optional)" path="description" maxlength="160"></textarea>

					<button type="submit" class="btn btn-primary save-list input-submitter-submit">
						Save</button>

					<a href="javascript:void(0)" class="cancel-new-list modal-close">
						Cancel</a>
				</form>
			</div>
		</div>
</script>

<!-- End Template: createListModal --></div>
				</div>
			</div>


	<div class="module-plus-minus-buttons small hidden ">
			<button type="button" class="btn cart-change-qty" data-change-type="minus" data-auid="decrease-product-quantity" alt="Minus" aria-label="Minus">
				<span class="icon-minimize"></span>
			</button>
			<div class="plus-minus-input-wrapper">
				<input class="input-qty cart-change-qty" aria-label="Enter manual quantity" type="text" name="qty" title="Change quantity in cart"
							data-unit-type="ea"
							value="1ea" data-change-type="equals"
							maxlength="7">

						<span class="input-qty-pretty">
							<span class="input-qty-pretty-value">1</span>
							<span class="input-qty-pretty-unit"></span>
						</span>
					</div>

			<button type="button" class="btn cart-change-qty" data-change-type="plus" data-auid="increase-product-quantity" alt="Plus" aria-label="Plus">
				<span class="icon-plus-sign"></span>
			</button>

			<p class="deal-limit-reached hidden">Deal Limit Reached</p>

			<div class="tooltip-qty-error tooltip-qty-limit hidden">
				<p>
					Limit to
					&nbsp;
					999
					&nbsp;each&nbsp;
					per customer.</p>
			</div>
			<div class="tooltip-qty-error tooltip-round-error hidden">
				<p>
					We do not have this in the weight you wanted. We've rounded your order to the nearest weight increment we stock.</p>
			</div>
		</div>
	</form>

<!-- End Template: AddToCartSmall -->

</div>
</div>
																<div class="item content-tile">




















































































<div class="module-grocery-product quickview-simple  clicked" data-quickview-ajax-url="/p/20810497001_EA/quickViewProduct" data-product-id="20810497001_EA"  data-product-price="$1.68">



		<span class="subtitle"></span>


	<div class="product-page-hotspot">
	    <div class="product-cell quickview-button">
	  	    <div class="product-image ">

	  		    <img src="https://assets.shop.loblaws.ca/products/20810497001/b1/en/front/20810497001_front_a01.png" onerror="this.src='https://assets.shop.loblaws.ca/products/NoImage/b1/en/front/NoImage_front_a01_@2.png';" alt="Kettle Cooked Potato Chips, Original" />


	  			        <span class="sticker deal">
	  				        <span class="deal-badge">




	  				            <span class="module-deal-badge module-deal-badge-grid simple-save-unit "
	  						        data-deal-type="SAVE $0.80"
	  						        data-ajax-promo-url="/simpleDeal/deals/product-tile?productCode=20810497001_EA"
	  						        data-deal-id="20810497001_EA">
	  						        <span class="deal-type">SAVE $0.80</span>









	<span class="deal-expiry">
		Exp. 01/03
	</span>


	  				            </span>
	  			            </span>
	  		            </span>













	  		    <div class="hover-text-container">
	  			    <button href="#" tabindex="0" class="hover-text " aria-label="Quick View for Kettle Cooked Potato Chips, Original.">Quick View</button>
	  		    </div>
	  	    </div>
	    </div>

	    <div class="product-in-cart">
	  	    <div class="wrapper-product-in-cart">
	  		    <span>
	  			    In Cart
	  		    </span>
	  	    </div>
	    </div>

	    <div class="product-info">
	  	    <div class="product-name-wrapper">
	  		    <a href="/Food/Pantry/Chips-%26-Salty-Snacks/Potato-Chips/Kettle-Cooked-Potato-Chips%2C-Original/p/20810497001_EA" class="product-name" aria-label="Product page for Kettle Cooked Potato Chips, Original" >
	  			    <span class="js-product-entry-brand">President's Choice&nbsp;</span>



	  			    <span class="js-product-entry-name">Kettle Cooked Potato Chips, Original</span>

	  			    <span class="js-product-entry-size-detail">(220 g)</span>

	  		    </a>
	  	    </div>











		<span class="ad-match-badge  hidden">Ad Match</span>











	  	    <div class="price">
			    <div class="price-wrapper discount promo-alert ">
				    <span class="reg-price  price-alert" aria-label="Regular Price: $1.68">
					    <span class="reg-price-text">$1.68</span>

					    <sup class="reg-price-unit">ea</sup>
				    </span>
				    <span class="sale-price hidden" aria-label="Sale Price:">
					    <span class="sale-price-text"></span>
					    <sup class="sale-price-unit">ea</sup>
				    </span>

					    <span class="old-price" aria-label="Original Price: $2.48">
						    <span class="old-price-text">$2.48</span>
					    </span>

				    <span class="secondary-price hidden">

					    <span class="secondary-price-text" aria-label="Secondary Price:"></span>
				    </span>
			    </div>
	  	    </div>

	  	    <div class="qty">
	  		    <span class="reg-qty  price-alert">



		  		<span class="sr-only">Sale Price Per Unit:</span>
        $0.76
        /
        100
        g


	</span>

	<span class="sale-qty hidden">



		  		<span class="sr-only">Sale Price Per Unit:</span>
        $0.76
        /
        100
        g


	</span>

	<span class="secondary-qty hidden">

	  	<span class="secondary-qty-text"></span>
	</span>
	  	    </div>
	    </div>





	</div>
	<form class="form-product  quickview-btn-simple"
	  data-product-id="20810497001_EA"
	  data-min-qty="1.0"
	  data-max-qty="999.0"
	  data-unit-type="ea"
	  data-cart-qty="1"
	  data-default-qty="1"
	  novalidate="novalidate"
	  promoCode=""
	  promoNumber=""
	  data-is-customized="false"
	  data-cart-url="/cart/product/20810497001_EA"
	  data-csrf-token="9af9e160-7d7f-4cdf-9627-4f0808aa8853"
	  data-is-weighted-product="false">

	<div class="module-add-to-cart " data-change-type="plus" data-auto-edit="true" data-auto-add="true"
		 data-cart-ajax-url="/cart/updateCart">
		<div class="wrapper-add-to-cart-btn">
					<div class="module-add-to-cart-button-small">
							<button type="button" class="btn btn-secondary btn-add-to-cart " data-auid="add-to-cart-button" data-has-pts-badge="false" aria-label="Add Kettle Cooked Potato Chips, Original to cart">
										<span class="icon-cart"></span>
										<span class="add-to-cart-text">
											Add</span>
									</button>
									<button type="button" class="btn btn-secondary btn-edit-cart hidden " aria-label="Edit Cart">
										<span class="qty-in-cart"></span>
										<span class="edit-cart-text">
											<spring code="product.edit.text" />"
										</span>
									</button>
								<div class="add-list-parent add-list-module  bottom-add-list-module ">
	<button class="btn btn-inline-link btn-save-to-list  dark is-btn-animated"
	  data-login-url="/account/login?productCode=20810497001_EA"
	  data-ajax-url="/restful/lists/all?productCode=20810497001_EA"
	  data-user-guest="N"
	  data-user-guest="N" data-product-code="20810497001_EA"
	  data-delete-item="false"
	  aria-label="Add Kettle Cooked Potato Chips, Original to a List">
	  <span class="glyphicon glyphicon-th-list"></span>
	  <div class="list-cta-text  is-btn-animated">Add to List</div>
	</button>

	<!-- this is the list HTML   -->
	<div class="save-to-list-popup  is-btn-animated animation-up dark"
	  data-save-to-list-error="Can not get lists at this time. Please try again later."
	  data-product-name="Kettle Cooked Potato Chips, Original">
	  <div class="inner-container">
	  </div>

	</div>
</div>

</div>
				</div>
			</div>


	<div class="module-plus-minus-buttons small hidden ">
			<button type="button" class="btn cart-change-qty" data-change-type="minus" data-auid="decrease-product-quantity" alt="Minus" aria-label="Minus">
				<span class="icon-minimize"></span>
			</button>
			<div class="plus-minus-input-wrapper">
				<input class="input-qty cart-change-qty" aria-label="Enter manual quantity" type="text" name="qty" title="Change quantity in cart"
							data-unit-type="ea"
							value="1ea" data-change-type="equals"
							maxlength="7">

						<span class="input-qty-pretty">
							<span class="input-qty-pretty-value">1</span>
							<span class="input-qty-pretty-unit"></span>
						</span>
					</div>

			<button type="button" class="btn cart-change-qty" data-change-type="plus" data-auid="increase-product-quantity" alt="Plus" aria-label="Plus">
				<span class="icon-plus-sign"></span>
			</button>

			<p class="deal-limit-reached hidden">Deal Limit Reached</p>

			<div class="tooltip-qty-error tooltip-qty-limit hidden">
				<p>
					Limit to
					&nbsp;
					999
					&nbsp;each&nbsp;
					per customer.</p>
			</div>
			<div class="tooltip-qty-error tooltip-round-error hidden">
				<p>
					We do not have this in the weight you wanted. We've rounded your order to the nearest weight increment we stock.</p>
			</div>
		</div>
	</form>

<!-- End Template: AddToCartSmall -->

</div>
</div>
																<div class="item content-tile">
















































































<div class="module-grocery-product quickview-simple  clicked" data-quickview-ajax-url="/p/20899063002_EA/quickViewProduct" data-product-id="20899063002_EA"  data-product-price="$3.98">



		<span class="subtitle"></span>


	<div class="product-page-hotspot">
	    <div class="product-cell quickview-button">
	  	    <div class="product-image ">

	  		    <img src="https://assets.shop.loblaws.ca/products/20899063002/b1/en/front/20899063002_front_a01.png" onerror="this.src='https://assets.shop.loblaws.ca/products/NoImage/b1/en/front/NoImage_front_a01_@2.png';" alt="Sweet Cinnamon Chick Peas Snack" />













	  		    <div class="hover-text-container">
	  			    <button href="#" tabindex="0" class="hover-text " aria-label="Quick View for Sweet Cinnamon Chick Peas Snack.">Quick View</button>
	  		    </div>
	  	    </div>
	    </div>

	    <div class="product-in-cart">
	  	    <div class="wrapper-product-in-cart">
	  		    <span>
	  			    In Cart
	  		    </span>
	  	    </div>
	    </div>

	    <div class="product-info">
	  	    <div class="product-name-wrapper">
	  		    <a href="/Food/Pantry/Chips-%26-Salty-Snacks/Potato-Chips/The-Good-Bean-Sweet-Cinnamon-Chick-Peas-Snack/p/20899063002_EA" class="product-name" aria-label="Product page for Sweet Cinnamon Chick Peas Snack" >
	  			    <span class="js-product-entry-brand">The Good Bean&nbsp;</span>



	  			    <span class="js-product-entry-name">Sweet Cinnamon Chick Peas Snack</span>

	  			    <span class="js-product-entry-size-detail">(170 g)</span>

	  		    </a>
	  	    </div>











		<span class="ad-match-badge  hidden">Ad Match</span>











	  	    <div class="price">
			    <div class="price-wrapper no-discount  ">
				    <span class="reg-price  " aria-label="Regular Price: $3.98">
					    <span class="reg-price-text">$3.98</span>

					    <sup class="reg-price-unit">ea</sup>
				    </span>
				    <span class="sale-price hidden" aria-label="Sale Price:">
					    <span class="sale-price-text"></span>
					    <sup class="sale-price-unit">ea</sup>
				    </span>

				    <span class="secondary-price hidden">

					    <span class="secondary-price-text" aria-label="Secondary Price:"></span>
				    </span>
			    </div>
	  	    </div>

	  	    <div class="qty">
	  		    <span class="reg-qty  ">



		  		<span class="sr-only">Sale Price Per Unit:</span>
        $2.34
        /
        100
        g


	</span>

	<span class="sale-qty hidden">



		  		<span class="sr-only">Sale Price Per Unit:</span>
        $2.34
        /
        100
        g


	</span>

	<span class="secondary-qty hidden">

	  	<span class="secondary-qty-text"></span>
	</span>
	  	    </div>
	    </div>





	</div>
	<form class="form-product  quickview-btn-simple"
	  data-product-id="20899063002_EA"
	  data-min-qty="1.0"
	  data-max-qty="999.0"
	  data-unit-type="ea"
	  data-cart-qty="1"
	  data-default-qty="1"
	  novalidate="novalidate"
	  promoCode=""
	  promoNumber=""
	  data-is-customized="false"
	  data-cart-url="/cart/product/20899063002_EA"
	  data-csrf-token="9af9e160-7d7f-4cdf-9627-4f0808aa8853"
	  data-is-weighted-product="false">

	<div class="module-add-to-cart " data-change-type="plus" data-auto-edit="true" data-auto-add="true"
		 data-cart-ajax-url="/cart/updateCart">
		<div class="wrapper-add-to-cart-btn">
					<div class="module-add-to-cart-button-small">
							<button type="button" class="btn btn-secondary btn-add-to-cart " data-auid="add-to-cart-button" data-has-pts-badge="false" aria-label="Add Sweet Cinnamon Chick Peas Snack to cart">
										<span class="icon-cart"></span>
										<span class="add-to-cart-text">
											Add</span>
									</button>
									<button type="button" class="btn btn-secondary btn-edit-cart hidden " aria-label="Edit Cart">
										<span class="qty-in-cart"></span>
										<span class="edit-cart-text">
											<spring code="product.edit.text" />"
										</span>
									</button>
								<div class="add-list-parent add-list-module  bottom-add-list-module ">
	<button class="btn btn-inline-link btn-save-to-list  dark is-btn-animated"
	  data-login-url="/account/login?productCode=20899063002_EA"
	  data-ajax-url="/restful/lists/all?productCode=20899063002_EA"
	  data-user-guest="N"
	  data-user-guest="N" data-product-code="20899063002_EA"
	  data-delete-item="false"
	  aria-label="Add Sweet Cinnamon Chick Peas Snack to a List">
	  <span class="glyphicon glyphicon-th-list"></span>
	  <div class="list-cta-text  is-btn-animated">Add to List</div>
	</button>

	<!-- this is the list HTML   -->
	<div class="save-to-list-popup  is-btn-animated animation-up dark"
	  data-save-to-list-error="Can not get lists at this time. Please try again later."
	  data-product-name="Sweet Cinnamon Chick Peas Snack">
	  <div class="inner-container">
	  </div>

	</div>
</div>

</div>
				</div>
			</div>


	<div class="module-plus-minus-buttons small hidden ">
			<button type="button" class="btn cart-change-qty" data-change-type="minus" data-auid="decrease-product-quantity" alt="Minus" aria-label="Minus">
				<span class="icon-minimize"></span>
			</button>
			<div class="plus-minus-input-wrapper">
				<input class="input-qty cart-change-qty" aria-label="Enter manual quantity" type="text" name="qty" title="Change quantity in cart"
							data-unit-type="ea"
							value="1ea" data-change-type="equals"
							maxlength="7">

						<span class="input-qty-pretty">
							<span class="input-qty-pretty-value">1</span>
							<span class="input-qty-pretty-unit"></span>
						</span>
					</div>

			<button type="button" class="btn cart-change-qty" data-change-type="plus" data-auid="increase-product-quantity" alt="Plus" aria-label="Plus">
				<span class="icon-plus-sign"></span>
			</button>

			<p class="deal-limit-reached hidden">Deal Limit Reached</p>

			<div class="tooltip-qty-error tooltip-qty-limit hidden">
				<p>
					Limit to
					&nbsp;
					999
					&nbsp;each&nbsp;
					per customer.</p>
			</div>
			<div class="tooltip-qty-error tooltip-round-error hidden">
				<p>
					We do not have this in the weight you wanted. We've rounded your order to the nearest weight increment we stock.</p>
			</div>
		</div>
	</form>

<!-- End Template: AddToCartSmall -->

</div>
</div>
																<div class="item content-tile">
















































































<div class="module-grocery-product quickview-simple  clicked" data-quickview-ajax-url="/p/20971861_EA/quickViewProduct" data-product-id="20971861_EA"  data-product-price="$4.58">



		<span class="subtitle"></span>


	<div class="product-page-hotspot">
	    <div class="product-cell quickview-button">
	  	    <div class="product-image ">

	  		    <img src="https://assets.shop.loblaws.ca/products/20971861/b1/en/front/20971861_front_a01.png" onerror="this.src='https://assets.shop.loblaws.ca/products/NoImage/b1/en/front/NoImage_front_a01_@2.png';" alt="Potato Chips, Classic" />













	  		    <div class="hover-text-container">
	  			    <button href="#" tabindex="0" class="hover-text " aria-label="Quick View for Potato Chips, Classic.">Quick View</button>
	  		    </div>
	  	    </div>
	    </div>

	    <div class="product-in-cart">
	  	    <div class="wrapper-product-in-cart">
	  		    <span>
	  			    In Cart
	  		    </span>
	  	    </div>
	    </div>

	    <div class="product-info">
	  	    <div class="product-name-wrapper">
	  		    <a href="/Food/Pantry/Chips-%26-Salty-Snacks/Potato-Chips/Lay%27s-Potato-Chips%2C-Classic/p/20971861_EA" class="product-name" aria-label="Product page for Potato Chips, Classic" >
	  			    <span class="js-product-entry-brand">Lay's&nbsp;</span>



	  			    <span class="js-product-entry-name">Potato Chips, Classic</span>

	  			    <span class="js-product-entry-size-detail">(450 g)</span>

	  		    </a>
	  	    </div>











		<span class="ad-match-badge  hidden">Ad Match</span>











	  	    <div class="price">
			    <div class="price-wrapper no-discount  ">
				    <span class="reg-price  " aria-label="Regular Price: $4.58">
					    <span class="reg-price-text">$4.58</span>

					    <sup class="reg-price-unit">ea</sup>
				    </span>
				    <span class="sale-price hidden" aria-label="Sale Price:">
					    <span class="sale-price-text"></span>
					    <sup class="sale-price-unit">ea</sup>
				    </span>

				    <span class="secondary-price hidden">

					    <span class="secondary-price-text" aria-label="Secondary Price:"></span>
				    </span>
			    </div>
	  	    </div>

	  	    <div class="qty">
	  		    <span class="reg-qty  ">



		  		<span class="sr-only">Sale Price Per Unit:</span>
        $1.02
        /
        100
        g


	</span>

	<span class="sale-qty hidden">



		  		<span class="sr-only">Sale Price Per Unit:</span>
        $1.02
        /
        100
        g


	</span>

	<span class="secondary-qty hidden">

	  	<span class="secondary-qty-text"></span>
	</span>
	  	    </div>
	    </div>





	</div>
	<form class="form-product  quickview-btn-simple"
	  data-product-id="20971861_EA"
	  data-min-qty="1.0"
	  data-max-qty="999.0"
	  data-unit-type="ea"
	  data-cart-qty="1"
	  data-default-qty="1"
	  novalidate="novalidate"
	  promoCode=""
	  promoNumber=""
	  data-is-customized="false"
	  data-cart-url="/cart/product/20971861_EA"
	  data-csrf-token="9af9e160-7d7f-4cdf-9627-4f0808aa8853"
	  data-is-weighted-product="false">

	<div class="module-add-to-cart " data-change-type="plus" data-auto-edit="true" data-auto-add="true"
		 data-cart-ajax-url="/cart/updateCart">
		<div class="wrapper-add-to-cart-btn">
					<div class="module-add-to-cart-button-small">
							<button type="button" class="btn btn-secondary btn-add-to-cart " data-auid="add-to-cart-button" data-has-pts-badge="false" aria-label="Add Potato Chips, Classic to cart">
										<span class="icon-cart"></span>
										<span class="add-to-cart-text">
											Add</span>
									</button>
									<button type="button" class="btn btn-secondary btn-edit-cart hidden " aria-label="Edit Cart">
										<span class="qty-in-cart"></span>
										<span class="edit-cart-text">
											<spring code="product.edit.text" />"
										</span>
									</button>
								<div class="add-list-parent add-list-module  bottom-add-list-module ">
	<button class="btn btn-inline-link btn-save-to-list  dark is-btn-animated"
	  data-login-url="/account/login?productCode=20971861_EA"
	  data-ajax-url="/restful/lists/all?productCode=20971861_EA"
	  data-user-guest="N"
	  data-user-guest="N" data-product-code="20971861_EA"
	  data-delete-item="false"
	  aria-label="Add Potato Chips, Classic to a List">
	  <span class="glyphicon glyphicon-th-list"></span>
	  <div class="list-cta-text  is-btn-animated">Add to List</div>
	</button>

	<!-- this is the list HTML   -->
	<div class="save-to-list-popup  is-btn-animated animation-up dark"
	  data-save-to-list-error="Can not get lists at this time. Please try again later."
	  data-product-name="Potato Chips, Classic">
	  <div class="inner-container">
	  </div>

	</div>
</div>

</div>
				</div>
			</div>


	<div class="module-plus-minus-buttons small hidden ">
			<button type="button" class="btn cart-change-qty" data-change-type="minus" data-auid="decrease-product-quantity" alt="Minus" aria-label="Minus">
				<span class="icon-minimize"></span>
			</button>
			<div class="plus-minus-input-wrapper">
				<input class="input-qty cart-change-qty" aria-label="Enter manual quantity" type="text" name="qty" title="Change quantity in cart"
							data-unit-type="ea"
							value="1ea" data-change-type="equals"
							maxlength="7">

						<span class="input-qty-pretty">
							<span class="input-qty-pretty-value">1</span>
							<span class="input-qty-pretty-unit"></span>
						</span>
					</div>

			<button type="button" class="btn cart-change-qty" data-change-type="plus" data-auid="increase-product-quantity" alt="Plus" aria-label="Plus">
				<span class="icon-plus-sign"></span>
			</button>

			<p class="deal-limit-reached hidden">Deal Limit Reached</p>

			<div class="tooltip-qty-error tooltip-qty-limit hidden">
				<p>
					Limit to
					&nbsp;
					999
					&nbsp;each&nbsp;
					per customer.</p>
			</div>
			<div class="tooltip-qty-error tooltip-round-error hidden">
				<p>
					We do not have this in the weight you wanted. We've rounded your order to the nearest weight increment we stock.</p>
			</div>
		</div>
	</form>

<!-- End Template: AddToCartSmall -->

</div>
</div>
																<div class="item content-tile">
















































































<div class="module-grocery-product quickview-simple  clicked" data-quickview-ajax-url="/p/21049385_EA/quickViewProduct" data-product-id="21049385_EA"  data-product-price="$3.27">



		<span class="subtitle"></span>


	<div class="product-page-hotspot">
	    <div class="product-cell quickview-button">
	  	    <div class="product-image ">

	  		    <img src="https://assets.shop.loblaws.ca/products/21049385/b1/en/front/21049385_front_a01.png" onerror="this.src='https://assets.shop.loblaws.ca/products/NoImage/b1/en/front/NoImage_front_a01_@2.png';" alt="Potato Chips, Regular" />


	  			        <span class="sticker deal">
	  				        <span class="deal-badge">




	  				            <span class="module-deal-badge module-deal-badge-grid simple-save-unit "
	  						        data-deal-type="4 FOR $10.00"
	  						        data-ajax-promo-url="/simpleDeal/deals/product-tile?productCode=21049385_EA"
	  						        data-deal-id="21049385_EA">
	  						        <span class="deal-type">4 FOR $10.00</span>









	<span class="deal-expiry">
		Exp. 11/21
	</span>


	  				            </span>
	  			            </span>
	  		            </span>













	  		    <div class="hover-text-container">
	  			    <button href="#" tabindex="0" class="hover-text " aria-label="Quick View for Potato Chips, Regular.">Quick View</button>
	  		    </div>
	  	    </div>
	    </div>

	    <div class="product-in-cart">
	  	    <div class="wrapper-product-in-cart">
	  		    <span>
	  			    In Cart
	  		    </span>
	  	    </div>
	    </div>

	    <div class="product-info">
	  	    <div class="product-name-wrapper">
	  		    <a href="/Food/Pantry/Chips-%26-Salty-Snacks/Potato-Chips/Ruffles-Potato-Chips%2C-Regular/p/21049385_EA" class="product-name" aria-label="Product page for Potato Chips, Regular" >




	  			    <span class="js-product-entry-name">Potato Chips, Regular</span>

	  			    <span class="js-product-entry-size-detail">(220 g)</span>

	  		    </a>
	  	    </div>











		<span class="ad-match-badge  hidden">Ad Match</span>











	  	    <div class="price">
			    <div class="price-wrapper no-discount  ">
				    <span class="reg-price  " aria-label="Regular Price: $3.27">
					    <span class="reg-price-text">$3.27</span>

					    <sup class="reg-price-unit">ea</sup>
				    </span>
				    <span class="sale-price hidden" aria-label="Sale Price:">
					    <span class="sale-price-text"></span>
					    <sup class="sale-price-unit">ea</sup>
				    </span>

				    <span class="secondary-price hidden">

					    <span class="secondary-price-text" aria-label="Secondary Price:"></span>
				    </span>
			    </div>
	  	    </div>

	  	    <div class="qty">
	  		    <span class="reg-qty  ">



		  		<span class="sr-only">Sale Price Per Unit:</span>
        $1.49
        /
        100
        g


	</span>

	<span class="sale-qty hidden">



		  		<span class="sr-only">Sale Price Per Unit:</span>
        $1.49
        /
        100
        g


	</span>

	<span class="secondary-qty hidden">

	  	<span class="secondary-qty-text"></span>
	</span>
	  	    </div>
	    </div>





	</div>
	<form class="form-product  quickview-btn-simple"
	  data-product-id="21049385_EA"
	  data-min-qty="1.0"
	  data-max-qty="999.0"
	  data-unit-type="ea"
	  data-cart-qty="1"
	  data-default-qty="1"
	  novalidate="novalidate"
	  promoCode=""
	  promoNumber=""
	  data-is-customized="false"
	  data-cart-url="/cart/product/21049385_EA"
	  data-csrf-token="9af9e160-7d7f-4cdf-9627-4f0808aa8853"
	  data-is-weighted-product="false">

	<div class="module-add-to-cart " data-change-type="plus" data-auto-edit="true" data-auto-add="true"
		 data-cart-ajax-url="/cart/updateCart">
		<div class="wrapper-add-to-cart-btn">
					<div class="module-add-to-cart-button-small">
							<button type="button" class="btn btn-secondary btn-add-to-cart " data-auid="add-to-cart-button" data-has-pts-badge="false" aria-label="Add Potato Chips, Regular to cart">
										<span class="icon-cart"></span>
										<span class="add-to-cart-text">
											Add</span>
									</button>
									<button type="button" class="btn btn-secondary btn-edit-cart hidden " aria-label="Edit Cart">
										<span class="qty-in-cart"></span>
										<span class="edit-cart-text">
											<spring code="product.edit.text" />"
										</span>
									</button>
								<div class="add-list-parent add-list-module  bottom-add-list-module ">
	<button class="btn btn-inline-link btn-save-to-list  dark is-btn-animated"
	  data-login-url="/account/login?productCode=21049385_EA"
	  data-ajax-url="/restful/lists/all?productCode=21049385_EA"
	  data-user-guest="N"
	  data-user-guest="N" data-product-code="21049385_EA"
	  data-delete-item="false"
	  aria-label="Add Potato Chips, Regular to a List">
	  <span class="glyphicon glyphicon-th-list"></span>
	  <div class="list-cta-text  is-btn-animated">Add to List</div>
	</button>

	<!-- this is the list HTML   -->
	<div class="save-to-list-popup  is-btn-animated animation-up dark"
	  data-save-to-list-error="Can not get lists at this time. Please try again later."
	  data-product-name="Potato Chips, Regular">
	  <div class="inner-container">
	  </div>

	</div>
</div>

</div>
				</div>
			</div>


	<div class="module-plus-minus-buttons small hidden ">
			<button type="button" class="btn cart-change-qty" data-change-type="minus" data-auid="decrease-product-quantity" alt="Minus" aria-label="Minus">
				<span class="icon-minimize"></span>
			</button>
			<div class="plus-minus-input-wrapper">
				<input class="input-qty cart-change-qty" aria-label="Enter manual quantity" type="text" name="qty" title="Change quantity in cart"
							data-unit-type="ea"
							value="1ea" data-change-type="equals"
							maxlength="7">

						<span class="input-qty-pretty">
							<span class="input-qty-pretty-value">1</span>
							<span class="input-qty-pretty-unit"></span>
						</span>
					</div>

			<button type="button" class="btn cart-change-qty" data-change-type="plus" data-auid="increase-product-quantity" alt="Plus" aria-label="Plus">
				<span class="icon-plus-sign"></span>
			</button>

			<p class="deal-limit-reached hidden">Deal Limit Reached</p>

			<div class="tooltip-qty-error tooltip-qty-limit hidden">
				<p>
					Limit to
					&nbsp;
					999
					&nbsp;each&nbsp;
					per customer.</p>
			</div>
			<div class="tooltip-qty-error tooltip-round-error hidden">
				<p>
					We do not have this in the weight you wanted. We've rounded your order to the nearest weight increment we stock.</p>
			</div>
		</div>
	</form>

<!-- End Template: AddToCartSmall -->

</div>
</div>
																<div class="item content-tile">


















































































<div class="module-grocery-product quickview-simple  clicked" data-quickview-ajax-url="/p/21062300_EA/quickViewProduct" data-product-id="21062300_EA"  data-product-price="$2.97">



		<span class="subtitle"></span>


	<div class="product-page-hotspot">
	    <div class="product-cell quickview-button">
	  	    <div class="product-image ">

	  		    <img src="https://assets.shop.loblaws.ca/products/21062300/b1/en/front/21062300_front_a01.png" onerror="this.src='https://assets.shop.loblaws.ca/products/NoImage/b1/en/front/NoImage_front_a01_@2.png';" alt="Cheetos Snowflakes Snacks" />


	  			        <span class="sticker deal">
	  				        <span class="deal-badge">




	  				            <span class="module-deal-badge module-deal-badge-grid simple-save-unit "
	  						        data-deal-type="$2.97 LIMIT 4"
	  						        data-ajax-promo-url="/simpleDeal/deals/product-tile?productCode=21062300_EA"
	  						        data-deal-id="21062300_EA">
	  						        <span class="deal-type">$2.97 LIMIT 4</span>









	<span class="deal-expiry">
		Exp. 11/29
	</span>


	  				            </span>
	  			            </span>
	  		            </span>













	  		    <div class="hover-text-container">
	  			    <button href="#" tabindex="0" class="hover-text " aria-label="Quick View for Cheetos Snowflakes Snacks.">Quick View</button>
	  		    </div>
	  	    </div>
	    </div>

	    <div class="product-in-cart">
	  	    <div class="wrapper-product-in-cart">
	  		    <span>
	  			    In Cart
	  		    </span>
	  	    </div>
	    </div>

	    <div class="product-info">
	  	    <div class="product-name-wrapper">
	  		    <a href="/Food/Pantry/Chips-%26-Salty-Snacks/Potato-Chips/Cheetos-Cheetos-Snowflakes-Snacks/p/21062300_EA" class="product-name" aria-label="Product page for Cheetos Snowflakes Snacks" >




	  			    <span class="js-product-entry-name">Cheetos Snowflakes Snacks</span>

	  			    <span class="js-product-entry-size-detail">(180 g)</span>

	  		    </a>
	  	    </div>











		<span class="ad-match-badge  hidden">Ad Match</span>











	  	    <div class="price">
			    <div class="price-wrapper no-discount promo-alert ">
				    <span class="reg-price  price-alert" aria-label="Regular Price: $2.97">
					    <span class="reg-price-text">$2.97</span>

					    <sup class="reg-price-unit">ea</sup>
				    </span>
				    <span class="sale-price hidden" aria-label="Sale Price:">
					    <span class="sale-price-text"></span>
					    <sup class="sale-price-unit">ea</sup>
				    </span>

				    <span class="secondary-price hidden">

					    <span class="secondary-price-text" aria-label="Secondary Price:"></span>
				    </span>
			    </div>
	  	    </div>

	  	    <div class="qty">
	  		    <span class="reg-qty  price-alert">



		  		<span class="sr-only">Sale Price Per Unit:</span>
        $1.65
        /
        100
        g


	</span>

	<span class="sale-qty hidden">



		  		<span class="sr-only">Sale Price Per Unit:</span>
        $1.65
        /
        100
        g


	</span>

	<span class="secondary-qty hidden">

	  	<span class="secondary-qty-text"></span>
	</span>
	  	    </div>
	    </div>





	</div>
	<form class="form-product  quickview-btn-simple"
	  data-product-id="21062300_EA"
	  data-min-qty="1.0"
	  data-max-qty="999.0"
	  data-unit-type="ea"
	  data-cart-qty="1"
	  data-default-qty="1"
	  novalidate="novalidate"
	  promoCode=""
	  promoNumber=""
	  data-is-customized="false"
	  data-cart-url="/cart/product/21062300_EA"
	  data-csrf-token="9af9e160-7d7f-4cdf-9627-4f0808aa8853"
	  data-is-weighted-product="false">

	<div class="module-add-to-cart " data-change-type="plus" data-auto-edit="true" data-auto-add="true"
		 data-cart-ajax-url="/cart/updateCart">
		<div class="wrapper-add-to-cart-btn">
					<div class="module-add-to-cart-button-small">
							<button type="button" class="btn btn-secondary btn-add-to-cart " data-auid="add-to-cart-button" data-has-pts-badge="false" aria-label="Add Cheetos Snowflakes Snacks to cart">
										<span class="icon-cart"></span>
										<span class="add-to-cart-text">
											Add</span>
									</button>
									<button type="button" class="btn btn-secondary btn-edit-cart hidden " aria-label="Edit Cart">
										<span class="qty-in-cart"></span>
										<span class="edit-cart-text">
											<spring code="product.edit.text" />"
										</span>
									</button>
								<div class="add-list-parent add-list-module  bottom-add-list-module ">
	<button class="btn btn-inline-link btn-save-to-list  dark is-btn-animated"
	  data-login-url="/account/login?productCode=21062300_EA"
	  data-ajax-url="/restful/lists/all?productCode=21062300_EA"
	  data-user-guest="N"
	  data-user-guest="N" data-product-code="21062300_EA"
	  data-delete-item="false"
	  aria-label="Add Cheetos Snowflakes Snacks to a List">
	  <span class="glyphicon glyphicon-th-list"></span>
	  <div class="list-cta-text  is-btn-animated">Add to List</div>
	</button>

	<!-- this is the list HTML   -->
	<div class="save-to-list-popup  is-btn-animated animation-up dark"
	  data-save-to-list-error="Can not get lists at this time. Please try again later."
	  data-product-name="Cheetos Snowflakes Snacks">
	  <div class="inner-container">
	  </div>

	</div>
</div>

</div>
				</div>
			</div>


	<div class="module-plus-minus-buttons small hidden ">
			<button type="button" class="btn cart-change-qty" data-change-type="minus" data-auid="decrease-product-quantity" alt="Minus" aria-label="Minus">
				<span class="icon-minimize"></span>
			</button>
			<div class="plus-minus-input-wrapper">
				<input class="input-qty cart-change-qty" aria-label="Enter manual quantity" type="text" name="qty" title="Change quantity in cart"
							data-unit-type="ea"
							value="1ea" data-change-type="equals"
							maxlength="7">

						<span class="input-qty-pretty">
							<span class="input-qty-pretty-value">1</span>
							<span class="input-qty-pretty-unit"></span>
						</span>
					</div>

			<button type="button" class="btn cart-change-qty" data-change-type="plus" data-auid="increase-product-quantity" alt="Plus" aria-label="Plus">
				<span class="icon-plus-sign"></span>
			</button>

			<p class="deal-limit-reached hidden">Deal Limit Reached</p>

			<div class="tooltip-qty-error tooltip-qty-limit hidden">
				<p>
					Limit to
					&nbsp;
					999
					&nbsp;each&nbsp;
					per customer.</p>
			</div>
			<div class="tooltip-qty-error tooltip-round-error hidden">
				<p>
					We do not have this in the weight you wanted. We've rounded your order to the nearest weight increment we stock.</p>
			</div>
		</div>
	</form>

<!-- End Template: AddToCartSmall -->

</div>
</div>
																<div class="item content-tile">
















































































<div class="module-grocery-product quickview-simple  clicked" data-quickview-ajax-url="/p/21087202_EA/quickViewProduct" data-product-id="21087202_EA"  data-product-price="$3.18">



		<span class="subtitle"></span>


	<div class="product-page-hotspot">
	    <div class="product-cell quickview-button">
	  	    <div class="product-image ">

	  		    <img src="https://assets.shop.loblaws.ca/products/21087202/b1/en/front/21087202_front_a01.png" onerror="this.src='https://assets.shop.loblaws.ca/products/NoImage/b1/en/front/NoImage_front_a01_@2.png';" alt="Wavy Lightly Salted Chips" />


	  			        <span class="sticker deal">
	  				        <span class="deal-badge">




	  				            <span class="module-deal-badge module-deal-badge-grid simple-save-unit "
	  						        data-deal-type="4 FOR $10.00"
	  						        data-ajax-promo-url="/simpleDeal/deals/product-tile?productCode=21087202_EA"
	  						        data-deal-id="21087202_EA">
	  						        <span class="deal-type">4 FOR $10.00</span>









	<span class="deal-expiry">
		Exp. 11/21
	</span>


	  				            </span>
	  			            </span>
	  		            </span>













	  		    <div class="hover-text-container">
	  			    <button href="#" tabindex="0" class="hover-text " aria-label="Quick View for Wavy Lightly Salted Chips.">Quick View</button>
	  		    </div>
	  	    </div>
	    </div>

	    <div class="product-in-cart">
	  	    <div class="wrapper-product-in-cart">
	  		    <span>
	  			    In Cart
	  		    </span>
	  	    </div>
	    </div>

	    <div class="product-info">
	  	    <div class="product-name-wrapper">
	  		    <a href="/Food/Pantry/Chips-%26-Salty-Snacks/Potato-Chips/Lay%27s-Wavy-Lightly-Salted-Chips/p/21087202_EA" class="product-name" aria-label="Product page for Wavy Lightly Salted Chips" >
	  			    <span class="js-product-entry-brand">Lay's&nbsp;</span>



	  			    <span class="js-product-entry-name">Wavy Lightly Salted Chips</span>

	  			    <span class="js-product-entry-size-detail">(255 g)</span>

	  		    </a>
	  	    </div>











		<span class="ad-match-badge  hidden">Ad Match</span>











	  	    <div class="price">
			    <div class="price-wrapper no-discount  ">
				    <span class="reg-price  " aria-label="Regular Price: $3.18">
					    <span class="reg-price-text">$3.18</span>

					    <sup class="reg-price-unit">ea</sup>
				    </span>
				    <span class="sale-price hidden" aria-label="Sale Price:">
					    <span class="sale-price-text"></span>
					    <sup class="sale-price-unit">ea</sup>
				    </span>

				    <span class="secondary-price hidden">

					    <span class="secondary-price-text" aria-label="Secondary Price:"></span>
				    </span>
			    </div>
	  	    </div>

	  	    <div class="qty">
	  		    <span class="reg-qty  ">



		  		<span class="sr-only">Sale Price Per Unit:</span>
        $1.25
        /
        100
        g


	</span>

	<span class="sale-qty hidden">



		  		<span class="sr-only">Sale Price Per Unit:</span>
        $1.25
        /
        100
        g


	</span>

	<span class="secondary-qty hidden">

	  	<span class="secondary-qty-text"></span>
	</span>
	  	    </div>
	    </div>





	</div>
	<form class="form-product  quickview-btn-simple"
	  data-product-id="21087202_EA"
	  data-min-qty="1.0"
	  data-max-qty="999.0"
	  data-unit-type="ea"
	  data-cart-qty="1"
	  data-default-qty="1"
	  novalidate="novalidate"
	  promoCode=""
	  promoNumber=""
	  data-is-customized="false"
	  data-cart-url="/cart/product/21087202_EA"
	  data-csrf-token="9af9e160-7d7f-4cdf-9627-4f0808aa8853"
	  data-is-weighted-product="false">

	<div class="module-add-to-cart " data-change-type="plus" data-auto-edit="true" data-auto-add="true"
		 data-cart-ajax-url="/cart/updateCart">
		<div class="wrapper-add-to-cart-btn">
					<div class="module-add-to-cart-button-small">
							<button type="button" class="btn btn-secondary btn-add-to-cart " data-auid="add-to-cart-button" data-has-pts-badge="false" aria-label="Add Wavy Lightly Salted Chips to cart">
										<span class="icon-cart"></span>
										<span class="add-to-cart-text">
											Add</span>
									</button>
									<button type="button" class="btn btn-secondary btn-edit-cart hidden " aria-label="Edit Cart">
										<span class="qty-in-cart"></span>
										<span class="edit-cart-text">
											<spring code="product.edit.text" />"
										</span>
									</button>
								<div class="add-list-parent add-list-module  bottom-add-list-module ">
	<button class="btn btn-inline-link btn-save-to-list  dark is-btn-animated"
	  data-login-url="/account/login?productCode=21087202_EA"
	  data-ajax-url="/restful/lists/all?productCode=21087202_EA"
	  data-user-guest="N"
	  data-user-guest="N" data-product-code="21087202_EA"
	  data-delete-item="false"
	  aria-label="Add Wavy Lightly Salted Chips to a List">
	  <span class="glyphicon glyphicon-th-list"></span>
	  <div class="list-cta-text  is-btn-animated">Add to List</div>
	</button>

	<!-- this is the list HTML   -->
	<div class="save-to-list-popup  is-btn-animated animation-up dark"
	  data-save-to-list-error="Can not get lists at this time. Please try again later."
	  data-product-name="Wavy Lightly Salted Chips">
	  <div class="inner-container">
	  </div>

	</div>
</div>

</div>
				</div>
			</div>


	<div class="module-plus-minus-buttons small hidden ">
			<button type="button" class="btn cart-change-qty" data-change-type="minus" data-auid="decrease-product-quantity" alt="Minus" aria-label="Minus">
				<span class="icon-minimize"></span>
			</button>
			<div class="plus-minus-input-wrapper">
				<input class="input-qty cart-change-qty" aria-label="Enter manual quantity" type="text" name="qty" title="Change quantity in cart"
							data-unit-type="ea"
							value="1ea" data-change-type="equals"
							maxlength="7">

						<span class="input-qty-pretty">
							<span class="input-qty-pretty-value">1</span>
							<span class="input-qty-pretty-unit"></span>
						</span>
					</div>

			<button type="button" class="btn cart-change-qty" data-change-type="plus" data-auid="increase-product-quantity" alt="Plus" aria-label="Plus">
				<span class="icon-plus-sign"></span>
			</button>

			<p class="deal-limit-reached hidden">Deal Limit Reached</p>

			<div class="tooltip-qty-error tooltip-qty-limit hidden">
				<p>
					Limit to
					&nbsp;
					999
					&nbsp;each&nbsp;
					per customer.</p>
			</div>
			<div class="tooltip-qty-error tooltip-round-error hidden">
				<p>
					We do not have this in the weight you wanted. We've rounded your order to the nearest weight increment we stock.</p>
			</div>
		</div>
	</form>

<!-- End Template: AddToCartSmall -->

</div>
</div>
																<div class="item content-tile">


















































































<div class="module-grocery-product quickview-simple  clicked" data-quickview-ajax-url="/p/20986486_EA/quickViewProduct" data-product-id="20986486_EA"  data-product-price="$6.98">



		<span class="subtitle"></span>


	<div class="product-page-hotspot">
	    <div class="product-cell quickview-button">
	  	    <div class="product-image ">

	  		    <img src="https://assets.shop.loblaws.ca/products/20986486/b1/en/front/20986486_front_a01.png" onerror="this.src='https://assets.shop.loblaws.ca/products/NoImage/b1/en/front/NoImage_front_a01_@2.png';" alt="Original Low Sodium" />


	  			        <span class="sticker deal">
	  				        <span class="deal-badge">




	  				            <span class="module-deal-badge module-deal-badge-grid simple-save-unit "
	  						        data-deal-type="$6.98 LIMIT 4"
	  						        data-ajax-promo-url="/simpleDeal/deals/product-tile?productCode=20986486_EA"
	  						        data-deal-id="20986486_EA">
	  						        <span class="deal-type">$6.98 LIMIT 4</span>









	<span class="deal-expiry">
		Exp. 11/29
	</span>


	  				            </span>
	  			            </span>
	  		            </span>













	  		    <div class="hover-text-container">
	  			    <button href="#" tabindex="0" class="hover-text " aria-label="Quick View for Original Low Sodium.">Quick View</button>
	  		    </div>
	  	    </div>
	    </div>

	    <div class="product-in-cart">
	  	    <div class="wrapper-product-in-cart">
	  		    <span>
	  			    In Cart
	  		    </span>
	  	    </div>
	    </div>

	    <div class="product-info">
	  	    <div class="product-name-wrapper">
	  		    <a href="/Food/Pantry/Chips-%26-Salty-Snacks/Potato-Chips/Terra-Original-Low-Sodium/p/20986486_EA" class="product-name" aria-label="Product page for Original Low Sodium" >
	  			    <span class="js-product-entry-brand">Terra&nbsp;</span>



	  			    <span class="js-product-entry-name">Original Low Sodium</span>

	  			    <span class="js-product-entry-size-detail">(354 g)</span>

	  		    </a>
	  	    </div>











		<span class="ad-match-badge  hidden">Ad Match</span>











	  	    <div class="price">
			    <div class="price-wrapper no-discount promo-alert ">
				    <span class="reg-price  price-alert" aria-label="Regular Price: $6.98">
					    <span class="reg-price-text">$6.98</span>

					    <sup class="reg-price-unit">ea</sup>
				    </span>
				    <span class="sale-price hidden" aria-label="Sale Price:">
					    <span class="sale-price-text"></span>
					    <sup class="sale-price-unit">ea</sup>
				    </span>

				    <span class="secondary-price hidden">

					    <span class="secondary-price-text" aria-label="Secondary Price:"></span>
				    </span>
			    </div>
	  	    </div>

	  	    <div class="qty">
	  		    <span class="reg-qty  price-alert">



		  		<span class="sr-only">Sale Price Per Unit:</span>
        $1.97
        /
        100
        g


	</span>

	<span class="sale-qty hidden">



		  		<span class="sr-only">Sale Price Per Unit:</span>
        $1.97
        /
        100
        g


	</span>

	<span class="secondary-qty hidden">

	  	<span class="secondary-qty-text"></span>
	</span>
	  	    </div>
	    </div>





	</div>
	<form class="form-product  quickview-btn-simple"
	  data-product-id="20986486_EA"
	  data-min-qty="1.0"
	  data-max-qty="999.0"
	  data-unit-type="ea"
	  data-cart-qty="1"
	  data-default-qty="1"
	  novalidate="novalidate"
	  promoCode=""
	  promoNumber=""
	  data-is-customized="false"
	  data-cart-url="/cart/product/20986486_EA"
	  data-csrf-token="9af9e160-7d7f-4cdf-9627-4f0808aa8853"
	  data-is-weighted-product="false">

	<div class="module-add-to-cart " data-change-type="plus" data-auto-edit="true" data-auto-add="true"
		 data-cart-ajax-url="/cart/updateCart">
		<div class="wrapper-add-to-cart-btn">
					<div class="module-add-to-cart-button-small">
							<button type="button" class="btn btn-secondary btn-add-to-cart " data-auid="add-to-cart-button" data-has-pts-badge="false" aria-label="Add Original Low Sodium to cart">
										<span class="icon-cart"></span>
										<span class="add-to-cart-text">
											Add</span>
									</button>
									<button type="button" class="btn btn-secondary btn-edit-cart hidden " aria-label="Edit Cart">
										<span class="qty-in-cart"></span>
										<span class="edit-cart-text">
											<spring code="product.edit.text" />"
										</span>
									</button>
								<div class="add-list-parent add-list-module  bottom-add-list-module ">
	<button class="btn btn-inline-link btn-save-to-list  dark is-btn-animated"
	  data-login-url="/account/login?productCode=20986486_EA"
	  data-ajax-url="/restful/lists/all?productCode=20986486_EA"
	  data-user-guest="N"
	  data-user-guest="N" data-product-code="20986486_EA"
	  data-delete-item="false"
	  aria-label="Add Original Low Sodium to a List">
	  <span class="glyphicon glyphicon-th-list"></span>
	  <div class="list-cta-text  is-btn-animated">Add to List</div>
	</button>

	<!-- this is the list HTML   -->
	<div class="save-to-list-popup  is-btn-animated animation-up dark"
	  data-save-to-list-error="Can not get lists at this time. Please try again later."
	  data-product-name="Original Low Sodium">
	  <div class="inner-container">
	  </div>

	</div>
</div>

</div>
				</div>
			</div>


	<div class="module-plus-minus-buttons small hidden ">
			<button type="button" class="btn cart-change-qty" data-change-type="minus" data-auid="decrease-product-quantity" alt="Minus" aria-label="Minus">
				<span class="icon-minimize"></span>
			</button>
			<div class="plus-minus-input-wrapper">
				<input class="input-qty cart-change-qty" aria-label="Enter manual quantity" type="text" name="qty" title="Change quantity in cart"
							data-unit-type="ea"
							value="1ea" data-change-type="equals"
							maxlength="7">

						<span class="input-qty-pretty">
							<span class="input-qty-pretty-value">1</span>
							<span class="input-qty-pretty-unit"></span>
						</span>
					</div>

			<button type="button" class="btn cart-change-qty" data-change-type="plus" data-auid="increase-product-quantity" alt="Plus" aria-label="Plus">
				<span class="icon-plus-sign"></span>
			</button>

			<p class="deal-limit-reached hidden">Deal Limit Reached</p>

			<div class="tooltip-qty-error tooltip-qty-limit hidden">
				<p>
					Limit to
					&nbsp;
					999
					&nbsp;each&nbsp;
					per customer.</p>
			</div>
			<div class="tooltip-qty-error tooltip-round-error hidden">
				<p>
					We do not have this in the weight you wanted. We've rounded your order to the nearest weight increment we stock.</p>
			</div>
		</div>
	</form>

<!-- End Template: AddToCartSmall -->

</div>
</div>
																<div class="item content-tile">
















































































<div class="module-grocery-product quickview-simple  clicked" data-quickview-ajax-url="/p/20797306006_EA/quickViewProduct" data-product-id="20797306006_EA"  data-product-price="$1.69">



		<span class="subtitle"></span>


	<div class="product-page-hotspot">
	    <div class="product-cell quickview-button">
	  	    <div class="product-image ">

	  		    <img src="https://assets.shop.loblaws.ca/products/20797306006/b1/en/front/20797306006_front_a01.png" onerror="this.src='https://assets.shop.loblaws.ca/products/NoImage/b1/en/front/NoImage_front_a01_@2.png';" alt="Potato Chips, Ketchup" />













	  		    <div class="hover-text-container">
	  			    <button href="#" tabindex="0" class="hover-text " aria-label="Quick View for Potato Chips, Ketchup.">Quick View</button>
	  		    </div>
	  	    </div>
	    </div>

	    <div class="product-in-cart">
	  	    <div class="wrapper-product-in-cart">
	  		    <span>
	  			    In Cart
	  		    </span>
	  	    </div>
	    </div>

	    <div class="product-info">
	  	    <div class="product-name-wrapper">
	  		    <a href="/Food/Pantry/Chips-%26-Salty-Snacks/Potato-Chips/Potato-Chips%2C-Ketchup/p/20797306006_EA" class="product-name" aria-label="Product page for Potato Chips, Ketchup" >
	  			    <span class="js-product-entry-brand">Lay's&nbsp;</span>



	  			    <span class="js-product-entry-name">Potato Chips, Ketchup</span>

	  			    <span class="js-product-entry-size-detail">(66 g)</span>

	  		    </a>
	  	    </div>











		<span class="ad-match-badge  hidden">Ad Match</span>











	  	    <div class="price">
			    <div class="price-wrapper no-discount  ">
				    <span class="reg-price  " aria-label="Regular Price: $1.69">
					    <span class="reg-price-text">$1.69</span>

					    <sup class="reg-price-unit">ea</sup>
				    </span>
				    <span class="sale-price hidden" aria-label="Sale Price:">
					    <span class="sale-price-text"></span>
					    <sup class="sale-price-unit">ea</sup>
				    </span>

				    <span class="secondary-price hidden">

					    <span class="secondary-price-text" aria-label="Secondary Price:"></span>
				    </span>
			    </div>
	  	    </div>

	  	    <div class="qty">
	  		    <span class="reg-qty  ">



		  		<span class="sr-only">Sale Price Per Unit:</span>
        $2.56
        /
        100
        g


	</span>

	<span class="sale-qty hidden">



		  		<span class="sr-only">Sale Price Per Unit:</span>
        $2.56
        /
        100
        g


	</span>

	<span class="secondary-qty hidden">

	  	<span class="secondary-qty-text"></span>
	</span>
	  	    </div>
	    </div>





	</div>
	<form class="form-product  quickview-btn-simple"
	  data-product-id="20797306006_EA"
	  data-min-qty="1.0"
	  data-max-qty="999.0"
	  data-unit-type="ea"
	  data-cart-qty="1"
	  data-default-qty="1"
	  novalidate="novalidate"
	  promoCode=""
	  promoNumber=""
	  data-is-customized="false"
	  data-cart-url="/cart/product/20797306006_EA"
	  data-csrf-token="9af9e160-7d7f-4cdf-9627-4f0808aa8853"
	  data-is-weighted-product="false">

	<div class="module-add-to-cart " data-change-type="plus" data-auto-edit="true" data-auto-add="true"
		 data-cart-ajax-url="/cart/updateCart">
		<div class="wrapper-add-to-cart-btn">
					<div class="module-add-to-cart-button-small">
							<button type="button" class="btn btn-secondary btn-add-to-cart " data-auid="add-to-cart-button" data-has-pts-badge="false" aria-label="Add Potato Chips, Ketchup to cart">
										<span class="icon-cart"></span>
										<span class="add-to-cart-text">
											Add</span>
									</button>
									<button type="button" class="btn btn-secondary btn-edit-cart hidden " aria-label="Edit Cart">
										<span class="qty-in-cart"></span>
										<span class="edit-cart-text">
											<spring code="product.edit.text" />"
										</span>
									</button>
								<div class="add-list-parent add-list-module  bottom-add-list-module ">
	<button class="btn btn-inline-link btn-save-to-list  dark is-btn-animated"
	  data-login-url="/account/login?productCode=20797306006_EA"
	  data-ajax-url="/restful/lists/all?productCode=20797306006_EA"
	  data-user-guest="N"
	  data-user-guest="N" data-product-code="20797306006_EA"
	  data-delete-item="false"
	  aria-label="Add Potato Chips, Ketchup to a List">
	  <span class="glyphicon glyphicon-th-list"></span>
	  <div class="list-cta-text  is-btn-animated">Add to List</div>
	</button>

	<!-- this is the list HTML   -->
	<div class="save-to-list-popup  is-btn-animated animation-up dark"
	  data-save-to-list-error="Can not get lists at this time. Please try again later."
	  data-product-name="Potato Chips, Ketchup">
	  <div class="inner-container">
	  </div>

	</div>
</div>

</div>
				</div>
			</div>


	<div class="module-plus-minus-buttons small hidden ">
			<button type="button" class="btn cart-change-qty" data-change-type="minus" data-auid="decrease-product-quantity" alt="Minus" aria-label="Minus">
				<span class="icon-minimize"></span>
			</button>
			<div class="plus-minus-input-wrapper">
				<input class="input-qty cart-change-qty" aria-label="Enter manual quantity" type="text" name="qty" title="Change quantity in cart"
							data-unit-type="ea"
							value="1ea" data-change-type="equals"
							maxlength="7">

						<span class="input-qty-pretty">
							<span class="input-qty-pretty-value">1</span>
							<span class="input-qty-pretty-unit"></span>
						</span>
					</div>

			<button type="button" class="btn cart-change-qty" data-change-type="plus" data-auid="increase-product-quantity" alt="Plus" aria-label="Plus">
				<span class="icon-plus-sign"></span>
			</button>

			<p class="deal-limit-reached hidden">Deal Limit Reached</p>

			<div class="tooltip-qty-error tooltip-qty-limit hidden">
				<p>
					Limit to
					&nbsp;
					999
					&nbsp;each&nbsp;
					per customer.</p>
			</div>
			<div class="tooltip-qty-error tooltip-round-error hidden">
				<p>
					We do not have this in the weight you wanted. We've rounded your order to the nearest weight increment we stock.</p>
			</div>
		</div>
	</form>

<!-- End Template: AddToCartSmall -->

</div>
</div>
																<div class="item content-tile">
















































































<div class="module-grocery-product quickview-simple  clicked" data-quickview-ajax-url="/p/20028559_EA/quickViewProduct" data-product-id="20028559_EA"  data-product-price="$2.98">



		<span class="subtitle"></span>


	<div class="product-page-hotspot">
	    <div class="product-cell quickview-button">
	  	    <div class="product-image ">

	  		    <img src="https://assets.shop.loblaws.ca/products/20028559/b1/en/front/20028559_front_a01.png" onerror="this.src='https://assets.shop.loblaws.ca/products/NoImage/b1/en/front/NoImage_front_a01_@2.png';" alt="Party Mix" />













	  		    <div class="hover-text-container">
	  			    <button href="#" tabindex="0" class="hover-text " aria-label="Quick View for Party Mix.">Quick View</button>
	  		    </div>
	  	    </div>
	    </div>

	    <div class="product-in-cart">
	  	    <div class="wrapper-product-in-cart">
	  		    <span>
	  			    In Cart
	  		    </span>
	  	    </div>
	    </div>

	    <div class="product-info">
	  	    <div class="product-name-wrapper">
	  		    <a href="/Food/Pantry/Chips-%26-Salty-Snacks/Pretzels-%26-Snack-Mixes/Party-Mix/p/20028559_EA" class="product-name" aria-label="Product page for Party Mix" >
	  			    <span class="js-product-entry-brand">No Name&nbsp;</span>



	  			    <span class="js-product-entry-name">Party Mix</span>

	  			    <span class="js-product-entry-size-detail">(320 g)</span>

	  		    </a>
	  	    </div>











		<span class="ad-match-badge  hidden">Ad Match</span>











	  	    <div class="price">
			    <div class="price-wrapper no-discount  ">
				    <span class="reg-price  " aria-label="Regular Price: $2.98">
					    <span class="reg-price-text">$2.98</span>

					    <sup class="reg-price-unit">ea</sup>
				    </span>
				    <span class="sale-price hidden" aria-label="Sale Price:">
					    <span class="sale-price-text"></span>
					    <sup class="sale-price-unit">ea</sup>
				    </span>

				    <span class="secondary-price hidden">

					    <span class="secondary-price-text" aria-label="Secondary Price:"></span>
				    </span>
			    </div>
	  	    </div>

	  	    <div class="qty">
	  		    <span class="reg-qty  ">



		  		<span class="sr-only">Sale Price Per Unit:</span>
        $0.93
        /
        100
        g


	</span>

	<span class="sale-qty hidden">



		  		<span class="sr-only">Sale Price Per Unit:</span>
        $0.93
        /
        100
        g


	</span>

	<span class="secondary-qty hidden">

	  	<span class="secondary-qty-text"></span>
	</span>
	  	    </div>
	    </div>





	</div>
	<form class="form-product  quickview-btn-simple"
	  data-product-id="20028559_EA"
	  data-min-qty="1.0"
	  data-max-qty="999.0"
	  data-unit-type="ea"
	  data-cart-qty="1"
	  data-default-qty="1"
	  novalidate="novalidate"
	  promoCode=""
	  promoNumber=""
	  data-is-customized="false"
	  data-cart-url="/cart/product/20028559_EA"
	  data-csrf-token="9af9e160-7d7f-4cdf-9627-4f0808aa8853"
	  data-is-weighted-product="false">

	<div class="module-add-to-cart " data-change-type="plus" data-auto-edit="true" data-auto-add="true"
		 data-cart-ajax-url="/cart/updateCart">
		<div class="wrapper-add-to-cart-btn">
					<div class="module-add-to-cart-button-small">
							<button type="button" class="btn btn-secondary btn-add-to-cart " data-auid="add-to-cart-button" data-has-pts-badge="false" aria-label="Add Party Mix to cart">
										<span class="icon-cart"></span>
										<span class="add-to-cart-text">
											Add</span>
									</button>
									<button type="button" class="btn btn-secondary btn-edit-cart hidden " aria-label="Edit Cart">
										<span class="qty-in-cart"></span>
										<span class="edit-cart-text">
											<spring code="product.edit.text" />"
										</span>
									</button>
								<div class="add-list-parent add-list-module  bottom-add-list-module ">
	<button class="btn btn-inline-link btn-save-to-list  dark is-btn-animated"
	  data-login-url="/account/login?productCode=20028559_EA"
	  data-ajax-url="/restful/lists/all?productCode=20028559_EA"
	  data-user-guest="N"
	  data-user-guest="N" data-product-code="20028559_EA"
	  data-delete-item="false"
	  aria-label="Add Party Mix to a List">
	  <span class="glyphicon glyphicon-th-list"></span>
	  <div class="list-cta-text  is-btn-animated">Add to List</div>
	</button>

	<!-- this is the list HTML   -->
	<div class="save-to-list-popup  is-btn-animated animation-up dark"
	  data-save-to-list-error="Can not get lists at this time. Please try again later."
	  data-product-name="Party Mix">
	  <div class="inner-container">
	  </div>

	</div>
</div>

</div>
				</div>
			</div>


	<div class="module-plus-minus-buttons small hidden ">
			<button type="button" class="btn cart-change-qty" data-change-type="minus" data-auid="decrease-product-quantity" alt="Minus" aria-label="Minus">
				<span class="icon-minimize"></span>
			</button>
			<div class="plus-minus-input-wrapper">
				<input class="input-qty cart-change-qty" aria-label="Enter manual quantity" type="text" name="qty" title="Change quantity in cart"
							data-unit-type="ea"
							value="1ea" data-change-type="equals"
							maxlength="7">

						<span class="input-qty-pretty">
							<span class="input-qty-pretty-value">1</span>
							<span class="input-qty-pretty-unit"></span>
						</span>
					</div>

			<button type="button" class="btn cart-change-qty" data-change-type="plus" data-auid="increase-product-quantity" alt="Plus" aria-label="Plus">
				<span class="icon-plus-sign"></span>
			</button>

			<p class="deal-limit-reached hidden">Deal Limit Reached</p>

			<div class="tooltip-qty-error tooltip-qty-limit hidden">
				<p>
					Limit to
					&nbsp;
					999
					&nbsp;each&nbsp;
					per customer.</p>
			</div>
			<div class="tooltip-qty-error tooltip-round-error hidden">
				<p>
					We do not have this in the weight you wanted. We've rounded your order to the nearest weight increment we stock.</p>
			</div>
		</div>
	</form>

<!-- End Template: AddToCartSmall -->

</div>
</div>
																<div class="item content-tile">
















































































<div class="module-grocery-product quickview-simple  clicked" data-quickview-ajax-url="/p/20972782_EA/quickViewProduct" data-product-id="20972782_EA"  data-product-price="$4.58">



		<span class="subtitle"></span>


	<div class="product-page-hotspot">
	    <div class="product-cell quickview-button">
	  	    <div class="product-image ">

	  		    <img src="https://assets.shop.loblaws.ca/products/20972782/b1/en/front/20972782_front_a01.png" onerror="this.src='https://assets.shop.loblaws.ca/products/NoImage/b1/en/front/NoImage_front_a01_@2.png';" alt="Potato Chips, Regular" />













	  		    <div class="hover-text-container">
	  			    <button href="#" tabindex="0" class="hover-text " aria-label="Quick View for Potato Chips, Regular.">Quick View</button>
	  		    </div>
	  	    </div>
	    </div>

	    <div class="product-in-cart">
	  	    <div class="wrapper-product-in-cart">
	  		    <span>
	  			    In Cart
	  		    </span>
	  	    </div>
	    </div>

	    <div class="product-info">
	  	    <div class="product-name-wrapper">
	  		    <a href="/Food/Pantry/Chips-%26-Salty-Snacks/Potato-Chips/Ruffles-Potato-Chips%2C-Regular/p/20972782_EA" class="product-name" aria-label="Product page for Potato Chips, Regular" >




	  			    <span class="js-product-entry-name">Potato Chips, Regular</span>

	  			    <span class="js-product-entry-size-detail">(380 g)</span>

	  		    </a>
	  	    </div>











		<span class="ad-match-badge  hidden">Ad Match</span>











	  	    <div class="price">
			    <div class="price-wrapper no-discount  ">
				    <span class="reg-price  " aria-label="Regular Price: $4.58">
					    <span class="reg-price-text">$4.58</span>

					    <sup class="reg-price-unit">ea</sup>
				    </span>
				    <span class="sale-price hidden" aria-label="Sale Price:">
					    <span class="sale-price-text"></span>
					    <sup class="sale-price-unit">ea</sup>
				    </span>

				    <span class="secondary-price hidden">

					    <span class="secondary-price-text" aria-label="Secondary Price:"></span>
				    </span>
			    </div>
	  	    </div>

	  	    <div class="qty">
	  		    <span class="reg-qty  ">



		  		<span class="sr-only">Sale Price Per Unit:</span>
        $1.21
        /
        100
        g


	</span>

	<span class="sale-qty hidden">



		  		<span class="sr-only">Sale Price Per Unit:</span>
        $1.21
        /
        100
        g


	</span>

	<span class="secondary-qty hidden">

	  	<span class="secondary-qty-text"></span>
	</span>
	  	    </div>
	    </div>





	</div>
	<form class="form-product  quickview-btn-simple"
	  data-product-id="20972782_EA"
	  data-min-qty="1.0"
	  data-max-qty="999.0"
	  data-unit-type="ea"
	  data-cart-qty="1"
	  data-default-qty="1"
	  novalidate="novalidate"
	  promoCode=""
	  promoNumber=""
	  data-is-customized="false"
	  data-cart-url="/cart/product/20972782_EA"
	  data-csrf-token="9af9e160-7d7f-4cdf-9627-4f0808aa8853"
	  data-is-weighted-product="false">

	<div class="module-add-to-cart " data-change-type="plus" data-auto-edit="true" data-auto-add="true"
		 data-cart-ajax-url="/cart/updateCart">
		<div class="wrapper-add-to-cart-btn">
					<div class="module-add-to-cart-button-small">
							<button type="button" class="btn btn-secondary btn-add-to-cart " data-auid="add-to-cart-button" data-has-pts-badge="false" aria-label="Add Potato Chips, Regular to cart">
										<span class="icon-cart"></span>
										<span class="add-to-cart-text">
											Add</span>
									</button>
									<button type="button" class="btn btn-secondary btn-edit-cart hidden " aria-label="Edit Cart">
										<span class="qty-in-cart"></span>
										<span class="edit-cart-text">
											<spring code="product.edit.text" />"
										</span>
									</button>
								<div class="add-list-parent add-list-module  bottom-add-list-module ">
	<button class="btn btn-inline-link btn-save-to-list  dark is-btn-animated"
	  data-login-url="/account/login?productCode=20972782_EA"
	  data-ajax-url="/restful/lists/all?productCode=20972782_EA"
	  data-user-guest="N"
	  data-user-guest="N" data-product-code="20972782_EA"
	  data-delete-item="false"
	  aria-label="Add Potato Chips, Regular to a List">
	  <span class="glyphicon glyphicon-th-list"></span>
	  <div class="list-cta-text  is-btn-animated">Add to List</div>
	</button>

	<!-- this is the list HTML   -->
	<div class="save-to-list-popup  is-btn-animated animation-up dark"
	  data-save-to-list-error="Can not get lists at this time. Please try again later."
	  data-product-name="Potato Chips, Regular">
	  <div class="inner-container">
	  </div>

	</div>
</div>

</div>
				</div>
			</div>


	<div class="module-plus-minus-buttons small hidden ">
			<button type="button" class="btn cart-change-qty" data-change-type="minus" data-auid="decrease-product-quantity" alt="Minus" aria-label="Minus">
				<span class="icon-minimize"></span>
			</button>
			<div class="plus-minus-input-wrapper">
				<input class="input-qty cart-change-qty" aria-label="Enter manual quantity" type="text" name="qty" title="Change quantity in cart"
							data-unit-type="ea"
							value="1ea" data-change-type="equals"
							maxlength="7">

						<span class="input-qty-pretty">
							<span class="input-qty-pretty-value">1</span>
							<span class="input-qty-pretty-unit"></span>
						</span>
					</div>

			<button type="button" class="btn cart-change-qty" data-change-type="plus" data-auid="increase-product-quantity" alt="Plus" aria-label="Plus">
				<span class="icon-plus-sign"></span>
			</button>

			<p class="deal-limit-reached hidden">Deal Limit Reached</p>

			<div class="tooltip-qty-error tooltip-qty-limit hidden">
				<p>
					Limit to
					&nbsp;
					999
					&nbsp;each&nbsp;
					per customer.</p>
			</div>
			<div class="tooltip-qty-error tooltip-round-error hidden">
				<p>
					We do not have this in the weight you wanted. We've rounded your order to the nearest weight increment we stock.</p>
			</div>
		</div>
	</form>

<!-- End Template: AddToCartSmall -->

</div>
</div>
																<div class="item content-tile">


















































































<div class="module-grocery-product quickview-simple  clicked" data-quickview-ajax-url="/p/21031311_EA/quickViewProduct" data-product-id="21031311_EA"  data-product-price="$3.48">



		<span class="subtitle"></span>


	<div class="product-page-hotspot">
	    <div class="product-cell quickview-button">
	  	    <div class="product-image ">

	  		    <img src="https://assets.shop.loblaws.ca/products/21031311/b1/en/front/21031311_front_a01.png" onerror="this.src='https://assets.shop.loblaws.ca/products/NoImage/b1/en/front/NoImage_front_a01_@2.png';" alt="Unsalted Tortilla Chips" />


	  			        <span class="sticker deal">
	  				        <span class="deal-badge">




	  				            <span class="module-deal-badge module-deal-badge-grid simple-save-unit "
	  						        data-deal-type="$3.48 LIMIT 4"
	  						        data-ajax-promo-url="/simpleDeal/deals/product-tile?productCode=21031311_EA"
	  						        data-deal-id="21031311_EA">
	  						        <span class="deal-type">$3.48 LIMIT 4</span>









	<span class="deal-expiry">
		Exp. 11/21
	</span>


	  				            </span>
	  			            </span>
	  		            </span>













	  		    <div class="hover-text-container">
	  			    <button href="#" tabindex="0" class="hover-text " aria-label="Quick View for Unsalted Tortilla Chips.">Quick View</button>
	  		    </div>
	  	    </div>
	    </div>

	    <div class="product-in-cart">
	  	    <div class="wrapper-product-in-cart">
	  		    <span>
	  			    In Cart
	  		    </span>
	  	    </div>
	    </div>

	    <div class="product-info">
	  	    <div class="product-name-wrapper">
	  		    <a href="/Food/Pantry/Chips-%26-Salty-Snacks/Potato-Chips/Que-Pasa-Unsalted-Tortilla-Chips/p/21031311_EA" class="product-name" aria-label="Product page for Unsalted Tortilla Chips" >
	  			    <span class="js-product-entry-brand">Que Pasa&nbsp;</span>



	  			    <span class="js-product-entry-name">Unsalted Tortilla Chips</span>

	  			    <span class="js-product-entry-size-detail">(350 g)</span>

	  		    </a>
	  	    </div>











		<span class="ad-match-badge  hidden">Ad Match</span>











	  	    <div class="price">
			    <div class="price-wrapper no-discount promo-alert ">
				    <span class="reg-price  price-alert" aria-label="Regular Price: $3.48">
					    <span class="reg-price-text">$3.48</span>

					    <sup class="reg-price-unit">ea</sup>
				    </span>
				    <span class="sale-price hidden" aria-label="Sale Price:">
					    <span class="sale-price-text"></span>
					    <sup class="sale-price-unit">ea</sup>
				    </span>

				    <span class="secondary-price hidden">

					    <span class="secondary-price-text" aria-label="Secondary Price:"></span>
				    </span>
			    </div>
	  	    </div>

	  	    <div class="qty">
	  		    <span class="reg-qty  price-alert">



		  		<span class="sr-only">Sale Price Per Unit:</span>
        $0.99
        /
        100
        g


	</span>

	<span class="sale-qty hidden">



		  		<span class="sr-only">Sale Price Per Unit:</span>
        $0.99
        /
        100
        g


	</span>

	<span class="secondary-qty hidden">

	  	<span class="secondary-qty-text"></span>
	</span>
	  	    </div>
	    </div>





	</div>
	<form class="form-product  quickview-btn-simple"
	  data-product-id="21031311_EA"
	  data-min-qty="1.0"
	  data-max-qty="999.0"
	  data-unit-type="ea"
	  data-cart-qty="1"
	  data-default-qty="1"
	  novalidate="novalidate"
	  promoCode=""
	  promoNumber=""
	  data-is-customized="false"
	  data-cart-url="/cart/product/21031311_EA"
	  data-csrf-token="9af9e160-7d7f-4cdf-9627-4f0808aa8853"
	  data-is-weighted-product="false">

	<div class="module-add-to-cart " data-change-type="plus" data-auto-edit="true" data-auto-add="true"
		 data-cart-ajax-url="/cart/updateCart">
		<div class="wrapper-add-to-cart-btn">
					<div class="module-add-to-cart-button-small">
							<button type="button" class="btn btn-secondary btn-add-to-cart " data-auid="add-to-cart-button" data-has-pts-badge="false" aria-label="Add Unsalted Tortilla Chips to cart">
										<span class="icon-cart"></span>
										<span class="add-to-cart-text">
											Add</span>
									</button>
									<button type="button" class="btn btn-secondary btn-edit-cart hidden " aria-label="Edit Cart">
										<span class="qty-in-cart"></span>
										<span class="edit-cart-text">
											<spring code="product.edit.text" />"
										</span>
									</button>
								<div class="add-list-parent add-list-module  bottom-add-list-module ">
	<button class="btn btn-inline-link btn-save-to-list  dark is-btn-animated"
	  data-login-url="/account/login?productCode=21031311_EA"
	  data-ajax-url="/restful/lists/all?productCode=21031311_EA"
	  data-user-guest="N"
	  data-user-guest="N" data-product-code="21031311_EA"
	  data-delete-item="false"
	  aria-label="Add Unsalted Tortilla Chips to a List">
	  <span class="glyphicon glyphicon-th-list"></span>
	  <div class="list-cta-text  is-btn-animated">Add to List</div>
	</button>

	<!-- this is the list HTML   -->
	<div class="save-to-list-popup  is-btn-animated animation-up dark"
	  data-save-to-list-error="Can not get lists at this time. Please try again later."
	  data-product-name="Unsalted Tortilla Chips">
	  <div class="inner-container">
	  </div>

	</div>
</div>

</div>
				</div>
			</div>


	<div class="module-plus-minus-buttons small hidden ">
			<button type="button" class="btn cart-change-qty" data-change-type="minus" data-auid="decrease-product-quantity" alt="Minus" aria-label="Minus">
				<span class="icon-minimize"></span>
			</button>
			<div class="plus-minus-input-wrapper">
				<input class="input-qty cart-change-qty" aria-label="Enter manual quantity" type="text" name="qty" title="Change quantity in cart"
							data-unit-type="ea"
							value="1ea" data-change-type="equals"
							maxlength="7">

						<span class="input-qty-pretty">
							<span class="input-qty-pretty-value">1</span>
							<span class="input-qty-pretty-unit"></span>
						</span>
					</div>

			<button type="button" class="btn cart-change-qty" data-change-type="plus" data-auid="increase-product-quantity" alt="Plus" aria-label="Plus">
				<span class="icon-plus-sign"></span>
			</button>

			<p class="deal-limit-reached hidden">Deal Limit Reached</p>

			<div class="tooltip-qty-error tooltip-qty-limit hidden">
				<p>
					Limit to
					&nbsp;
					999
					&nbsp;each&nbsp;
					per customer.</p>
			</div>
			<div class="tooltip-qty-error tooltip-round-error hidden">
				<p>
					We do not have this in the weight you wanted. We've rounded your order to the nearest weight increment we stock.</p>
			</div>
		</div>
	</form>

<!-- End Template: AddToCartSmall -->

</div>
</div>
																<div class="item content-tile">
















































































<div class="module-grocery-product quickview-simple  clicked" data-quickview-ajax-url="/p/20868465008_EA/quickViewProduct" data-product-id="20868465008_EA"  data-product-price="$3.48">



		<span class="subtitle"></span>


	<div class="product-page-hotspot">
	    <div class="product-cell quickview-button">
	  	    <div class="product-image ">

	  		    <img src="https://assets.shop.loblaws.ca/products/20868465008/b1/en/front/20868465008_front_a01.png" onerror="this.src='https://assets.shop.loblaws.ca/products/NoImage/b1/en/front/NoImage_front_a01_@2.png';" alt="Potato Chips, Sour Cream & Onion" />


	  			        <span class="sticker deal">
	  				        <span class="deal-badge">




	  				            <span class="module-deal-badge module-deal-badge-grid simple-save-unit "
	  						        data-deal-type="4 FOR $8.88"
	  						        data-ajax-promo-url="/simpleDeal/deals/product-tile?productCode=20868465008_EA"
	  						        data-deal-id="20868465008_EA">
	  						        <span class="deal-type">4 FOR $8.88</span>









	<span class="deal-expiry">
		Exp. 11/21
	</span>


	  				            </span>
	  			            </span>
	  		            </span>













	  		    <div class="hover-text-container">
	  			    <button href="#" tabindex="0" class="hover-text " aria-label="Quick View for Potato Chips, Sour Cream & Onion.">Quick View</button>
	  		    </div>
	  	    </div>
	    </div>

	    <div class="product-in-cart">
	  	    <div class="wrapper-product-in-cart">
	  		    <span>
	  			    In Cart
	  		    </span>
	  	    </div>
	    </div>

	    <div class="product-info">
	  	    <div class="product-name-wrapper">
	  		    <a href="/Food/Pantry/Chips-%26-Salty-Snacks/Potato-Chips/Old-Dutch-RIP-L-Potato-Chips%2C-Sour-Cream-%26-Onion/p/20868465008_EA" class="product-name" aria-label="Product page for Potato Chips, Sour Cream & Onion" >
	  			    <span class="js-product-entry-brand">Old Dutch&nbsp;</span>



	  			    <span class="js-product-entry-name">Potato Chips, Sour Cream & Onion</span>

	  			    <span class="js-product-entry-size-detail">(255 g)</span>

	  		    </a>
	  	    </div>











		<span class="ad-match-badge  hidden">Ad Match</span>











	  	    <div class="price">
			    <div class="price-wrapper no-discount  ">
				    <span class="reg-price  " aria-label="Regular Price: $3.48">
					    <span class="reg-price-text">$3.48</span>

					    <sup class="reg-price-unit">ea</sup>
				    </span>
				    <span class="sale-price hidden" aria-label="Sale Price:">
					    <span class="sale-price-text"></span>
					    <sup class="sale-price-unit">ea</sup>
				    </span>

				    <span class="secondary-price hidden">

					    <span class="secondary-price-text" aria-label="Secondary Price:"></span>
				    </span>
			    </div>
	  	    </div>

	  	    <div class="qty">
	  		    <span class="reg-qty  ">



		  		<span class="sr-only">Sale Price Per Unit:</span>
        $1.36
        /
        100
        g


	</span>

	<span class="sale-qty hidden">



		  		<span class="sr-only">Sale Price Per Unit:</span>
        $1.36
        /
        100
        g


	</span>

	<span class="secondary-qty hidden">

	  	<span class="secondary-qty-text"></span>
	</span>
	  	    </div>
	    </div>





	</div>
	<form class="form-product  quickview-btn-simple"
	  data-product-id="20868465008_EA"
	  data-min-qty="1.0"
	  data-max-qty="999.0"
	  data-unit-type="ea"
	  data-cart-qty="1"
	  data-default-qty="1"
	  novalidate="novalidate"
	  promoCode=""
	  promoNumber=""
	  data-is-customized="false"
	  data-cart-url="/cart/product/20868465008_EA"
	  data-csrf-token="9af9e160-7d7f-4cdf-9627-4f0808aa8853"
	  data-is-weighted-product="false">

	<div class="module-add-to-cart " data-change-type="plus" data-auto-edit="true" data-auto-add="true"
		 data-cart-ajax-url="/cart/updateCart">
		<div class="wrapper-add-to-cart-btn">
					<div class="module-add-to-cart-button-small">
							<button type="button" class="btn btn-secondary btn-add-to-cart " data-auid="add-to-cart-button" data-has-pts-badge="false" aria-label="Add Potato Chips, Sour Cream & Onion to cart">
										<span class="icon-cart"></span>
										<span class="add-to-cart-text">
											Add</span>
									</button>
									<button type="button" class="btn btn-secondary btn-edit-cart hidden " aria-label="Edit Cart">
										<span class="qty-in-cart"></span>
										<span class="edit-cart-text">
											<spring code="product.edit.text" />"
										</span>
									</button>
								<div class="add-list-parent add-list-module  bottom-add-list-module ">
	<button class="btn btn-inline-link btn-save-to-list  dark is-btn-animated"
	  data-login-url="/account/login?productCode=20868465008_EA"
	  data-ajax-url="/restful/lists/all?productCode=20868465008_EA"
	  data-user-guest="N"
	  data-user-guest="N" data-product-code="20868465008_EA"
	  data-delete-item="false"
	  aria-label="Add Potato Chips, Sour Cream & Onion to a List">
	  <span class="glyphicon glyphicon-th-list"></span>
	  <div class="list-cta-text  is-btn-animated">Add to List</div>
	</button>

	<!-- this is the list HTML   -->
	<div class="save-to-list-popup  is-btn-animated animation-up dark"
	  data-save-to-list-error="Can not get lists at this time. Please try again later."
	  data-product-name="Potato Chips, Sour Cream & Onion">
	  <div class="inner-container">
	  </div>

	</div>
</div>

</div>
				</div>
			</div>


	<div class="module-plus-minus-buttons small hidden ">
			<button type="button" class="btn cart-change-qty" data-change-type="minus" data-auid="decrease-product-quantity" alt="Minus" aria-label="Minus">
				<span class="icon-minimize"></span>
			</button>
			<div class="plus-minus-input-wrapper">
				<input class="input-qty cart-change-qty" aria-label="Enter manual quantity" type="text" name="qty" title="Change quantity in cart"
							data-unit-type="ea"
							value="1ea" data-change-type="equals"
							maxlength="7">

						<span class="input-qty-pretty">
							<span class="input-qty-pretty-value">1</span>
							<span class="input-qty-pretty-unit"></span>
						</span>
					</div>

			<button type="button" class="btn cart-change-qty" data-change-type="plus" data-auid="increase-product-quantity" alt="Plus" aria-label="Plus">
				<span class="icon-plus-sign"></span>
			</button>

			<p class="deal-limit-reached hidden">Deal Limit Reached</p>

			<div class="tooltip-qty-error tooltip-qty-limit hidden">
				<p>
					Limit to
					&nbsp;
					999
					&nbsp;each&nbsp;
					per customer.</p>
			</div>
			<div class="tooltip-qty-error tooltip-round-error hidden">
				<p>
					We do not have this in the weight you wanted. We've rounded your order to the nearest weight increment we stock.</p>
			</div>
		</div>
	</form>

<!-- End Template: AddToCartSmall -->

</div>
</div>
																<div class="item content-tile">
















































































<div class="module-grocery-product quickview-simple  clicked" data-quickview-ajax-url="/p/21065495_EA/quickViewProduct" data-product-id="21065495_EA"  data-product-price="$4.98">



		<span class="subtitle"></span>


	<div class="product-page-hotspot">
	    <div class="product-cell quickview-button">
	  	    <div class="product-image ">

	  		    <img src="https://assets.shop.loblaws.ca/products/21065495/b1/en/front/21065495_front_a01.png" onerror="this.src='https://assets.shop.loblaws.ca/products/NoImage/b1/en/front/NoImage_front_a01_@2.png';" alt="Pico de Gallo Bean & Rice Chips" />













	  		    <div class="hover-text-container">
	  			    <button href="#" tabindex="0" class="hover-text " aria-label="Quick View for Pico de Gallo Bean & Rice Chips.">Quick View</button>
	  		    </div>
	  	    </div>
	    </div>

	    <div class="product-in-cart">
	  	    <div class="wrapper-product-in-cart">
	  		    <span>
	  			    In Cart
	  		    </span>
	  	    </div>
	    </div>

	    <div class="product-info">
	  	    <div class="product-name-wrapper">
	  		    <a href="/Food/Pantry/Chips-%26-Salty-Snacks/Potato-Chips/Beanfields-Pico-de-Gallo-Bean-%26-Rice-Chips/p/21065495_EA" class="product-name" aria-label="Product page for Pico de Gallo Bean & Rice Chips" >
	  			    <span class="js-product-entry-brand">Beanfields&nbsp;</span>



	  			    <span class="js-product-entry-name">Pico de Gallo Bean & Rice Chips</span>

	  			    <span class="js-product-entry-size-detail">(156 g)</span>

	  		    </a>
	  	    </div>











		<span class="ad-match-badge  hidden">Ad Match</span>











	  	    <div class="price">
			    <div class="price-wrapper no-discount  ">
				    <span class="reg-price  " aria-label="Regular Price: $4.98">
					    <span class="reg-price-text">$4.98</span>

					    <sup class="reg-price-unit">ea</sup>
				    </span>
				    <span class="sale-price hidden" aria-label="Sale Price:">
					    <span class="sale-price-text"></span>
					    <sup class="sale-price-unit">ea</sup>
				    </span>

				    <span class="secondary-price hidden">

					    <span class="secondary-price-text" aria-label="Secondary Price:"></span>
				    </span>
			    </div>
	  	    </div>

	  	    <div class="qty">
	  		    <span class="reg-qty  ">



		  		<span class="sr-only">Sale Price Per Unit:</span>
        $3.19
        /
        100
        g


	</span>

	<span class="sale-qty hidden">



		  		<span class="sr-only">Sale Price Per Unit:</span>
        $3.19
        /
        100
        g


	</span>

	<span class="secondary-qty hidden">

	  	<span class="secondary-qty-text"></span>
	</span>
	  	    </div>
	    </div>





	</div>
	<form class="form-product  quickview-btn-simple"
	  data-product-id="21065495_EA"
	  data-min-qty="1.0"
	  data-max-qty="999.0"
	  data-unit-type="ea"
	  data-cart-qty="1"
	  data-default-qty="1"
	  novalidate="novalidate"
	  promoCode=""
	  promoNumber=""
	  data-is-customized="false"
	  data-cart-url="/cart/product/21065495_EA"
	  data-csrf-token="9af9e160-7d7f-4cdf-9627-4f0808aa8853"
	  data-is-weighted-product="false">

	<div class="module-add-to-cart " data-change-type="plus" data-auto-edit="true" data-auto-add="true"
		 data-cart-ajax-url="/cart/updateCart">
		<div class="wrapper-add-to-cart-btn">
					<div class="module-add-to-cart-button-small">
							<button type="button" class="btn btn-secondary btn-add-to-cart " data-auid="add-to-cart-button" data-has-pts-badge="false" aria-label="Add Pico de Gallo Bean & Rice Chips to cart">
										<span class="icon-cart"></span>
										<span class="add-to-cart-text">
											Add</span>
									</button>
									<button type="button" class="btn btn-secondary btn-edit-cart hidden " aria-label="Edit Cart">
										<span class="qty-in-cart"></span>
										<span class="edit-cart-text">
											<spring code="product.edit.text" />"
										</span>
									</button>
								<div class="add-list-parent add-list-module  bottom-add-list-module ">
	<button class="btn btn-inline-link btn-save-to-list  dark is-btn-animated"
	  data-login-url="/account/login?productCode=21065495_EA"
	  data-ajax-url="/restful/lists/all?productCode=21065495_EA"
	  data-user-guest="N"
	  data-user-guest="N" data-product-code="21065495_EA"
	  data-delete-item="false"
	  aria-label="Add Pico de Gallo Bean & Rice Chips to a List">
	  <span class="glyphicon glyphicon-th-list"></span>
	  <div class="list-cta-text  is-btn-animated">Add to List</div>
	</button>

	<!-- this is the list HTML   -->
	<div class="save-to-list-popup  is-btn-animated animation-up dark"
	  data-save-to-list-error="Can not get lists at this time. Please try again later."
	  data-product-name="Pico de Gallo Bean & Rice Chips">
	  <div class="inner-container">
	  </div>

	</div>
</div>

</div>
				</div>
			</div>


	<div class="module-plus-minus-buttons small hidden ">
			<button type="button" class="btn cart-change-qty" data-change-type="minus" data-auid="decrease-product-quantity" alt="Minus" aria-label="Minus">
				<span class="icon-minimize"></span>
			</button>
			<div class="plus-minus-input-wrapper">
				<input class="input-qty cart-change-qty" aria-label="Enter manual quantity" type="text" name="qty" title="Change quantity in cart"
							data-unit-type="ea"
							value="1ea" data-change-type="equals"
							maxlength="7">

						<span class="input-qty-pretty">
							<span class="input-qty-pretty-value">1</span>
							<span class="input-qty-pretty-unit"></span>
						</span>
					</div>

			<button type="button" class="btn cart-change-qty" data-change-type="plus" data-auid="increase-product-quantity" alt="Plus" aria-label="Plus">
				<span class="icon-plus-sign"></span>
			</button>

			<p class="deal-limit-reached hidden">Deal Limit Reached</p>

			<div class="tooltip-qty-error tooltip-qty-limit hidden">
				<p>
					Limit to
					&nbsp;
					999
					&nbsp;each&nbsp;
					per customer.</p>
			</div>
			<div class="tooltip-qty-error tooltip-round-error hidden">
				<p>
					We do not have this in the weight you wanted. We've rounded your order to the nearest weight increment we stock.</p>
			</div>
		</div>
	</form>

<!-- End Template: AddToCartSmall -->

</div>
</div>
																<div class="item content-tile">


















































































<div class="module-grocery-product quickview-simple  clicked" data-quickview-ajax-url="/p/20944641_EA/quickViewProduct" data-product-id="20944641_EA"  data-product-price="$2.97">



		<span class="subtitle"></span>


	<div class="product-page-hotspot">
	    <div class="product-cell quickview-button">
	  	    <div class="product-image ">

	  		    <img src="https://assets.shop.loblaws.ca/products/20944641/b1/en/front/20944641_front_a01.png" onerror="this.src='https://assets.shop.loblaws.ca/products/NoImage/b1/en/front/NoImage_front_a01_@2.png';" alt="Crunchy Cheese Flavoured Snacks, Cheddar Jalapeño" />


	  			        <span class="sticker deal">
	  				        <span class="deal-badge">




	  				            <span class="module-deal-badge module-deal-badge-grid simple-save-unit "
	  						        data-deal-type="$2.97 LIMIT 4"
	  						        data-ajax-promo-url="/simpleDeal/deals/product-tile?productCode=20944641_EA"
	  						        data-deal-id="20944641_EA">
	  						        <span class="deal-type">$2.97 LIMIT 4</span>









	<span class="deal-expiry">
		Exp. 11/29
	</span>


	  				            </span>
	  			            </span>
	  		            </span>













	  		    <div class="hover-text-container">
	  			    <button href="#" tabindex="0" class="hover-text " aria-label="Quick View for Crunchy Cheese Flavoured Snacks, Cheddar Jalapeño.">Quick View</button>
	  		    </div>
	  	    </div>
	    </div>

	    <div class="product-in-cart">
	  	    <div class="wrapper-product-in-cart">
	  		    <span>
	  			    In Cart
	  		    </span>
	  	    </div>
	    </div>

	    <div class="product-info">
	  	    <div class="product-name-wrapper">
	  		    <a href="/Food/Pantry/Chips-%26-Salty-Snacks/Tortilla-Chips/Cheetos-Crunchy-Cheese-Flavoured-Snacks%2C-Cheddar-Jalape%C3%B1o/p/20944641_EA" class="product-name" aria-label="Product page for Crunchy Cheese Flavoured Snacks, Cheddar Jalapeño" >




	  			    <span class="js-product-entry-name">Crunchy Cheese Flavoured Snacks, Cheddar Jalapeño</span>

	  			    <span class="js-product-entry-size-detail">(310 g)</span>

	  		    </a>
	  	    </div>











		<span class="ad-match-badge  hidden">Ad Match</span>











	  	    <div class="price">
			    <div class="price-wrapper no-discount promo-alert ">
				    <span class="reg-price  price-alert" aria-label="Regular Price: $2.97">
					    <span class="reg-price-text">$2.97</span>

					    <sup class="reg-price-unit">ea</sup>
				    </span>
				    <span class="sale-price hidden" aria-label="Sale Price:">
					    <span class="sale-price-text"></span>
					    <sup class="sale-price-unit">ea</sup>
				    </span>

				    <span class="secondary-price hidden">

					    <span class="secondary-price-text" aria-label="Secondary Price:"></span>
				    </span>
			    </div>
	  	    </div>

	  	    <div class="qty">
	  		    <span class="reg-qty  price-alert">



		  		<span class="sr-only">Sale Price Per Unit:</span>
        $0.96
        /
        100
        g


	</span>

	<span class="sale-qty hidden">



		  		<span class="sr-only">Sale Price Per Unit:</span>
        $0.96
        /
        100
        g


	</span>

	<span class="secondary-qty hidden">

	  	<span class="secondary-qty-text"></span>
	</span>
	  	    </div>
	    </div>





	</div>
	<form class="form-product  quickview-btn-simple"
	  data-product-id="20944641_EA"
	  data-min-qty="1.0"
	  data-max-qty="999.0"
	  data-unit-type="ea"
	  data-cart-qty="1"
	  data-default-qty="1"
	  novalidate="novalidate"
	  promoCode=""
	  promoNumber=""
	  data-is-customized="false"
	  data-cart-url="/cart/product/20944641_EA"
	  data-csrf-token="9af9e160-7d7f-4cdf-9627-4f0808aa8853"
	  data-is-weighted-product="false">

	<div class="module-add-to-cart " data-change-type="plus" data-auto-edit="true" data-auto-add="true"
		 data-cart-ajax-url="/cart/updateCart">
		<div class="wrapper-add-to-cart-btn">
					<div class="module-add-to-cart-button-small">
							<button type="button" class="btn btn-secondary btn-add-to-cart " data-auid="add-to-cart-button" data-has-pts-badge="false" aria-label="Add Crunchy Cheese Flavoured Snacks, Cheddar Jalapeño to cart">
										<span class="icon-cart"></span>
										<span class="add-to-cart-text">
											Add</span>
									</button>
									<button type="button" class="btn btn-secondary btn-edit-cart hidden " aria-label="Edit Cart">
										<span class="qty-in-cart"></span>
										<span class="edit-cart-text">
											<spring code="product.edit.text" />"
										</span>
									</button>
								<div class="add-list-parent add-list-module  bottom-add-list-module ">
	<button class="btn btn-inline-link btn-save-to-list  dark is-btn-animated"
	  data-login-url="/account/login?productCode=20944641_EA"
	  data-ajax-url="/restful/lists/all?productCode=20944641_EA"
	  data-user-guest="N"
	  data-user-guest="N" data-product-code="20944641_EA"
	  data-delete-item="false"
	  aria-label="Add Crunchy Cheese Flavoured Snacks, Cheddar Jalapeño to a List">
	  <span class="glyphicon glyphicon-th-list"></span>
	  <div class="list-cta-text  is-btn-animated">Add to List</div>
	</button>

	<!-- this is the list HTML   -->
	<div class="save-to-list-popup  is-btn-animated animation-up dark"
	  data-save-to-list-error="Can not get lists at this time. Please try again later."
	  data-product-name="Crunchy Cheese Flavoured Snacks, Cheddar Jalapeño">
	  <div class="inner-container">
	  </div>

	</div>
</div>

</div>
				</div>
			</div>


	<div class="module-plus-minus-buttons small hidden ">
			<button type="button" class="btn cart-change-qty" data-change-type="minus" data-auid="decrease-product-quantity" alt="Minus" aria-label="Minus">
				<span class="icon-minimize"></span>
			</button>
			<div class="plus-minus-input-wrapper">
				<input class="input-qty cart-change-qty" aria-label="Enter manual quantity" type="text" name="qty" title="Change quantity in cart"
							data-unit-type="ea"
							value="1ea" data-change-type="equals"
							maxlength="7">

						<span class="input-qty-pretty">
							<span class="input-qty-pretty-value">1</span>
							<span class="input-qty-pretty-unit"></span>
						</span>
					</div>

			<button type="button" class="btn cart-change-qty" data-change-type="plus" data-auid="increase-product-quantity" alt="Plus" aria-label="Plus">
				<span class="icon-plus-sign"></span>
			</button>

			<p class="deal-limit-reached hidden">Deal Limit Reached</p>

			<div class="tooltip-qty-error tooltip-qty-limit hidden">
				<p>
					Limit to
					&nbsp;
					999
					&nbsp;each&nbsp;
					per customer.</p>
			</div>
			<div class="tooltip-qty-error tooltip-round-error hidden">
				<p>
					We do not have this in the weight you wanted. We've rounded your order to the nearest weight increment we stock.</p>
			</div>
		</div>
	</form>

<!-- End Template: AddToCartSmall -->

</div>
</div>
																<div class="item content-tile">




















































































<div class="module-grocery-product quickview-simple  clicked" data-quickview-ajax-url="/p/20956605_EA/quickViewProduct" data-product-id="20956605_EA"  data-product-price="$1.68">



		<span class="subtitle"></span>


	<div class="product-page-hotspot">
	    <div class="product-cell quickview-button">
	  	    <div class="product-image ">

	  		    <img src="https://assets.shop.loblaws.ca/products/20956605/b1/en/front/20956605_front_a01.png" onerror="this.src='https://assets.shop.loblaws.ca/products/NoImage/b1/en/front/NoImage_front_a01_@2.png';" alt="Caramelized Onion & Balsamic Vinegar Flavour Kettle Cooked Potato Chips" />


	  			        <span class="sticker deal">
	  				        <span class="deal-badge">




	  				            <span class="module-deal-badge module-deal-badge-grid simple-save-unit "
	  						        data-deal-type="SAVE $0.80"
	  						        data-ajax-promo-url="/simpleDeal/deals/product-tile?productCode=20956605_EA"
	  						        data-deal-id="20956605_EA">
	  						        <span class="deal-type">SAVE $0.80</span>









	<span class="deal-expiry">
		Exp. 01/03
	</span>


	  				            </span>
	  			            </span>
	  		            </span>













	  		    <div class="hover-text-container">
	  			    <button href="#" tabindex="0" class="hover-text " aria-label="Quick View for Caramelized Onion & Balsamic Vinegar Flavour Kettle Cooked Potato Chips.">Quick View</button>
	  		    </div>
	  	    </div>
	    </div>

	    <div class="product-in-cart">
	  	    <div class="wrapper-product-in-cart">
	  		    <span>
	  			    In Cart
	  		    </span>
	  	    </div>
	    </div>

	    <div class="product-info">
	  	    <div class="product-name-wrapper">
	  		    <a href="/Food/Pantry/Chips-%26-Salty-Snacks/Potato-Chips/President%27s-Choice-Caramelized-Onion-%26-Balsamic-Vinegar-Flavour-Kettle-Cooked-Potato-Chips/p/20956605_EA" class="product-name" aria-label="Product page for Caramelized Onion & Balsamic Vinegar Flavour Kettle Cooked Potato Chips" >
	  			    <span class="js-product-entry-brand">President's Choice&nbsp;</span>



	  			    <span class="js-product-entry-name">Caramelized Onion & Balsamic Vinegar Flavour Kettle Cooked Potato Chips</span>

	  			    <span class="js-product-entry-size-detail">(220 g)</span>

	  		    </a>
	  	    </div>











		<span class="ad-match-badge  hidden">Ad Match</span>











	  	    <div class="price">
			    <div class="price-wrapper discount promo-alert ">
				    <span class="reg-price  price-alert" aria-label="Regular Price: $1.68">
					    <span class="reg-price-text">$1.68</span>

					    <sup class="reg-price-unit">ea</sup>
				    </span>
				    <span class="sale-price hidden" aria-label="Sale Price:">
					    <span class="sale-price-text"></span>
					    <sup class="sale-price-unit">ea</sup>
				    </span>

					    <span class="old-price" aria-label="Original Price: $2.48">
						    <span class="old-price-text">$2.48</span>
					    </span>

				    <span class="secondary-price hidden">

					    <span class="secondary-price-text" aria-label="Secondary Price:"></span>
				    </span>
			    </div>
	  	    </div>

	  	    <div class="qty">
	  		    <span class="reg-qty  price-alert">



		  		<span class="sr-only">Sale Price Per Unit:</span>
        $0.76
        /
        100
        g


	</span>

	<span class="sale-qty hidden">



		  		<span class="sr-only">Sale Price Per Unit:</span>
        $0.76
        /
        100
        g


	</span>

	<span class="secondary-qty hidden">

	  	<span class="secondary-qty-text"></span>
	</span>
	  	    </div>
	    </div>





	</div>
	<form class="form-product  quickview-btn-simple"
	  data-product-id="20956605_EA"
	  data-min-qty="1.0"
	  data-max-qty="999.0"
	  data-unit-type="ea"
	  data-cart-qty="1"
	  data-default-qty="1"
	  novalidate="novalidate"
	  promoCode=""
	  promoNumber=""
	  data-is-customized="false"
	  data-cart-url="/cart/product/20956605_EA"
	  data-csrf-token="9af9e160-7d7f-4cdf-9627-4f0808aa8853"
	  data-is-weighted-product="false">

	<div class="module-add-to-cart " data-change-type="plus" data-auto-edit="true" data-auto-add="true"
		 data-cart-ajax-url="/cart/updateCart">
		<div class="wrapper-add-to-cart-btn">
					<div class="module-add-to-cart-button-small">
							<button type="button" class="btn btn-secondary btn-add-to-cart " data-auid="add-to-cart-button" data-has-pts-badge="false" aria-label="Add Caramelized Onion & Balsamic Vinegar Flavour Kettle Cooked Potato Chips to cart">
										<span class="icon-cart"></span>
										<span class="add-to-cart-text">
											Add</span>
									</button>
									<button type="button" class="btn btn-secondary btn-edit-cart hidden " aria-label="Edit Cart">
										<span class="qty-in-cart"></span>
										<span class="edit-cart-text">
											<spring code="product.edit.text" />"
										</span>
									</button>
								<div class="add-list-parent add-list-module  bottom-add-list-module ">
	<button class="btn btn-inline-link btn-save-to-list  dark is-btn-animated"
	  data-login-url="/account/login?productCode=20956605_EA"
	  data-ajax-url="/restful/lists/all?productCode=20956605_EA"
	  data-user-guest="N"
	  data-user-guest="N" data-product-code="20956605_EA"
	  data-delete-item="false"
	  aria-label="Add Caramelized Onion & Balsamic Vinegar Flavour Kettle Cooked Potato Chips to a List">
	  <span class="glyphicon glyphicon-th-list"></span>
	  <div class="list-cta-text  is-btn-animated">Add to List</div>
	</button>

	<!-- this is the list HTML   -->
	<div class="save-to-list-popup  is-btn-animated animation-up dark"
	  data-save-to-list-error="Can not get lists at this time. Please try again later."
	  data-product-name="Caramelized Onion & Balsamic Vinegar Flavour Kettle Cooked Potato Chips">
	  <div class="inner-container">
	  </div>

	</div>
</div>

</div>
				</div>
			</div>


	<div class="module-plus-minus-buttons small hidden ">
			<button type="button" class="btn cart-change-qty" data-change-type="minus" data-auid="decrease-product-quantity" alt="Minus" aria-label="Minus">
				<span class="icon-minimize"></span>
			</button>
			<div class="plus-minus-input-wrapper">
				<input class="input-qty cart-change-qty" aria-label="Enter manual quantity" type="text" name="qty" title="Change quantity in cart"
							data-unit-type="ea"
							value="1ea" data-change-type="equals"
							maxlength="7">

						<span class="input-qty-pretty">
							<span class="input-qty-pretty-value">1</span>
							<span class="input-qty-pretty-unit"></span>
						</span>
					</div>

			<button type="button" class="btn cart-change-qty" data-change-type="plus" data-auid="increase-product-quantity" alt="Plus" aria-label="Plus">
				<span class="icon-plus-sign"></span>
			</button>

			<p class="deal-limit-reached hidden">Deal Limit Reached</p>

			<div class="tooltip-qty-error tooltip-qty-limit hidden">
				<p>
					Limit to
					&nbsp;
					999
					&nbsp;each&nbsp;
					per customer.</p>
			</div>
			<div class="tooltip-qty-error tooltip-round-error hidden">
				<p>
					We do not have this in the weight you wanted. We've rounded your order to the nearest weight increment we stock.</p>
			</div>
		</div>
	</form>

<!-- End Template: AddToCartSmall -->

</div>
</div>
																<div class="item content-tile">
















































































<div class="module-grocery-product quickview-simple  clicked" data-quickview-ajax-url="/p/20871728_EA/quickViewProduct" data-product-id="20871728_EA"  data-product-price="$3.98">



		<span class="subtitle"></span>


	<div class="product-page-hotspot">
	    <div class="product-cell quickview-button">
	  	    <div class="product-image ">

	  		    <img src="https://assets.shop.loblaws.ca/products/20871728/b1/en/front/20871728_front_a01.png" onerror="this.src='https://assets.shop.loblaws.ca/products/NoImage/b1/en/front/NoImage_front_a01_@2.png';" alt="Parsnip Chips, Lightly Salted" />













	  		    <div class="hover-text-container">
	  			    <button href="#" tabindex="0" class="hover-text " aria-label="Quick View for Parsnip Chips, Lightly Salted.">Quick View</button>
	  		    </div>
	  	    </div>
	    </div>

	    <div class="product-in-cart">
	  	    <div class="wrapper-product-in-cart">
	  		    <span>
	  			    In Cart
	  		    </span>
	  	    </div>
	    </div>

	    <div class="product-info">
	  	    <div class="product-name-wrapper">
	  		    <a href="/Food/Pantry/Chips-%26-Salty-Snacks/Potato-Chips/Hardbite-Parsnip-Chips%2C-Lightly-Salted/p/20871728_EA" class="product-name" aria-label="Product page for Parsnip Chips, Lightly Salted" >




	  			    <span class="js-product-entry-name">Parsnip Chips, Lightly Salted</span>

	  			    <span class="js-product-entry-size-detail">(150 g)</span>

	  		    </a>
	  	    </div>











		<span class="ad-match-badge  hidden">Ad Match</span>











	  	    <div class="price">
			    <div class="price-wrapper no-discount  ">
				    <span class="reg-price  " aria-label="Regular Price: $3.98">
					    <span class="reg-price-text">$3.98</span>

					    <sup class="reg-price-unit">ea</sup>
				    </span>
				    <span class="sale-price hidden" aria-label="Sale Price:">
					    <span class="sale-price-text"></span>
					    <sup class="sale-price-unit">ea</sup>
				    </span>

				    <span class="secondary-price hidden">

					    <span class="secondary-price-text" aria-label="Secondary Price:"></span>
				    </span>
			    </div>
	  	    </div>

	  	    <div class="qty">
	  		    <span class="reg-qty  ">



		  		<span class="sr-only">Sale Price Per Unit:</span>
        $2.65
        /
        100
        g


	</span>

	<span class="sale-qty hidden">



		  		<span class="sr-only">Sale Price Per Unit:</span>
        $2.65
        /
        100
        g


	</span>

	<span class="secondary-qty hidden">

	  	<span class="secondary-qty-text"></span>
	</span>
	  	    </div>
	    </div>





	</div>
	<form class="form-product  quickview-btn-simple"
	  data-product-id="20871728_EA"
	  data-min-qty="1.0"
	  data-max-qty="999.0"
	  data-unit-type="ea"
	  data-cart-qty="1"
	  data-default-qty="1"
	  novalidate="novalidate"
	  promoCode=""
	  promoNumber=""
	  data-is-customized="false"
	  data-cart-url="/cart/product/20871728_EA"
	  data-csrf-token="9af9e160-7d7f-4cdf-9627-4f0808aa8853"
	  data-is-weighted-product="false">

	<div class="module-add-to-cart " data-change-type="plus" data-auto-edit="true" data-auto-add="true"
		 data-cart-ajax-url="/cart/updateCart">
		<div class="wrapper-add-to-cart-btn">
					<div class="module-add-to-cart-button-small">
							<button type="button" class="btn btn-secondary btn-add-to-cart " data-auid="add-to-cart-button" data-has-pts-badge="false" aria-label="Add Parsnip Chips, Lightly Salted to cart">
										<span class="icon-cart"></span>
										<span class="add-to-cart-text">
											Add</span>
									</button>
									<button type="button" class="btn btn-secondary btn-edit-cart hidden " aria-label="Edit Cart">
										<span class="qty-in-cart"></span>
										<span class="edit-cart-text">
											<spring code="product.edit.text" />"
										</span>
									</button>
								<div class="add-list-parent add-list-module  bottom-add-list-module ">
	<button class="btn btn-inline-link btn-save-to-list  dark is-btn-animated"
	  data-login-url="/account/login?productCode=20871728_EA"
	  data-ajax-url="/restful/lists/all?productCode=20871728_EA"
	  data-user-guest="N"
	  data-user-guest="N" data-product-code="20871728_EA"
	  data-delete-item="false"
	  aria-label="Add Parsnip Chips, Lightly Salted to a List">
	  <span class="glyphicon glyphicon-th-list"></span>
	  <div class="list-cta-text  is-btn-animated">Add to List</div>
	</button>

	<!-- this is the list HTML   -->
	<div class="save-to-list-popup  is-btn-animated animation-up dark"
	  data-save-to-list-error="Can not get lists at this time. Please try again later."
	  data-product-name="Parsnip Chips, Lightly Salted">
	  <div class="inner-container">
	  </div>

	</div>
</div>

</div>
				</div>
			</div>


	<div class="module-plus-minus-buttons small hidden ">
			<button type="button" class="btn cart-change-qty" data-change-type="minus" data-auid="decrease-product-quantity" alt="Minus" aria-label="Minus">
				<span class="icon-minimize"></span>
			</button>
			<div class="plus-minus-input-wrapper">
				<input class="input-qty cart-change-qty" aria-label="Enter manual quantity" type="text" name="qty" title="Change quantity in cart"
							data-unit-type="ea"
							value="1ea" data-change-type="equals"
							maxlength="7">

						<span class="input-qty-pretty">
							<span class="input-qty-pretty-value">1</span>
							<span class="input-qty-pretty-unit"></span>
						</span>
					</div>

			<button type="button" class="btn cart-change-qty" data-change-type="plus" data-auid="increase-product-quantity" alt="Plus" aria-label="Plus">
				<span class="icon-plus-sign"></span>
			</button>

			<p class="deal-limit-reached hidden">Deal Limit Reached</p>

			<div class="tooltip-qty-error tooltip-qty-limit hidden">
				<p>
					Limit to
					&nbsp;
					999
					&nbsp;each&nbsp;
					per customer.</p>
			</div>
			<div class="tooltip-qty-error tooltip-round-error hidden">
				<p>
					We do not have this in the weight you wanted. We've rounded your order to the nearest weight increment we stock.</p>
			</div>
		</div>
	</form>

<!-- End Template: AddToCartSmall -->

</div>
</div>
																<div class="item content-tile">




















































































<div class="module-grocery-product quickview-simple  clicked" data-quickview-ajax-url="/p/21105831_EA/quickViewProduct" data-product-id="21105831_EA"  data-product-price="$1.67">



		<span class="subtitle"></span>


	<div class="product-page-hotspot">
	    <div class="product-cell quickview-button">
	  	    <div class="product-image ">

	  		    <img src="https://assets.shop.loblaws.ca/products/21105831/b1/en/front/21105831_front_a01.png" onerror="this.src='https://assets.shop.loblaws.ca/products/NoImage/b1/en/front/NoImage_front_a01_@2.png';" alt="Mystery Flavour" />


	  			        <span class="sticker deal">
	  				        <span class="deal-badge">




	  				            <span class="module-deal-badge module-deal-badge-grid simple-save-unit "
	  						        data-deal-type="SAVE $0.52"
	  						        data-ajax-promo-url="/simpleDeal/deals/product-tile?productCode=21105831_EA"
	  						        data-deal-id="21105831_EA">
	  						        <span class="deal-type">SAVE $0.52</span>









	<span class="deal-expiry">
		Exp. 11/22
	</span>


	  				            </span>
	  			            </span>
	  		            </span>













	  		    <div class="hover-text-container">
	  			    <button href="#" tabindex="0" class="hover-text " aria-label="Quick View for Mystery Flavour.">Quick View</button>
	  		    </div>
	  	    </div>
	    </div>

	    <div class="product-in-cart">
	  	    <div class="wrapper-product-in-cart">
	  		    <span>
	  			    In Cart
	  		    </span>
	  	    </div>
	    </div>

	    <div class="product-info">
	  	    <div class="product-name-wrapper">
	  		    <a href="/Food/Pantry/Chips-%26-Salty-Snacks/Potato-Chips/Pringles-Mystery-Flavour/p/21105831_EA" class="product-name" aria-label="Product page for Mystery Flavour" >
	  			    <span class="js-product-entry-brand">Pringles&nbsp;</span>



	  			    <span class="js-product-entry-name">Mystery Flavour</span>

	  			    <span class="js-product-entry-size-detail">(156 g)</span>

	  		    </a>
	  	    </div>











		<span class="ad-match-badge  hidden">Ad Match</span>











	  	    <div class="price">
			    <div class="price-wrapper discount promo-alert ">
				    <span class="reg-price  price-alert" aria-label="Regular Price: $1.67">
					    <span class="reg-price-text">$1.67</span>

					    <sup class="reg-price-unit">ea</sup>
				    </span>
				    <span class="sale-price hidden" aria-label="Sale Price:">
					    <span class="sale-price-text"></span>
					    <sup class="sale-price-unit">ea</sup>
				    </span>

					    <span class="old-price" aria-label="Original Price: $2.19">
						    <span class="old-price-text">$2.19</span>
					    </span>

				    <span class="secondary-price hidden">

					    <span class="secondary-price-text" aria-label="Secondary Price:"></span>
				    </span>
			    </div>
	  	    </div>

	  	    <div class="qty">
	  		    <span class="reg-qty  price-alert">



		  		<span class="sr-only">Sale Price Per Unit:</span>
        $1.07
        /
        100
        g


	</span>

	<span class="sale-qty hidden">



		  		<span class="sr-only">Sale Price Per Unit:</span>
        $1.07
        /
        100
        g


	</span>

	<span class="secondary-qty hidden">

	  	<span class="secondary-qty-text"></span>
	</span>
	  	    </div>
	    </div>





	</div>
	<form class="form-product  quickview-btn-simple"
	  data-product-id="21105831_EA"
	  data-min-qty="1.0"
	  data-max-qty="999.0"
	  data-unit-type="ea"
	  data-cart-qty="1"
	  data-default-qty="1"
	  novalidate="novalidate"
	  promoCode=""
	  promoNumber=""
	  data-is-customized="false"
	  data-cart-url="/cart/product/21105831_EA"
	  data-csrf-token="9af9e160-7d7f-4cdf-9627-4f0808aa8853"
	  data-is-weighted-product="false">

	<div class="module-add-to-cart " data-change-type="plus" data-auto-edit="true" data-auto-add="true"
		 data-cart-ajax-url="/cart/updateCart">
		<div class="wrapper-add-to-cart-btn">
					<div class="module-add-to-cart-button-small">
							<button type="button" class="btn btn-secondary btn-add-to-cart " data-auid="add-to-cart-button" data-has-pts-badge="false" aria-label="Add Mystery Flavour to cart">
										<span class="icon-cart"></span>
										<span class="add-to-cart-text">
											Add</span>
									</button>
									<button type="button" class="btn btn-secondary btn-edit-cart hidden " aria-label="Edit Cart">
										<span class="qty-in-cart"></span>
										<span class="edit-cart-text">
											<spring code="product.edit.text" />"
										</span>
									</button>
								<div class="add-list-parent add-list-module  bottom-add-list-module ">
	<button class="btn btn-inline-link btn-save-to-list  dark is-btn-animated"
	  data-login-url="/account/login?productCode=21105831_EA"
	  data-ajax-url="/restful/lists/all?productCode=21105831_EA"
	  data-user-guest="N"
	  data-user-guest="N" data-product-code="21105831_EA"
	  data-delete-item="false"
	  aria-label="Add Mystery Flavour to a List">
	  <span class="glyphicon glyphicon-th-list"></span>
	  <div class="list-cta-text  is-btn-animated">Add to List</div>
	</button>

	<!-- this is the list HTML   -->
	<div class="save-to-list-popup  is-btn-animated animation-up dark"
	  data-save-to-list-error="Can not get lists at this time. Please try again later."
	  data-product-name="Mystery Flavour">
	  <div class="inner-container">
	  </div>

	</div>
</div>

</div>
				</div>
			</div>


	<div class="module-plus-minus-buttons small hidden ">
			<button type="button" class="btn cart-change-qty" data-change-type="minus" data-auid="decrease-product-quantity" alt="Minus" aria-label="Minus">
				<span class="icon-minimize"></span>
			</button>
			<div class="plus-minus-input-wrapper">
				<input class="input-qty cart-change-qty" aria-label="Enter manual quantity" type="text" name="qty" title="Change quantity in cart"
							data-unit-type="ea"
							value="1ea" data-change-type="equals"
							maxlength="7">

						<span class="input-qty-pretty">
							<span class="input-qty-pretty-value">1</span>
							<span class="input-qty-pretty-unit"></span>
						</span>
					</div>

			<button type="button" class="btn cart-change-qty" data-change-type="plus" data-auid="increase-product-quantity" alt="Plus" aria-label="Plus">
				<span class="icon-plus-sign"></span>
			</button>

			<p class="deal-limit-reached hidden">Deal Limit Reached</p>

			<div class="tooltip-qty-error tooltip-qty-limit hidden">
				<p>
					Limit to
					&nbsp;
					999
					&nbsp;each&nbsp;
					per customer.</p>
			</div>
			<div class="tooltip-qty-error tooltip-round-error hidden">
				<p>
					We do not have this in the weight you wanted. We've rounded your order to the nearest weight increment we stock.</p>
			</div>
		</div>
	</form>

<!-- End Template: AddToCartSmall -->

</div>
</div>
																<div class="item content-tile">
















































































<div class="module-grocery-product quickview-simple  clicked" data-quickview-ajax-url="/p/21049592_EA/quickViewProduct" data-product-id="21049592_EA"  data-product-price="$2.48">



		<span class="subtitle"></span>


	<div class="product-page-hotspot">
	    <div class="product-cell quickview-button">
	  	    <div class="product-image ">

	  		    <img src="https://assets.shop.loblaws.ca/products/21049592/b1/en/front/21049592_front_a01.png" onerror="this.src='https://assets.shop.loblaws.ca/products/NoImage/b1/en/front/NoImage_front_a01_@2.png';" alt="Sweet & Heat Popcorn" />













	  		    <div class="hover-text-container">
	  			    <button href="#" tabindex="0" class="hover-text " aria-label="Quick View for Sweet & Heat Popcorn.">Quick View</button>
	  		    </div>
	  	    </div>
	    </div>

	    <div class="product-in-cart">
	  	    <div class="wrapper-product-in-cart">
	  		    <span>
	  			    In Cart
	  		    </span>
	  	    </div>
	    </div>

	    <div class="product-info">
	  	    <div class="product-name-wrapper">
	  		    <a href="/Food/Pantry/Chips-%26-Salty-Snacks/Pretzels-%26-Snack-Mixes/President%27s-Choice-Sweet-%26-Heat-Popcorn/p/21049592_EA" class="product-name" aria-label="Product page for Sweet & Heat Popcorn" >
	  			    <span class="js-product-entry-brand">President's Choice&nbsp;</span>



	  			    <span class="js-product-entry-name">Sweet & Heat Popcorn</span>

	  			    <span class="js-product-entry-size-detail">(220 g)</span>

	  		    </a>
	  	    </div>











		<span class="ad-match-badge  hidden">Ad Match</span>











	  	    <div class="price">
			    <div class="price-wrapper no-discount  ">
				    <span class="reg-price  " aria-label="Regular Price: $2.48">
					    <span class="reg-price-text">$2.48</span>

					    <sup class="reg-price-unit">ea</sup>
				    </span>
				    <span class="sale-price hidden" aria-label="Sale Price:">
					    <span class="sale-price-text"></span>
					    <sup class="sale-price-unit">ea</sup>
				    </span>

				    <span class="secondary-price hidden">

					    <span class="secondary-price-text" aria-label="Secondary Price:"></span>
				    </span>
			    </div>
	  	    </div>

	  	    <div class="qty">
	  		    <span class="reg-qty  ">



		  		<span class="sr-only">Sale Price Per Unit:</span>
        $1.13
        /
        100
        g


	</span>

	<span class="sale-qty hidden">



		  		<span class="sr-only">Sale Price Per Unit:</span>
        $1.13
        /
        100
        g


	</span>

	<span class="secondary-qty hidden">

	  	<span class="secondary-qty-text"></span>
	</span>
	  	    </div>
	    </div>





	</div>
	<form class="form-product  quickview-btn-simple"
	  data-product-id="21049592_EA"
	  data-min-qty="1.0"
	  data-max-qty="999.0"
	  data-unit-type="ea"
	  data-cart-qty="1"
	  data-default-qty="1"
	  novalidate="novalidate"
	  promoCode=""
	  promoNumber=""
	  data-is-customized="false"
	  data-cart-url="/cart/product/21049592_EA"
	  data-csrf-token="9af9e160-7d7f-4cdf-9627-4f0808aa8853"
	  data-is-weighted-product="false">

	<div class="module-add-to-cart " data-change-type="plus" data-auto-edit="true" data-auto-add="true"
		 data-cart-ajax-url="/cart/updateCart">
		<div class="wrapper-add-to-cart-btn">
					<div class="module-add-to-cart-button-small">
							<button type="button" class="btn btn-secondary btn-add-to-cart " data-auid="add-to-cart-button" data-has-pts-badge="false" aria-label="Add Sweet & Heat Popcorn to cart">
										<span class="icon-cart"></span>
										<span class="add-to-cart-text">
											Add</span>
									</button>
									<button type="button" class="btn btn-secondary btn-edit-cart hidden " aria-label="Edit Cart">
										<span class="qty-in-cart"></span>
										<span class="edit-cart-text">
											<spring code="product.edit.text" />"
										</span>
									</button>
								<div class="add-list-parent add-list-module  bottom-add-list-module ">
	<button class="btn btn-inline-link btn-save-to-list  dark is-btn-animated"
	  data-login-url="/account/login?productCode=21049592_EA"
	  data-ajax-url="/restful/lists/all?productCode=21049592_EA"
	  data-user-guest="N"
	  data-user-guest="N" data-product-code="21049592_EA"
	  data-delete-item="false"
	  aria-label="Add Sweet & Heat Popcorn to a List">
	  <span class="glyphicon glyphicon-th-list"></span>
	  <div class="list-cta-text  is-btn-animated">Add to List</div>
	</button>

	<!-- this is the list HTML   -->
	<div class="save-to-list-popup  is-btn-animated animation-up dark"
	  data-save-to-list-error="Can not get lists at this time. Please try again later."
	  data-product-name="Sweet & Heat Popcorn">
	  <div class="inner-container">
	  </div>

	</div>
</div>

</div>
				</div>
			</div>


	<div class="module-plus-minus-buttons small hidden ">
			<button type="button" class="btn cart-change-qty" data-change-type="minus" data-auid="decrease-product-quantity" alt="Minus" aria-label="Minus">
				<span class="icon-minimize"></span>
			</button>
			<div class="plus-minus-input-wrapper">
				<input class="input-qty cart-change-qty" aria-label="Enter manual quantity" type="text" name="qty" title="Change quantity in cart"
							data-unit-type="ea"
							value="1ea" data-change-type="equals"
							maxlength="7">

						<span class="input-qty-pretty">
							<span class="input-qty-pretty-value">1</span>
							<span class="input-qty-pretty-unit"></span>
						</span>
					</div>

			<button type="button" class="btn cart-change-qty" data-change-type="plus" data-auid="increase-product-quantity" alt="Plus" aria-label="Plus">
				<span class="icon-plus-sign"></span>
			</button>

			<p class="deal-limit-reached hidden">Deal Limit Reached</p>

			<div class="tooltip-qty-error tooltip-qty-limit hidden">
				<p>
					Limit to
					&nbsp;
					999
					&nbsp;each&nbsp;
					per customer.</p>
			</div>
			<div class="tooltip-qty-error tooltip-round-error hidden">
				<p>
					We do not have this in the weight you wanted. We've rounded your order to the nearest weight increment we stock.</p>
			</div>
		</div>
	</form>

<!-- End Template: AddToCartSmall -->

</div>
</div>
																<div class="item content-tile">


















































































<div class="module-grocery-product quickview-simple  clicked" data-quickview-ajax-url="/p/20301232001_EA/quickViewProduct" data-product-id="20301232001_EA"  data-product-price="$1.54">



		<span class="subtitle"></span>


	<div class="product-page-hotspot">
	    <div class="product-cell quickview-button">
	  	    <div class="product-image ">

	  		    <img src="https://assets.shop.loblaws.ca/products/20301232001/b1/en/front/20301232001_front_a01.png" onerror="this.src='https://assets.shop.loblaws.ca/products/NoImage/b1/en/front/NoImage_front_a01_@2.png';" alt="Potato Chips, Malt Vinegar & Sea Salt" />


	  			        <span class="sticker deal">
	  				        <span class="deal-badge">




	  				            <span class="module-deal-badge module-deal-badge-grid simple-save-unit "
	  						        data-deal-type="$1.54 LIMIT 14"
	  						        data-ajax-promo-url="/simpleDeal/deals/product-tile?productCode=20301232001_EA"
	  						        data-deal-id="20301232001_EA">
	  						        <span class="deal-type">$1.54 LIMIT 14</span>









	<span class="deal-expiry">
		Exp. 03/10
	</span>


	  				            </span>
	  			            </span>
	  		            </span>













	  		    <div class="hover-text-container">
	  			    <button href="#" tabindex="0" class="hover-text " aria-label="Quick View for Potato Chips, Malt Vinegar & Sea Salt.">Quick View</button>
	  		    </div>
	  	    </div>
	    </div>

	    <div class="product-in-cart">
	  	    <div class="wrapper-product-in-cart">
	  		    <span>
	  			    In Cart
	  		    </span>
	  	    </div>
	    </div>

	    <div class="product-info">
	  	    <div class="product-name-wrapper">
	  		    <a href="/Food/Pantry/Chips-%26-Salty-Snacks/Potato-Chips/Potato-Chips%2C-Malt-Vinegar-%26-Sea-Salt/p/20301232001_EA" class="product-name" aria-label="Product page for Potato Chips, Malt Vinegar & Sea Salt" >
	  			    <span class="js-product-entry-brand">Boulder Canyon&nbsp;</span>



	  			    <span class="js-product-entry-name">Potato Chips, Malt Vinegar & Sea Salt</span>

	  			    <span class="js-product-entry-size-detail">(142 g)</span>

	  		    </a>
	  	    </div>











		<span class="ad-match-badge  hidden">Ad Match</span>











	  	    <div class="price">
			    <div class="price-wrapper no-discount promo-alert ">
				    <span class="reg-price  price-alert" aria-label="Regular Price: $1.54">
					    <span class="reg-price-text">$1.54</span>

					    <sup class="reg-price-unit">ea</sup>
				    </span>
				    <span class="sale-price hidden" aria-label="Sale Price:">
					    <span class="sale-price-text"></span>
					    <sup class="sale-price-unit">ea</sup>
				    </span>

				    <span class="secondary-price hidden">

					    <span class="secondary-price-text" aria-label="Secondary Price:"></span>
				    </span>
			    </div>
	  	    </div>

	  	    <div class="qty">
	  		    <span class="reg-qty  price-alert">



		  		<span class="sr-only">Sale Price Per Unit:</span>
        $1.08
        /
        100
        g


	</span>

	<span class="sale-qty hidden">



		  		<span class="sr-only">Sale Price Per Unit:</span>
        $1.08
        /
        100
        g


	</span>

	<span class="secondary-qty hidden">

	  	<span class="secondary-qty-text"></span>
	</span>
	  	    </div>
	    </div>





	</div>
	<form class="form-product  quickview-btn-simple"
	  data-product-id="20301232001_EA"
	  data-min-qty="1.0"
	  data-max-qty="999.0"
	  data-unit-type="ea"
	  data-cart-qty="1"
	  data-default-qty="1"
	  novalidate="novalidate"
	  promoCode=""
	  promoNumber=""
	  data-is-customized="false"
	  data-cart-url="/cart/product/20301232001_EA"
	  data-csrf-token="9af9e160-7d7f-4cdf-9627-4f0808aa8853"
	  data-is-weighted-product="false">

	<div class="module-add-to-cart " data-change-type="plus" data-auto-edit="true" data-auto-add="true"
		 data-cart-ajax-url="/cart/updateCart">
		<div class="wrapper-add-to-cart-btn">
					<div class="module-add-to-cart-button-small">
							<button type="button" class="btn btn-secondary btn-add-to-cart " data-auid="add-to-cart-button" data-has-pts-badge="false" aria-label="Add Potato Chips, Malt Vinegar & Sea Salt to cart">
										<span class="icon-cart"></span>
										<span class="add-to-cart-text">
											Add</span>
									</button>
									<button type="button" class="btn btn-secondary btn-edit-cart hidden " aria-label="Edit Cart">
										<span class="qty-in-cart"></span>
										<span class="edit-cart-text">
											<spring code="product.edit.text" />"
										</span>
									</button>
								<div class="add-list-parent add-list-module  bottom-add-list-module ">
	<button class="btn btn-inline-link btn-save-to-list  dark is-btn-animated"
	  data-login-url="/account/login?productCode=20301232001_EA"
	  data-ajax-url="/restful/lists/all?productCode=20301232001_EA"
	  data-user-guest="N"
	  data-user-guest="N" data-product-code="20301232001_EA"
	  data-delete-item="false"
	  aria-label="Add Potato Chips, Malt Vinegar & Sea Salt to a List">
	  <span class="glyphicon glyphicon-th-list"></span>
	  <div class="list-cta-text  is-btn-animated">Add to List</div>
	</button>

	<!-- this is the list HTML   -->
	<div class="save-to-list-popup  is-btn-animated animation-up dark"
	  data-save-to-list-error="Can not get lists at this time. Please try again later."
	  data-product-name="Potato Chips, Malt Vinegar & Sea Salt">
	  <div class="inner-container">
	  </div>

	</div>
</div>

</div>
				</div>
			</div>


	<div class="module-plus-minus-buttons small hidden ">
			<button type="button" class="btn cart-change-qty" data-change-type="minus" data-auid="decrease-product-quantity" alt="Minus" aria-label="Minus">
				<span class="icon-minimize"></span>
			</button>
			<div class="plus-minus-input-wrapper">
				<input class="input-qty cart-change-qty" aria-label="Enter manual quantity" type="text" name="qty" title="Change quantity in cart"
							data-unit-type="ea"
							value="1ea" data-change-type="equals"
							maxlength="7">

						<span class="input-qty-pretty">
							<span class="input-qty-pretty-value">1</span>
							<span class="input-qty-pretty-unit"></span>
						</span>
					</div>

			<button type="button" class="btn cart-change-qty" data-change-type="plus" data-auid="increase-product-quantity" alt="Plus" aria-label="Plus">
				<span class="icon-plus-sign"></span>
			</button>

			<p class="deal-limit-reached hidden">Deal Limit Reached</p>

			<div class="tooltip-qty-error tooltip-qty-limit hidden">
				<p>
					Limit to
					&nbsp;
					999
					&nbsp;each&nbsp;
					per customer.</p>
			</div>
			<div class="tooltip-qty-error tooltip-round-error hidden">
				<p>
					We do not have this in the weight you wanted. We've rounded your order to the nearest weight increment we stock.</p>
			</div>
		</div>
	</form>

<!-- End Template: AddToCartSmall -->

</div>
</div>
																<div class="item content-tile">




















































































<div class="module-grocery-product quickview-simple  clicked" data-quickview-ajax-url="/p/20945417_EA/quickViewProduct" data-product-id="20945417_EA"  data-product-price="$2.88">



		<span class="subtitle"></span>


	<div class="product-page-hotspot">
	    <div class="product-cell quickview-button">
	  	    <div class="product-image ">

	  		    <img src="https://assets.shop.loblaws.ca/products/20945417/b1/en/front/20945417_front_a01.png" onerror="this.src='https://assets.shop.loblaws.ca/products/NoImage/b1/en/front/NoImage_front_a01_@2.png';" alt="Kettle Cooked Potato Chips, Sour Cream & Caramelized Onion" />


	  			        <span class="sticker deal">
	  				        <span class="deal-badge">




	  				            <span class="module-deal-badge module-deal-badge-grid simple-save-unit "
	  						        data-deal-type="SAVE $0.43"
	  						        data-ajax-promo-url="/simpleDeal/deals/product-tile?productCode=20945417_EA"
	  						        data-deal-id="20945417_EA">
	  						        <span class="deal-type">SAVE $0.43</span>









	<span class="deal-expiry">
		Exp. 11/21
	</span>


	  				            </span>
	  			            </span>
	  		            </span>













	  		    <div class="hover-text-container">
	  			    <button href="#" tabindex="0" class="hover-text " aria-label="Quick View for Kettle Cooked Potato Chips, Sour Cream & Caramelized Onion.">Quick View</button>
	  		    </div>
	  	    </div>
	    </div>

	    <div class="product-in-cart">
	  	    <div class="wrapper-product-in-cart">
	  		    <span>
	  			    In Cart
	  		    </span>
	  	    </div>
	    </div>

	    <div class="product-info">
	  	    <div class="product-name-wrapper">
	  		    <a href="/Food/Pantry/Chips-%26-Salty-Snacks/Potato-Chips/Miss-Vickies-Kettle-Cooked-Potato-Chips%2C-Sour-Cream-%26-Caramelized-Onion/p/20945417_EA" class="product-name" aria-label="Product page for Kettle Cooked Potato Chips, Sour Cream & Caramelized Onion" >
	  			    <span class="js-product-entry-brand">Miss Vickies&nbsp;</span>



	  			    <span class="js-product-entry-name">Kettle Cooked Potato Chips, Sour Cream & Caramelized Onion</span>

	  			    <span class="js-product-entry-size-detail">(220 g)</span>

	  		    </a>
	  	    </div>











		<span class="ad-match-badge  hidden">Ad Match</span>











	  	    <div class="price">
			    <div class="price-wrapper discount promo-alert ">
				    <span class="reg-price  price-alert" aria-label="Regular Price: $2.88">
					    <span class="reg-price-text">$2.88</span>

					    <sup class="reg-price-unit">ea</sup>
				    </span>
				    <span class="sale-price hidden" aria-label="Sale Price:">
					    <span class="sale-price-text"></span>
					    <sup class="sale-price-unit">ea</sup>
				    </span>

					    <span class="old-price" aria-label="Original Price: $3.31">
						    <span class="old-price-text">$3.31</span>
					    </span>

				    <span class="secondary-price hidden">

					    <span class="secondary-price-text" aria-label="Secondary Price:"></span>
				    </span>
			    </div>
	  	    </div>

	  	    <div class="qty">
	  		    <span class="reg-qty  price-alert">



		  		<span class="sr-only">Sale Price Per Unit:</span>
        $1.31
        /
        100
        g


	</span>

	<span class="sale-qty hidden">



		  		<span class="sr-only">Sale Price Per Unit:</span>
        $1.31
        /
        100
        g


	</span>

	<span class="secondary-qty hidden">

	  	<span class="secondary-qty-text"></span>
	</span>
	  	    </div>
	    </div>





	</div>
	<form class="form-product  quickview-btn-simple"
	  data-product-id="20945417_EA"
	  data-min-qty="1.0"
	  data-max-qty="999.0"
	  data-unit-type="ea"
	  data-cart-qty="1"
	  data-default-qty="1"
	  novalidate="novalidate"
	  promoCode=""
	  promoNumber=""
	  data-is-customized="false"
	  data-cart-url="/cart/product/20945417_EA"
	  data-csrf-token="9af9e160-7d7f-4cdf-9627-4f0808aa8853"
	  data-is-weighted-product="false">

	<div class="module-add-to-cart " data-change-type="plus" data-auto-edit="true" data-auto-add="true"
		 data-cart-ajax-url="/cart/updateCart">
		<div class="wrapper-add-to-cart-btn">
					<div class="module-add-to-cart-button-small">
							<button type="button" class="btn btn-secondary btn-add-to-cart " data-auid="add-to-cart-button" data-has-pts-badge="false" aria-label="Add Kettle Cooked Potato Chips, Sour Cream & Caramelized Onion to cart">
										<span class="icon-cart"></span>
										<span class="add-to-cart-text">
											Add</span>
									</button>
									<button type="button" class="btn btn-secondary btn-edit-cart hidden " aria-label="Edit Cart">
										<span class="qty-in-cart"></span>
										<span class="edit-cart-text">
											<spring code="product.edit.text" />"
										</span>
									</button>
								<div class="add-list-parent add-list-module  bottom-add-list-module ">
	<button class="btn btn-inline-link btn-save-to-list  dark is-btn-animated"
	  data-login-url="/account/login?productCode=20945417_EA"
	  data-ajax-url="/restful/lists/all?productCode=20945417_EA"
	  data-user-guest="N"
	  data-user-guest="N" data-product-code="20945417_EA"
	  data-delete-item="false"
	  aria-label="Add Kettle Cooked Potato Chips, Sour Cream & Caramelized Onion to a List">
	  <span class="glyphicon glyphicon-th-list"></span>
	  <div class="list-cta-text  is-btn-animated">Add to List</div>
	</button>

	<!-- this is the list HTML   -->
	<div class="save-to-list-popup  is-btn-animated animation-up dark"
	  data-save-to-list-error="Can not get lists at this time. Please try again later."
	  data-product-name="Kettle Cooked Potato Chips, Sour Cream & Caramelized Onion">
	  <div class="inner-container">
	  </div>

	</div>
</div>

</div>
				</div>
			</div>


	<div class="module-plus-minus-buttons small hidden ">
			<button type="button" class="btn cart-change-qty" data-change-type="minus" data-auid="decrease-product-quantity" alt="Minus" aria-label="Minus">
				<span class="icon-minimize"></span>
			</button>
			<div class="plus-minus-input-wrapper">
				<input class="input-qty cart-change-qty" aria-label="Enter manual quantity" type="text" name="qty" title="Change quantity in cart"
							data-unit-type="ea"
							value="1ea" data-change-type="equals"
							maxlength="7">

						<span class="input-qty-pretty">
							<span class="input-qty-pretty-value">1</span>
							<span class="input-qty-pretty-unit"></span>
						</span>
					</div>

			<button type="button" class="btn cart-change-qty" data-change-type="plus" data-auid="increase-product-quantity" alt="Plus" aria-label="Plus">
				<span class="icon-plus-sign"></span>
			</button>

			<p class="deal-limit-reached hidden">Deal Limit Reached</p>

			<div class="tooltip-qty-error tooltip-qty-limit hidden">
				<p>
					Limit to
					&nbsp;
					999
					&nbsp;each&nbsp;
					per customer.</p>
			</div>
			<div class="tooltip-qty-error tooltip-round-error hidden">
				<p>
					We do not have this in the weight you wanted. We've rounded your order to the nearest weight increment we stock.</p>
			</div>
		</div>
	</form>

<!-- End Template: AddToCartSmall -->

</div>
</div>
																<div class="item content-tile">
















































































<div class="module-grocery-product quickview-simple  clicked" data-quickview-ajax-url="/p/20972850_EA/quickViewProduct" data-product-id="20972850_EA"  data-product-price="$4.58">



		<span class="subtitle"></span>


	<div class="product-page-hotspot">
	    <div class="product-cell quickview-button">
	  	    <div class="product-image ">

	  		    <img src="https://assets.shop.loblaws.ca/products/20972850/b1/en/front/20972850_front_a01.png" onerror="this.src='https://assets.shop.loblaws.ca/products/NoImage/b1/en/front/NoImage_front_a01_@2.png';" alt="Kettle Cooked Potato Chips, Sea Salt & Malt Vinegar" />













	  		    <div class="hover-text-container">
	  			    <button href="#" tabindex="0" class="hover-text " aria-label="Quick View for Kettle Cooked Potato Chips, Sea Salt & Malt Vinegar.">Quick View</button>
	  		    </div>
	  	    </div>
	    </div>

	    <div class="product-in-cart">
	  	    <div class="wrapper-product-in-cart">
	  		    <span>
	  			    In Cart
	  		    </span>
	  	    </div>
	    </div>

	    <div class="product-info">
	  	    <div class="product-name-wrapper">
	  		    <a href="/Food/Pantry/Chips-%26-Salty-Snacks/Potato-Chips/Miss-Vickies-Kettle-Cooked-Potato-Chips%2C-Sea-Salt-%26-Malt-Vinegar/p/20972850_EA" class="product-name" aria-label="Product page for Kettle Cooked Potato Chips, Sea Salt & Malt Vinegar" >
	  			    <span class="js-product-entry-brand">Miss Vickies&nbsp;</span>



	  			    <span class="js-product-entry-name">Kettle Cooked Potato Chips, Sea Salt & Malt Vinegar</span>

	  			    <span class="js-product-entry-size-detail">(300 g)</span>

	  		    </a>
	  	    </div>











		<span class="ad-match-badge  hidden">Ad Match</span>











	  	    <div class="price">
			    <div class="price-wrapper no-discount  ">
				    <span class="reg-price  " aria-label="Regular Price: $4.58">
					    <span class="reg-price-text">$4.58</span>

					    <sup class="reg-price-unit">ea</sup>
				    </span>
				    <span class="sale-price hidden" aria-label="Sale Price:">
					    <span class="sale-price-text"></span>
					    <sup class="sale-price-unit">ea</sup>
				    </span>

				    <span class="secondary-price hidden">

					    <span class="secondary-price-text" aria-label="Secondary Price:"></span>
				    </span>
			    </div>
	  	    </div>

	  	    <div class="qty">
	  		    <span class="reg-qty  ">



		  		<span class="sr-only">Sale Price Per Unit:</span>
        $1.53
        /
        100
        g


	</span>

	<span class="sale-qty hidden">



		  		<span class="sr-only">Sale Price Per Unit:</span>
        $1.53
        /
        100
        g


	</span>

	<span class="secondary-qty hidden">

	  	<span class="secondary-qty-text"></span>
	</span>
	  	    </div>
	    </div>





	</div>
	<form class="form-product  quickview-btn-simple"
	  data-product-id="20972850_EA"
	  data-min-qty="1.0"
	  data-max-qty="999.0"
	  data-unit-type="ea"
	  data-cart-qty="1"
	  data-default-qty="1"
	  novalidate="novalidate"
	  promoCode=""
	  promoNumber=""
	  data-is-customized="false"
	  data-cart-url="/cart/product/20972850_EA"
	  data-csrf-token="9af9e160-7d7f-4cdf-9627-4f0808aa8853"
	  data-is-weighted-product="false">

	<div class="module-add-to-cart " data-change-type="plus" data-auto-edit="true" data-auto-add="true"
		 data-cart-ajax-url="/cart/updateCart">
		<div class="wrapper-add-to-cart-btn">
					<div class="module-add-to-cart-button-small">
							<button type="button" class="btn btn-secondary btn-add-to-cart " data-auid="add-to-cart-button" data-has-pts-badge="false" aria-label="Add Kettle Cooked Potato Chips, Sea Salt & Malt Vinegar to cart">
										<span class="icon-cart"></span>
										<span class="add-to-cart-text">
											Add</span>
									</button>
									<button type="button" class="btn btn-secondary btn-edit-cart hidden " aria-label="Edit Cart">
										<span class="qty-in-cart"></span>
										<span class="edit-cart-text">
											<spring code="product.edit.text" />"
										</span>
									</button>
								<div class="add-list-parent add-list-module  bottom-add-list-module ">
	<button class="btn btn-inline-link btn-save-to-list  dark is-btn-animated"
	  data-login-url="/account/login?productCode=20972850_EA"
	  data-ajax-url="/restful/lists/all?productCode=20972850_EA"
	  data-user-guest="N"
	  data-user-guest="N" data-product-code="20972850_EA"
	  data-delete-item="false"
	  aria-label="Add Kettle Cooked Potato Chips, Sea Salt & Malt Vinegar to a List">
	  <span class="glyphicon glyphicon-th-list"></span>
	  <div class="list-cta-text  is-btn-animated">Add to List</div>
	</button>

	<!-- this is the list HTML   -->
	<div class="save-to-list-popup  is-btn-animated animation-up dark"
	  data-save-to-list-error="Can not get lists at this time. Please try again later."
	  data-product-name="Kettle Cooked Potato Chips, Sea Salt & Malt Vinegar">
	  <div class="inner-container">
	  </div>

	</div>
</div>

</div>
				</div>
			</div>


	<div class="module-plus-minus-buttons small hidden ">
			<button type="button" class="btn cart-change-qty" data-change-type="minus" data-auid="decrease-product-quantity" alt="Minus" aria-label="Minus">
				<span class="icon-minimize"></span>
			</button>
			<div class="plus-minus-input-wrapper">
				<input class="input-qty cart-change-qty" aria-label="Enter manual quantity" type="text" name="qty" title="Change quantity in cart"
							data-unit-type="ea"
							value="1ea" data-change-type="equals"
							maxlength="7">

						<span class="input-qty-pretty">
							<span class="input-qty-pretty-value">1</span>
							<span class="input-qty-pretty-unit"></span>
						</span>
					</div>

			<button type="button" class="btn cart-change-qty" data-change-type="plus" data-auid="increase-product-quantity" alt="Plus" aria-label="Plus">
				<span class="icon-plus-sign"></span>
			</button>

			<p class="deal-limit-reached hidden">Deal Limit Reached</p>

			<div class="tooltip-qty-error tooltip-qty-limit hidden">
				<p>
					Limit to
					&nbsp;
					999
					&nbsp;each&nbsp;
					per customer.</p>
			</div>
			<div class="tooltip-qty-error tooltip-round-error hidden">
				<p>
					We do not have this in the weight you wanted. We've rounded your order to the nearest weight increment we stock.</p>
			</div>
		</div>
	</form>

<!-- End Template: AddToCartSmall -->

</div>
</div>
																<div class="item content-tile">


















































































<div class="module-grocery-product quickview-simple  clicked" data-quickview-ajax-url="/p/21082041_EA/quickViewProduct" data-product-id="21082041_EA"  data-product-price="$3.98">



		<span class="subtitle"></span>


	<div class="product-page-hotspot">
	    <div class="product-cell quickview-button">
	  	    <div class="product-image ">

	  		    <img src="https://assets.shop.loblaws.ca/products/21082041/b1/en/front/21082041_front_a01.png" onerror="this.src='https://assets.shop.loblaws.ca/products/NoImage/b1/en/front/NoImage_front_a01_@2.png';" alt="Exotic Vegetable Chips Plantains Sea Salt" />


	  			        <span class="sticker deal">
	  				        <span class="deal-badge">




	  				            <span class="module-deal-badge module-deal-badge-grid simple-save-unit "
	  						        data-deal-type="$3.98 LIMIT 4"
	  						        data-ajax-promo-url="/simpleDeal/deals/product-tile?productCode=21082041_EA"
	  						        data-deal-id="21082041_EA">
	  						        <span class="deal-type">$3.98 LIMIT 4</span>









	<span class="deal-expiry">
		Exp. 11/22
	</span>


	  				            </span>
	  			            </span>
	  		            </span>













	  		    <div class="hover-text-container">
	  			    <button href="#" tabindex="0" class="hover-text " aria-label="Quick View for Exotic Vegetable Chips Plantains Sea Salt.">Quick View</button>
	  		    </div>
	  	    </div>
	    </div>

	    <div class="product-in-cart">
	  	    <div class="wrapper-product-in-cart">
	  		    <span>
	  			    In Cart
	  		    </span>
	  	    </div>
	    </div>

	    <div class="product-info">
	  	    <div class="product-name-wrapper">
	  		    <a href="/Food/Pantry/Chips-%26-Salty-Snacks/Potato-Chips/Terra-Exotic-Vegetable-Chips-Plantains-Sea-Salt/p/21082041_EA" class="product-name" aria-label="Product page for Exotic Vegetable Chips Plantains Sea Salt" >
	  			    <span class="js-product-entry-brand">Terra&nbsp;</span>



	  			    <span class="js-product-entry-name">Exotic Vegetable Chips Plantains Sea Salt</span>

	  			    <span class="js-product-entry-size-detail">(141 g)</span>

	  		    </a>
	  	    </div>











		<span class="ad-match-badge  hidden">Ad Match</span>











	  	    <div class="price">
			    <div class="price-wrapper no-discount promo-alert ">
				    <span class="reg-price  price-alert" aria-label="Regular Price: $3.98">
					    <span class="reg-price-text">$3.98</span>

					    <sup class="reg-price-unit">ea</sup>
				    </span>
				    <span class="sale-price hidden" aria-label="Sale Price:">
					    <span class="sale-price-text"></span>
					    <sup class="sale-price-unit">ea</sup>
				    </span>

				    <span class="secondary-price hidden">

					    <span class="secondary-price-text" aria-label="Secondary Price:"></span>
				    </span>
			    </div>
	  	    </div>

	  	    <div class="qty">
	  		    <span class="reg-qty  price-alert">



		  		<span class="sr-only">Sale Price Per Unit:</span>
        $2.82
        /
        100
        g


	</span>

	<span class="sale-qty hidden">



		  		<span class="sr-only">Sale Price Per Unit:</span>
        $2.82
        /
        100
        g


	</span>

	<span class="secondary-qty hidden">

	  	<span class="secondary-qty-text"></span>
	</span>
	  	    </div>
	    </div>





	</div>
	<form class="form-product  quickview-btn-simple"
	  data-product-id="21082041_EA"
	  data-min-qty="1.0"
	  data-max-qty="999.0"
	  data-unit-type="ea"
	  data-cart-qty="1"
	  data-default-qty="1"
	  novalidate="novalidate"
	  promoCode=""
	  promoNumber=""
	  data-is-customized="false"
	  data-cart-url="/cart/product/21082041_EA"
	  data-csrf-token="9af9e160-7d7f-4cdf-9627-4f0808aa8853"
	  data-is-weighted-product="false">

	<div class="module-add-to-cart " data-change-type="plus" data-auto-edit="true" data-auto-add="true"
		 data-cart-ajax-url="/cart/updateCart">
		<div class="wrapper-add-to-cart-btn">
					<div class="module-add-to-cart-button-small">
							<button type="button" class="btn btn-secondary btn-add-to-cart " data-auid="add-to-cart-button" data-has-pts-badge="false" aria-label="Add Exotic Vegetable Chips Plantains Sea Salt to cart">
										<span class="icon-cart"></span>
										<span class="add-to-cart-text">
											Add</span>
									</button>
									<button type="button" class="btn btn-secondary btn-edit-cart hidden " aria-label="Edit Cart">
										<span class="qty-in-cart"></span>
										<span class="edit-cart-text">
											<spring code="product.edit.text" />"
										</span>
									</button>
								<div class="add-list-parent add-list-module  bottom-add-list-module ">
	<button class="btn btn-inline-link btn-save-to-list  dark is-btn-animated"
	  data-login-url="/account/login?productCode=21082041_EA"
	  data-ajax-url="/restful/lists/all?productCode=21082041_EA"
	  data-user-guest="N"
	  data-user-guest="N" data-product-code="21082041_EA"
	  data-delete-item="false"
	  aria-label="Add Exotic Vegetable Chips Plantains Sea Salt to a List">
	  <span class="glyphicon glyphicon-th-list"></span>
	  <div class="list-cta-text  is-btn-animated">Add to List</div>
	</button>

	<!-- this is the list HTML   -->
	<div class="save-to-list-popup  is-btn-animated animation-up dark"
	  data-save-to-list-error="Can not get lists at this time. Please try again later."
	  data-product-name="Exotic Vegetable Chips Plantains Sea Salt">
	  <div class="inner-container">
	  </div>

	</div>
</div>

</div>
				</div>
			</div>


	<div class="module-plus-minus-buttons small hidden ">
			<button type="button" class="btn cart-change-qty" data-change-type="minus" data-auid="decrease-product-quantity" alt="Minus" aria-label="Minus">
				<span class="icon-minimize"></span>
			</button>
			<div class="plus-minus-input-wrapper">
				<input class="input-qty cart-change-qty" aria-label="Enter manual quantity" type="text" name="qty" title="Change quantity in cart"
							data-unit-type="ea"
							value="1ea" data-change-type="equals"
							maxlength="7">

						<span class="input-qty-pretty">
							<span class="input-qty-pretty-value">1</span>
							<span class="input-qty-pretty-unit"></span>
						</span>
					</div>

			<button type="button" class="btn cart-change-qty" data-change-type="plus" data-auid="increase-product-quantity" alt="Plus" aria-label="Plus">
				<span class="icon-plus-sign"></span>
			</button>

			<p class="deal-limit-reached hidden">Deal Limit Reached</p>

			<div class="tooltip-qty-error tooltip-qty-limit hidden">
				<p>
					Limit to
					&nbsp;
					999
					&nbsp;each&nbsp;
					per customer.</p>
			</div>
			<div class="tooltip-qty-error tooltip-round-error hidden">
				<p>
					We do not have this in the weight you wanted. We've rounded your order to the nearest weight increment we stock.</p>
			</div>
		</div>
	</form>

<!-- End Template: AddToCartSmall -->

</div>
</div>
																<div class="item content-tile">


















































































<div class="module-grocery-product quickview-simple  clicked" data-quickview-ajax-url="/p/20503218003_EA/quickViewProduct" data-product-id="20503218003_EA"  data-product-price="$2.47">



		<span class="subtitle"></span>


	<div class="product-page-hotspot">
	    <div class="product-cell quickview-button">
	  	    <div class="product-image ">

	  		    <img src="https://assets.shop.loblaws.ca/products/20503218003/b1/en/front/20503218003_front_a01.png" onerror="this.src='https://assets.shop.loblaws.ca/products/NoImage/b1/en/front/NoImage_front_a01_@2.png';" alt="Tortilla Chips, Sea Salt & Hint of Lime" />


	  			        <span class="sticker deal">
	  				        <span class="deal-badge">




	  				            <span class="module-deal-badge module-deal-badge-grid simple-save-unit "
	  						        data-deal-type="$2.47 LIMIT 4"
	  						        data-ajax-promo-url="/simpleDeal/deals/product-tile?productCode=20503218003_EA"
	  						        data-deal-id="20503218003_EA">
	  						        <span class="deal-type">$2.47 LIMIT 4</span>









	<span class="deal-expiry">
		Exp. 11/29
	</span>


	  				            </span>
	  			            </span>
	  		            </span>













	  		    <div class="hover-text-container">
	  			    <button href="#" tabindex="0" class="hover-text " aria-label="Quick View for Tortilla Chips, Sea Salt & Hint of Lime.">Quick View</button>
	  		    </div>
	  	    </div>
	    </div>

	    <div class="product-in-cart">
	  	    <div class="wrapper-product-in-cart">
	  		    <span>
	  			    In Cart
	  		    </span>
	  	    </div>
	    </div>

	    <div class="product-info">
	  	    <div class="product-name-wrapper">
	  		    <a href="/Food/Pantry/Chips-%26-Salty-Snacks/Potato-Chips/Old-Dutch-RESTAURANTE-Tortilla-Chips%2C-Sea-Salt-%26-Hint-of-Lime/p/20503218003_EA" class="product-name" aria-label="Product page for Tortilla Chips, Sea Salt & Hint of Lime" >
	  			    <span class="js-product-entry-brand">Old Dutch&nbsp;</span>



	  			    <span class="js-product-entry-name">Tortilla Chips, Sea Salt & Hint of Lime</span>

	  			    <span class="js-product-entry-size-detail">(310 g)</span>

	  		    </a>
	  	    </div>











		<span class="ad-match-badge  hidden">Ad Match</span>











	  	    <div class="price">
			    <div class="price-wrapper no-discount promo-alert ">
				    <span class="reg-price  price-alert" aria-label="Regular Price: $2.47">
					    <span class="reg-price-text">$2.47</span>

					    <sup class="reg-price-unit">ea</sup>
				    </span>
				    <span class="sale-price hidden" aria-label="Sale Price:">
					    <span class="sale-price-text"></span>
					    <sup class="sale-price-unit">ea</sup>
				    </span>

				    <span class="secondary-price hidden">

					    <span class="secondary-price-text" aria-label="Secondary Price:"></span>
				    </span>
			    </div>
	  	    </div>

	  	    <div class="qty">
	  		    <span class="reg-qty  price-alert">



		  		<span class="sr-only">Sale Price Per Unit:</span>
        $0.80
        /
        100
        g


	</span>

	<span class="sale-qty hidden">



		  		<span class="sr-only">Sale Price Per Unit:</span>
        $0.80
        /
        100
        g


	</span>

	<span class="secondary-qty hidden">

	  	<span class="secondary-qty-text"></span>
	</span>
	  	    </div>
	    </div>





	</div>
	<form class="form-product  quickview-btn-simple"
	  data-product-id="20503218003_EA"
	  data-min-qty="1.0"
	  data-max-qty="999.0"
	  data-unit-type="ea"
	  data-cart-qty="1"
	  data-default-qty="1"
	  novalidate="novalidate"
	  promoCode=""
	  promoNumber=""
	  data-is-customized="false"
	  data-cart-url="/cart/product/20503218003_EA"
	  data-csrf-token="9af9e160-7d7f-4cdf-9627-4f0808aa8853"
	  data-is-weighted-product="false">

	<div class="module-add-to-cart " data-change-type="plus" data-auto-edit="true" data-auto-add="true"
		 data-cart-ajax-url="/cart/updateCart">
		<div class="wrapper-add-to-cart-btn">
					<div class="module-add-to-cart-button-small">
							<button type="button" class="btn btn-secondary btn-add-to-cart " data-auid="add-to-cart-button" data-has-pts-badge="false" aria-label="Add Tortilla Chips, Sea Salt & Hint of Lime to cart">
										<span class="icon-cart"></span>
										<span class="add-to-cart-text">
											Add</span>
									</button>
									<button type="button" class="btn btn-secondary btn-edit-cart hidden " aria-label="Edit Cart">
										<span class="qty-in-cart"></span>
										<span class="edit-cart-text">
											<spring code="product.edit.text" />"
										</span>
									</button>
								<div class="add-list-parent add-list-module  bottom-add-list-module ">
	<button class="btn btn-inline-link btn-save-to-list  dark is-btn-animated"
	  data-login-url="/account/login?productCode=20503218003_EA"
	  data-ajax-url="/restful/lists/all?productCode=20503218003_EA"
	  data-user-guest="N"
	  data-user-guest="N" data-product-code="20503218003_EA"
	  data-delete-item="false"
	  aria-label="Add Tortilla Chips, Sea Salt & Hint of Lime to a List">
	  <span class="glyphicon glyphicon-th-list"></span>
	  <div class="list-cta-text  is-btn-animated">Add to List</div>
	</button>

	<!-- this is the list HTML   -->
	<div class="save-to-list-popup  is-btn-animated animation-up dark"
	  data-save-to-list-error="Can not get lists at this time. Please try again later."
	  data-product-name="Tortilla Chips, Sea Salt & Hint of Lime">
	  <div class="inner-container">
	  </div>

	</div>
</div>

</div>
				</div>
			</div>


	<div class="module-plus-minus-buttons small hidden ">
			<button type="button" class="btn cart-change-qty" data-change-type="minus" data-auid="decrease-product-quantity" alt="Minus" aria-label="Minus">
				<span class="icon-minimize"></span>
			</button>
			<div class="plus-minus-input-wrapper">
				<input class="input-qty cart-change-qty" aria-label="Enter manual quantity" type="text" name="qty" title="Change quantity in cart"
							data-unit-type="ea"
							value="1ea" data-change-type="equals"
							maxlength="7">

						<span class="input-qty-pretty">
							<span class="input-qty-pretty-value">1</span>
							<span class="input-qty-pretty-unit"></span>
						</span>
					</div>

			<button type="button" class="btn cart-change-qty" data-change-type="plus" data-auid="increase-product-quantity" alt="Plus" aria-label="Plus">
				<span class="icon-plus-sign"></span>
			</button>

			<p class="deal-limit-reached hidden">Deal Limit Reached</p>

			<div class="tooltip-qty-error tooltip-qty-limit hidden">
				<p>
					Limit to
					&nbsp;
					999
					&nbsp;each&nbsp;
					per customer.</p>
			</div>
			<div class="tooltip-qty-error tooltip-round-error hidden">
				<p>
					We do not have this in the weight you wanted. We've rounded your order to the nearest weight increment we stock.</p>
			</div>
		</div>
	</form>

<!-- End Template: AddToCartSmall -->

</div>
</div>
																<div class="item content-tile">
















































































<div class="module-grocery-product quickview-simple  clicked" data-quickview-ajax-url="/p/20302765_EA/quickViewProduct" data-product-id="20302765_EA"  data-product-price="$2.98">



		<span class="subtitle"></span>


	<div class="product-page-hotspot">
	    <div class="product-cell quickview-button">
	  	    <div class="product-image ">

	  		    <img src="https://assets.shop.loblaws.ca/products/20302765/b1/en/front/20302765_front_a01.png" onerror="this.src='https://assets.shop.loblaws.ca/products/NoImage/b1/en/front/NoImage_front_a01_@2.png';" alt="Tortilla Bite Size Round Premium White Corn Tortilla Chips" />













	  		    <div class="hover-text-container">
	  			    <button href="#" tabindex="0" class="hover-text " aria-label="Quick View for Tortilla Bite Size Round Premium White Corn Tortilla Chips.">Quick View</button>
	  		    </div>
	  	    </div>
	    </div>

	    <div class="product-in-cart">
	  	    <div class="wrapper-product-in-cart">
	  		    <span>
	  			    In Cart
	  		    </span>
	  	    </div>
	    </div>

	    <div class="product-info">
	  	    <div class="product-name-wrapper">
	  		    <a href="/Food/Pantry/Chips-%26-Salty-Snacks/Tortilla-Chips/Tortilla-Bite-Size-Round-Premium-White-Corn-Tortilla-Chips/p/20302765_EA" class="product-name" aria-label="Product page for Tortilla Bite Size Round Premium White Corn Tortilla Chips" >
	  			    <span class="js-product-entry-brand">President's Choice&nbsp;</span>



	  			    <span class="js-product-entry-name">Tortilla Bite Size Round Premium White Corn Tortilla Chips</span>

	  			    <span class="js-product-entry-size-detail">(350 g)</span>

	  		    </a>
	  	    </div>











		<span class="ad-match-badge  hidden">Ad Match</span>











	  	    <div class="price">
			    <div class="price-wrapper no-discount  ">
				    <span class="reg-price  " aria-label="Regular Price: $2.98">
					    <span class="reg-price-text">$2.98</span>

					    <sup class="reg-price-unit">ea</sup>
				    </span>
				    <span class="sale-price hidden" aria-label="Sale Price:">
					    <span class="sale-price-text"></span>
					    <sup class="sale-price-unit">ea</sup>
				    </span>

				    <span class="secondary-price hidden">

					    <span class="secondary-price-text" aria-label="Secondary Price:"></span>
				    </span>
			    </div>
	  	    </div>

	  	    <div class="qty">
	  		    <span class="reg-qty  ">



		  		<span class="sr-only">Sale Price Per Unit:</span>
        $0.85
        /
        100
        g


	</span>

	<span class="sale-qty hidden">



		  		<span class="sr-only">Sale Price Per Unit:</span>
        $0.85
        /
        100
        g


	</span>

	<span class="secondary-qty hidden">

	  	<span class="secondary-qty-text"></span>
	</span>
	  	    </div>
	    </div>





	</div>
	<form class="form-product  quickview-btn-simple"
	  data-product-id="20302765_EA"
	  data-min-qty="1.0"
	  data-max-qty="999.0"
	  data-unit-type="ea"
	  data-cart-qty="1"
	  data-default-qty="1"
	  novalidate="novalidate"
	  promoCode=""
	  promoNumber=""
	  data-is-customized="false"
	  data-cart-url="/cart/product/20302765_EA"
	  data-csrf-token="9af9e160-7d7f-4cdf-9627-4f0808aa8853"
	  data-is-weighted-product="false">

	<div class="module-add-to-cart " data-change-type="plus" data-auto-edit="true" data-auto-add="true"
		 data-cart-ajax-url="/cart/updateCart">
		<div class="wrapper-add-to-cart-btn">
					<div class="module-add-to-cart-button-small">
							<button type="button" class="btn btn-secondary btn-add-to-cart " data-auid="add-to-cart-button" data-has-pts-badge="false" aria-label="Add Tortilla Bite Size Round Premium White Corn Tortilla Chips to cart">
										<span class="icon-cart"></span>
										<span class="add-to-cart-text">
											Add</span>
									</button>
									<button type="button" class="btn btn-secondary btn-edit-cart hidden " aria-label="Edit Cart">
										<span class="qty-in-cart"></span>
										<span class="edit-cart-text">
											<spring code="product.edit.text" />"
										</span>
									</button>
								<div class="add-list-parent add-list-module  bottom-add-list-module ">
	<button class="btn btn-inline-link btn-save-to-list  dark is-btn-animated"
	  data-login-url="/account/login?productCode=20302765_EA"
	  data-ajax-url="/restful/lists/all?productCode=20302765_EA"
	  data-user-guest="N"
	  data-user-guest="N" data-product-code="20302765_EA"
	  data-delete-item="false"
	  aria-label="Add Tortilla Bite Size Round Premium White Corn Tortilla Chips to a List">
	  <span class="glyphicon glyphicon-th-list"></span>
	  <div class="list-cta-text  is-btn-animated">Add to List</div>
	</button>

	<!-- this is the list HTML   -->
	<div class="save-to-list-popup  is-btn-animated animation-up dark"
	  data-save-to-list-error="Can not get lists at this time. Please try again later."
	  data-product-name="Tortilla Bite Size Round Premium White Corn Tortilla Chips">
	  <div class="inner-container">
	  </div>

	</div>
</div>

</div>
				</div>
			</div>


	<div class="module-plus-minus-buttons small hidden ">
			<button type="button" class="btn cart-change-qty" data-change-type="minus" data-auid="decrease-product-quantity" alt="Minus" aria-label="Minus">
				<span class="icon-minimize"></span>
			</button>
			<div class="plus-minus-input-wrapper">
				<input class="input-qty cart-change-qty" aria-label="Enter manual quantity" type="text" name="qty" title="Change quantity in cart"
							data-unit-type="ea"
							value="1ea" data-change-type="equals"
							maxlength="7">

						<span class="input-qty-pretty">
							<span class="input-qty-pretty-value">1</span>
							<span class="input-qty-pretty-unit"></span>
						</span>
					</div>

			<button type="button" class="btn cart-change-qty" data-change-type="plus" data-auid="increase-product-quantity" alt="Plus" aria-label="Plus">
				<span class="icon-plus-sign"></span>
			</button>

			<p class="deal-limit-reached hidden">Deal Limit Reached</p>

			<div class="tooltip-qty-error tooltip-qty-limit hidden">
				<p>
					Limit to
					&nbsp;
					999
					&nbsp;each&nbsp;
					per customer.</p>
			</div>
			<div class="tooltip-qty-error tooltip-round-error hidden">
				<p>
					We do not have this in the weight you wanted. We've rounded your order to the nearest weight increment we stock.</p>
			</div>
		</div>
	</form>

<!-- End Template: AddToCartSmall -->

</div>
</div>
																<div class="item content-tile">
















































































<div class="module-grocery-product quickview-simple  clicked" data-quickview-ajax-url="/p/20946463_EA/quickViewProduct" data-product-id="20946463_EA"  data-product-price="$1.28">



		<span class="subtitle"></span>


	<div class="product-page-hotspot">
	    <div class="product-cell quickview-button">
	  	    <div class="product-image ">

	  		    <img src="https://assets.shop.loblaws.ca/products/20946463/b1/en/front/20946463_front_a01.png" onerror="this.src='https://assets.shop.loblaws.ca/products/NoImage/b1/en/front/NoImage_front_a01_@2.png';" alt="Potato Crisps, BBQ" />


	  			        <span class="sticker deal">
	  				        <span class="deal-badge">




	  				            <span class="module-deal-badge module-deal-badge-grid simple-save-unit "
	  						        data-deal-type="3 FOR $3.45"
	  						        data-ajax-promo-url="/simpleDeal/deals/product-tile?productCode=20946463_EA"
	  						        data-deal-id="20946463_EA">
	  						        <span class="deal-type">3 FOR $3.45</span>









	<span class="deal-expiry">
		Exp. 12/31
	</span>


	  				            </span>
	  			            </span>
	  		            </span>













	  		    <div class="hover-text-container">
	  			    <button href="#" tabindex="0" class="hover-text " aria-label="Quick View for Potato Crisps, BBQ.">Quick View</button>
	  		    </div>
	  	    </div>
	    </div>

	    <div class="product-in-cart">
	  	    <div class="wrapper-product-in-cart">
	  		    <span>
	  			    In Cart
	  		    </span>
	  	    </div>
	    </div>

	    <div class="product-info">
	  	    <div class="product-name-wrapper">
	  		    <a href="/Food/Pantry/Chips-%26-Salty-Snacks/Potato-Chips/No-Name-Potato-Crisps%2C-BBQ/p/20946463_EA" class="product-name" aria-label="Product page for Potato Crisps, BBQ" >
	  			    <span class="js-product-entry-brand">No Name&nbsp;</span>



	  			    <span class="js-product-entry-name">Potato Crisps, BBQ</span>

	  			    <span class="js-product-entry-size-detail">(142 g)</span>

	  		    </a>
	  	    </div>











		<span class="ad-match-badge  hidden">Ad Match</span>











	  	    <div class="price">
			    <div class="price-wrapper no-discount  ">
				    <span class="reg-price  " aria-label="Regular Price: $1.28">
					    <span class="reg-price-text">$1.28</span>

					    <sup class="reg-price-unit">ea</sup>
				    </span>
				    <span class="sale-price hidden" aria-label="Sale Price:">
					    <span class="sale-price-text"></span>
					    <sup class="sale-price-unit">ea</sup>
				    </span>

				    <span class="secondary-price hidden">

					    <span class="secondary-price-text" aria-label="Secondary Price:"></span>
				    </span>
			    </div>
	  	    </div>

	  	    <div class="qty">
	  		    <span class="reg-qty  ">



		  		<span class="sr-only">Sale Price Per Unit:</span>
        $0.90
        /
        100
        g


	</span>

	<span class="sale-qty hidden">



		  		<span class="sr-only">Sale Price Per Unit:</span>
        $0.90
        /
        100
        g


	</span>

	<span class="secondary-qty hidden">

	  	<span class="secondary-qty-text"></span>
	</span>
	  	    </div>
	    </div>





	</div>
	<form class="form-product  quickview-btn-simple"
	  data-product-id="20946463_EA"
	  data-min-qty="1.0"
	  data-max-qty="999.0"
	  data-unit-type="ea"
	  data-cart-qty="1"
	  data-default-qty="1"
	  novalidate="novalidate"
	  promoCode=""
	  promoNumber=""
	  data-is-customized="false"
	  data-cart-url="/cart/product/20946463_EA"
	  data-csrf-token="9af9e160-7d7f-4cdf-9627-4f0808aa8853"
	  data-is-weighted-product="false">

	<div class="module-add-to-cart " data-change-type="plus" data-auto-edit="true" data-auto-add="true"
		 data-cart-ajax-url="/cart/updateCart">
		<div class="wrapper-add-to-cart-btn">
					<div class="module-add-to-cart-button-small">
							<button type="button" class="btn btn-secondary btn-add-to-cart " data-auid="add-to-cart-button" data-has-pts-badge="false" aria-label="Add Potato Crisps, BBQ to cart">
										<span class="icon-cart"></span>
										<span class="add-to-cart-text">
											Add</span>
									</button>
									<button type="button" class="btn btn-secondary btn-edit-cart hidden " aria-label="Edit Cart">
										<span class="qty-in-cart"></span>
										<span class="edit-cart-text">
											<spring code="product.edit.text" />"
										</span>
									</button>
								<div class="add-list-parent add-list-module  bottom-add-list-module ">
	<button class="btn btn-inline-link btn-save-to-list  dark is-btn-animated"
	  data-login-url="/account/login?productCode=20946463_EA"
	  data-ajax-url="/restful/lists/all?productCode=20946463_EA"
	  data-user-guest="N"
	  data-user-guest="N" data-product-code="20946463_EA"
	  data-delete-item="false"
	  aria-label="Add Potato Crisps, BBQ to a List">
	  <span class="glyphicon glyphicon-th-list"></span>
	  <div class="list-cta-text  is-btn-animated">Add to List</div>
	</button>

	<!-- this is the list HTML   -->
	<div class="save-to-list-popup  is-btn-animated animation-up dark"
	  data-save-to-list-error="Can not get lists at this time. Please try again later."
	  data-product-name="Potato Crisps, BBQ">
	  <div class="inner-container">
	  </div>

	</div>
</div>

</div>
				</div>
			</div>


	<div class="module-plus-minus-buttons small hidden ">
			<button type="button" class="btn cart-change-qty" data-change-type="minus" data-auid="decrease-product-quantity" alt="Minus" aria-label="Minus">
				<span class="icon-minimize"></span>
			</button>
			<div class="plus-minus-input-wrapper">
				<input class="input-qty cart-change-qty" aria-label="Enter manual quantity" type="text" name="qty" title="Change quantity in cart"
							data-unit-type="ea"
							value="1ea" data-change-type="equals"
							maxlength="7">

						<span class="input-qty-pretty">
							<span class="input-qty-pretty-value">1</span>
							<span class="input-qty-pretty-unit"></span>
						</span>
					</div>

			<button type="button" class="btn cart-change-qty" data-change-type="plus" data-auid="increase-product-quantity" alt="Plus" aria-label="Plus">
				<span class="icon-plus-sign"></span>
			</button>

			<p class="deal-limit-reached hidden">Deal Limit Reached</p>

			<div class="tooltip-qty-error tooltip-qty-limit hidden">
				<p>
					Limit to
					&nbsp;
					999
					&nbsp;each&nbsp;
					per customer.</p>
			</div>
			<div class="tooltip-qty-error tooltip-round-error hidden">
				<p>
					We do not have this in the weight you wanted. We've rounded your order to the nearest weight increment we stock.</p>
			</div>
		</div>
	</form>

<!-- End Template: AddToCartSmall -->

</div>
</div>
																<div class="item content-tile">
















































































<div class="module-grocery-product quickview-simple  clicked" data-quickview-ajax-url="/p/20309893001_EA/quickViewProduct" data-product-id="20309893001_EA"  data-product-price="$4.98">



		<span class="subtitle"></span>


	<div class="product-page-hotspot">
	    <div class="product-cell quickview-button">
	  	    <div class="product-image ">

	  		    <img src="https://assets.shop.loblaws.ca/products/20309893001/b1/en/front/20309893001_front_a01.png" onerror="this.src='https://assets.shop.loblaws.ca/products/NoImage/b1/en/front/NoImage_front_a01_@2.png';" alt="Krinkle Cut Potato Chips, Salt & Fresh Ground Pepper" />













	  		    <div class="hover-text-container">
	  			    <button href="#" tabindex="0" class="hover-text " aria-label="Quick View for Krinkle Cut Potato Chips, Salt & Fresh Ground Pepper.">Quick View</button>
	  		    </div>
	  	    </div>
	    </div>

	    <div class="product-in-cart">
	  	    <div class="wrapper-product-in-cart">
	  		    <span>
	  			    In Cart
	  		    </span>
	  	    </div>
	    </div>

	    <div class="product-info">
	  	    <div class="product-name-wrapper">
	  		    <a href="/Food/Natural-%26-Organic/Pantry/Snacks-%26-Candy/Krinkle-Cut-Potato-Chips%2C-Salt-%26-Fresh-Ground-Pepper/p/20309893001_EA" class="product-name" aria-label="Product page for Krinkle Cut Potato Chips, Salt & Fresh Ground Pepper" >
	  			    <span class="js-product-entry-brand">Kettle&nbsp;</span>



	  			    <span class="js-product-entry-name">Krinkle Cut Potato Chips, Salt & Fresh Ground Pepper</span>

	  			    <span class="js-product-entry-size-detail">(397 g)</span>

	  		    </a>
	  	    </div>











		<span class="ad-match-badge  hidden">Ad Match</span>











	  	    <div class="price">
			    <div class="price-wrapper no-discount  ">
				    <span class="reg-price  " aria-label="Regular Price: $4.98">
					    <span class="reg-price-text">$4.98</span>

					    <sup class="reg-price-unit">ea</sup>
				    </span>
				    <span class="sale-price hidden" aria-label="Sale Price:">
					    <span class="sale-price-text"></span>
					    <sup class="sale-price-unit">ea</sup>
				    </span>

				    <span class="secondary-price hidden">

					    <span class="secondary-price-text" aria-label="Secondary Price:"></span>
				    </span>
			    </div>
	  	    </div>

	  	    <div class="qty">
	  		    <span class="reg-qty  ">



		  		<span class="sr-only">Sale Price Per Unit:</span>
        $1.25
        /
        100
        g


	</span>

	<span class="sale-qty hidden">



		  		<span class="sr-only">Sale Price Per Unit:</span>
        $1.25
        /
        100
        g


	</span>

	<span class="secondary-qty hidden">

	  	<span class="secondary-qty-text"></span>
	</span>
	  	    </div>
	    </div>





	</div>
	<form class="form-product  quickview-btn-simple"
	  data-product-id="20309893001_EA"
	  data-min-qty="1.0"
	  data-max-qty="999.0"
	  data-unit-type="ea"
	  data-cart-qty="1"
	  data-default-qty="1"
	  novalidate="novalidate"
	  promoCode=""
	  promoNumber=""
	  data-is-customized="false"
	  data-cart-url="/cart/product/20309893001_EA"
	  data-csrf-token="9af9e160-7d7f-4cdf-9627-4f0808aa8853"
	  data-is-weighted-product="false">

	<div class="module-add-to-cart " data-change-type="plus" data-auto-edit="true" data-auto-add="true"
		 data-cart-ajax-url="/cart/updateCart">
		<div class="wrapper-add-to-cart-btn">
					<div class="module-add-to-cart-button-small">
							<button type="button" class="btn btn-secondary btn-add-to-cart " data-auid="add-to-cart-button" data-has-pts-badge="false" aria-label="Add Krinkle Cut Potato Chips, Salt & Fresh Ground Pepper to cart">
										<span class="icon-cart"></span>
										<span class="add-to-cart-text">
											Add</span>
									</button>
									<button type="button" class="btn btn-secondary btn-edit-cart hidden " aria-label="Edit Cart">
										<span class="qty-in-cart"></span>
										<span class="edit-cart-text">
											<spring code="product.edit.text" />"
										</span>
									</button>
								<div class="add-list-parent add-list-module  bottom-add-list-module ">
	<button class="btn btn-inline-link btn-save-to-list  dark is-btn-animated"
	  data-login-url="/account/login?productCode=20309893001_EA"
	  data-ajax-url="/restful/lists/all?productCode=20309893001_EA"
	  data-user-guest="N"
	  data-user-guest="N" data-product-code="20309893001_EA"
	  data-delete-item="false"
	  aria-label="Add Krinkle Cut Potato Chips, Salt & Fresh Ground Pepper to a List">
	  <span class="glyphicon glyphicon-th-list"></span>
	  <div class="list-cta-text  is-btn-animated">Add to List</div>
	</button>

	<!-- this is the list HTML   -->
	<div class="save-to-list-popup  is-btn-animated animation-up dark"
	  data-save-to-list-error="Can not get lists at this time. Please try again later."
	  data-product-name="Krinkle Cut Potato Chips, Salt & Fresh Ground Pepper">
	  <div class="inner-container">
	  </div>

	</div>
</div>

</div>
				</div>
			</div>


	<div class="module-plus-minus-buttons small hidden ">
			<button type="button" class="btn cart-change-qty" data-change-type="minus" data-auid="decrease-product-quantity" alt="Minus" aria-label="Minus">
				<span class="icon-minimize"></span>
			</button>
			<div class="plus-minus-input-wrapper">
				<input class="input-qty cart-change-qty" aria-label="Enter manual quantity" type="text" name="qty" title="Change quantity in cart"
							data-unit-type="ea"
							value="1ea" data-change-type="equals"
							maxlength="7">

						<span class="input-qty-pretty">
							<span class="input-qty-pretty-value">1</span>
							<span class="input-qty-pretty-unit"></span>
						</span>
					</div>

			<button type="button" class="btn cart-change-qty" data-change-type="plus" data-auid="increase-product-quantity" alt="Plus" aria-label="Plus">
				<span class="icon-plus-sign"></span>
			</button>

			<p class="deal-limit-reached hidden">Deal Limit Reached</p>

			<div class="tooltip-qty-error tooltip-qty-limit hidden">
				<p>
					Limit to
					&nbsp;
					999
					&nbsp;each&nbsp;
					per customer.</p>
			</div>
			<div class="tooltip-qty-error tooltip-round-error hidden">
				<p>
					We do not have this in the weight you wanted. We've rounded your order to the nearest weight increment we stock.</p>
			</div>
		</div>
	</form>

<!-- End Template: AddToCartSmall -->

</div>
</div>
																<div class="item content-tile">
















































































<div class="module-grocery-product quickview-simple  clicked" data-quickview-ajax-url="/p/20503479005_EA/quickViewProduct" data-product-id="20503479005_EA"  data-product-price="$3.28">



		<span class="subtitle"></span>


	<div class="product-page-hotspot">
	    <div class="product-cell quickview-button">
	  	    <div class="product-image ">

	  		    <img src="https://assets.shop.loblaws.ca/products/20503479005/b1/en/front/20503479005_front_a01.png" onerror="this.src='https://assets.shop.loblaws.ca/products/NoImage/b1/en/front/NoImage_front_a01_@2.png';" alt="Dutch Crunch Kettle Chips, Parmesan & Garlic" />










	  			    <span class="sticker deal">
	  				    <span class="deal-badge">
	  					    <span class="module-deal-badge module-deal-badge-feature flyer expires undefined">
	  						    <span class="deal-type">
								    Flyer<br />
	  							    Item
	  						    </span>









	<span class="deal-expiry">
		Exp. 11/22
	</span>

	  					    </span>
	  				    </span>
	  			    </span>





	  		    <div class="hover-text-container">
	  			    <button href="#" tabindex="0" class="hover-text " aria-label="Quick View for Dutch Crunch Kettle Chips, Parmesan & Garlic.">Quick View</button>
	  		    </div>
	  	    </div>
	    </div>

	    <div class="product-in-cart">
	  	    <div class="wrapper-product-in-cart">
	  		    <span>
	  			    In Cart
	  		    </span>
	  	    </div>
	    </div>

	    <div class="product-info">
	  	    <div class="product-name-wrapper">
	  		    <a href="/Food/Pantry/Chips-%26-Salty-Snacks/Potato-Chips/Old-Dutch-DUTCH-CRUNCH-Dutch-Crunch-Kettle-Chips%2C-Parmesan-%26-Garlic/p/20503479005_EA" class="product-name" aria-label="Product page for Dutch Crunch Kettle Chips, Parmesan & Garlic" >
	  			    <span class="js-product-entry-brand">Old Dutch&nbsp;</span>

	  			    <span class="js-product-entry-subbrand">DUTCH CRUNCH&nbsp;</span>

	  			    <span class="js-product-entry-name">Dutch Crunch Kettle Chips, Parmesan & Garlic</span>

	  			    <span class="js-product-entry-size-detail">(200 g)</span>

	  		    </a>
	  	    </div>











		<span class="ad-match-badge  hidden">Ad Match</span>











	  	    <div class="price">
			    <div class="price-wrapper no-discount  ">
				    <span class="reg-price  " aria-label="Regular Price: $3.28">
					    <span class="reg-price-text">$3.28</span>

					    <sup class="reg-price-unit">ea</sup>
				    </span>
				    <span class="sale-price hidden" aria-label="Sale Price:">
					    <span class="sale-price-text"></span>
					    <sup class="sale-price-unit">ea</sup>
				    </span>

				    <span class="secondary-price hidden">

					    <span class="secondary-price-text" aria-label="Secondary Price:"></span>
				    </span>
			    </div>
	  	    </div>

	  	    <div class="qty">
	  		    <span class="reg-qty  ">



		  		<span class="sr-only">Sale Price Per Unit:</span>
        $1.64
        /
        100
        g


	</span>

	<span class="sale-qty hidden">



		  		<span class="sr-only">Sale Price Per Unit:</span>
        $1.64
        /
        100
        g


	</span>

	<span class="secondary-qty hidden">

	  	<span class="secondary-qty-text"></span>
	</span>
	  	    </div>
	    </div>





	</div>
	<form class="form-product  quickview-btn-simple"
	  data-product-id="20503479005_EA"
	  data-min-qty="1.0"
	  data-max-qty="999.0"
	  data-unit-type="ea"
	  data-cart-qty="1"
	  data-default-qty="1"
	  novalidate="novalidate"
	  promoCode=""
	  promoNumber=""
	  data-is-customized="false"
	  data-cart-url="/cart/product/20503479005_EA"
	  data-csrf-token="9af9e160-7d7f-4cdf-9627-4f0808aa8853"
	  data-is-weighted-product="false">

	<div class="module-add-to-cart " data-change-type="plus" data-auto-edit="true" data-auto-add="true"
		 data-cart-ajax-url="/cart/updateCart">
		<div class="wrapper-add-to-cart-btn">
					<div class="module-add-to-cart-button-small">
							<button type="button" class="btn btn-secondary btn-add-to-cart " data-auid="add-to-cart-button" data-has-pts-badge="false" aria-label="Add Dutch Crunch Kettle Chips, Parmesan & Garlic to cart">
										<span class="icon-cart"></span>
										<span class="add-to-cart-text">
											Add</span>
									</button>
									<button type="button" class="btn btn-secondary btn-edit-cart hidden " aria-label="Edit Cart">
										<span class="qty-in-cart"></span>
										<span class="edit-cart-text">
											<spring code="product.edit.text" />"
										</span>
									</button>
								<div class="add-list-parent add-list-module  bottom-add-list-module ">
	<button class="btn btn-inline-link btn-save-to-list  dark is-btn-animated"
	  data-login-url="/account/login?productCode=20503479005_EA"
	  data-ajax-url="/restful/lists/all?productCode=20503479005_EA"
	  data-user-guest="N"
	  data-user-guest="N" data-product-code="20503479005_EA"
	  data-delete-item="false"
	  aria-label="Add Dutch Crunch Kettle Chips, Parmesan & Garlic to a List">
	  <span class="glyphicon glyphicon-th-list"></span>
	  <div class="list-cta-text  is-btn-animated">Add to List</div>
	</button>

	<!-- this is the list HTML   -->
	<div class="save-to-list-popup  is-btn-animated animation-up dark"
	  data-save-to-list-error="Can not get lists at this time. Please try again later."
	  data-product-name="Dutch Crunch Kettle Chips, Parmesan & Garlic">
	  <div class="inner-container">
	  </div>

	</div>
</div>

</div>
				</div>
			</div>


	<div class="module-plus-minus-buttons small hidden ">
			<button type="button" class="btn cart-change-qty" data-change-type="minus" data-auid="decrease-product-quantity" alt="Minus" aria-label="Minus">
				<span class="icon-minimize"></span>
			</button>
			<div class="plus-minus-input-wrapper">
				<input class="input-qty cart-change-qty" aria-label="Enter manual quantity" type="text" name="qty" title="Change quantity in cart"
							data-unit-type="ea"
							value="1ea" data-change-type="equals"
							maxlength="7">

						<span class="input-qty-pretty">
							<span class="input-qty-pretty-value">1</span>
							<span class="input-qty-pretty-unit"></span>
						</span>
					</div>

			<button type="button" class="btn cart-change-qty" data-change-type="plus" data-auid="increase-product-quantity" alt="Plus" aria-label="Plus">
				<span class="icon-plus-sign"></span>
			</button>

			<p class="deal-limit-reached hidden">Deal Limit Reached</p>

			<div class="tooltip-qty-error tooltip-qty-limit hidden">
				<p>
					Limit to
					&nbsp;
					999
					&nbsp;each&nbsp;
					per customer.</p>
			</div>
			<div class="tooltip-qty-error tooltip-round-error hidden">
				<p>
					We do not have this in the weight you wanted. We've rounded your order to the nearest weight increment we stock.</p>
			</div>
		</div>
	</form>

<!-- End Template: AddToCartSmall -->

</div>
</div>
																<div class="item content-tile">


















































































<div class="module-grocery-product quickview-simple  clicked" data-quickview-ajax-url="/p/20987645_EA/quickViewProduct" data-product-id="20987645_EA"  data-product-price="$3.48">



		<span class="subtitle"></span>


	<div class="product-page-hotspot">
	    <div class="product-cell quickview-button">
	  	    <div class="product-image ">

	  		    <img src="https://assets.shop.loblaws.ca/products/20987645/b1/en/front/20987645_front_a01.png" onerror="this.src='https://assets.shop.loblaws.ca/products/NoImage/b1/en/front/NoImage_front_a01_@2.png';" alt="Plentils Garlic and Parmesan Flavour Lentil Chips" />


	  			        <span class="sticker deal">
	  				        <span class="deal-badge">




	  				            <span class="module-deal-badge module-deal-badge-grid simple-save-unit "
	  						        data-deal-type="$3.48 LIMIT 4"
	  						        data-ajax-promo-url="/simpleDeal/deals/product-tile?productCode=20987645_EA"
	  						        data-deal-id="20987645_EA">
	  						        <span class="deal-type">$3.48 LIMIT 4</span>









	<span class="deal-expiry">
		Exp. 11/29
	</span>


	  				            </span>
	  			            </span>
	  		            </span>













	  		    <div class="hover-text-container">
	  			    <button href="#" tabindex="0" class="hover-text " aria-label="Quick View for Plentils Garlic and Parmesan Flavour Lentil Chips.">Quick View</button>
	  		    </div>
	  	    </div>
	    </div>

	    <div class="product-in-cart">
	  	    <div class="wrapper-product-in-cart">
	  		    <span>
	  			    In Cart
	  		    </span>
	  	    </div>
	    </div>

	    <div class="product-info">
	  	    <div class="product-name-wrapper">
	  		    <a href="/Food/Pantry/Chips-%26-Salty-Snacks/Potato-Chips/Enjoy-Life-Plentils-Garlic-and-Parmesan-Flavour-Lentil-Chips/p/20987645_EA" class="product-name" aria-label="Product page for Plentils Garlic and Parmesan Flavour Lentil Chips" >
	  			    <span class="js-product-entry-brand">Enjoy Life&nbsp;</span>



	  			    <span class="js-product-entry-name">Plentils Garlic and Parmesan Flavour Lentil Chips</span>

	  			    <span class="js-product-entry-size-detail">(113 g)</span>

	  		    </a>
	  	    </div>











		<span class="ad-match-badge  hidden">Ad Match</span>











	  	    <div class="price">
			    <div class="price-wrapper no-discount promo-alert ">
				    <span class="reg-price  price-alert" aria-label="Regular Price: $3.48">
					    <span class="reg-price-text">$3.48</span>

					    <sup class="reg-price-unit">ea</sup>
				    </span>
				    <span class="sale-price hidden" aria-label="Sale Price:">
					    <span class="sale-price-text"></span>
					    <sup class="sale-price-unit">ea</sup>
				    </span>

				    <span class="secondary-price hidden">

					    <span class="secondary-price-text" aria-label="Secondary Price:"></span>
				    </span>
			    </div>
	  	    </div>

	  	    <div class="qty">
	  		    <span class="reg-qty  price-alert">



		  		<span class="sr-only">Sale Price Per Unit:</span>
        $3.08
        /
        100
        g


	</span>

	<span class="sale-qty hidden">



		  		<span class="sr-only">Sale Price Per Unit:</span>
        $3.08
        /
        100
        g


	</span>

	<span class="secondary-qty hidden">

	  	<span class="secondary-qty-text"></span>
	</span>
	  	    </div>
	    </div>





	</div>
	<form class="form-product  quickview-btn-simple"
	  data-product-id="20987645_EA"
	  data-min-qty="1.0"
	  data-max-qty="999.0"
	  data-unit-type="ea"
	  data-cart-qty="1"
	  data-default-qty="1"
	  novalidate="novalidate"
	  promoCode=""
	  promoNumber=""
	  data-is-customized="false"
	  data-cart-url="/cart/product/20987645_EA"
	  data-csrf-token="9af9e160-7d7f-4cdf-9627-4f0808aa8853"
	  data-is-weighted-product="false">

	<div class="module-add-to-cart " data-change-type="plus" data-auto-edit="true" data-auto-add="true"
		 data-cart-ajax-url="/cart/updateCart">
		<div class="wrapper-add-to-cart-btn">
					<div class="module-add-to-cart-button-small">
							<button type="button" class="btn btn-secondary btn-add-to-cart " data-auid="add-to-cart-button" data-has-pts-badge="false" aria-label="Add Plentils Garlic and Parmesan Flavour Lentil Chips to cart">
										<span class="icon-cart"></span>
										<span class="add-to-cart-text">
											Add</span>
									</button>
									<button type="button" class="btn btn-secondary btn-edit-cart hidden " aria-label="Edit Cart">
										<span class="qty-in-cart"></span>
										<span class="edit-cart-text">
											<spring code="product.edit.text" />"
										</span>
									</button>
								<div class="add-list-parent add-list-module  bottom-add-list-module ">
	<button class="btn btn-inline-link btn-save-to-list  dark is-btn-animated"
	  data-login-url="/account/login?productCode=20987645_EA"
	  data-ajax-url="/restful/lists/all?productCode=20987645_EA"
	  data-user-guest="N"
	  data-user-guest="N" data-product-code="20987645_EA"
	  data-delete-item="false"
	  aria-label="Add Plentils Garlic and Parmesan Flavour Lentil Chips to a List">
	  <span class="glyphicon glyphicon-th-list"></span>
	  <div class="list-cta-text  is-btn-animated">Add to List</div>
	</button>

	<!-- this is the list HTML   -->
	<div class="save-to-list-popup  is-btn-animated animation-up dark"
	  data-save-to-list-error="Can not get lists at this time. Please try again later."
	  data-product-name="Plentils Garlic and Parmesan Flavour Lentil Chips">
	  <div class="inner-container">
	  </div>

	</div>
</div>

</div>
				</div>
			</div>


	<div class="module-plus-minus-buttons small hidden ">
			<button type="button" class="btn cart-change-qty" data-change-type="minus" data-auid="decrease-product-quantity" alt="Minus" aria-label="Minus">
				<span class="icon-minimize"></span>
			</button>
			<div class="plus-minus-input-wrapper">
				<input class="input-qty cart-change-qty" aria-label="Enter manual quantity" type="text" name="qty" title="Change quantity in cart"
							data-unit-type="ea"
							value="1ea" data-change-type="equals"
							maxlength="7">

						<span class="input-qty-pretty">
							<span class="input-qty-pretty-value">1</span>
							<span class="input-qty-pretty-unit"></span>
						</span>
					</div>

			<button type="button" class="btn cart-change-qty" data-change-type="plus" data-auid="increase-product-quantity" alt="Plus" aria-label="Plus">
				<span class="icon-plus-sign"></span>
			</button>

			<p class="deal-limit-reached hidden">Deal Limit Reached</p>

			<div class="tooltip-qty-error tooltip-qty-limit hidden">
				<p>
					Limit to
					&nbsp;
					999
					&nbsp;each&nbsp;
					per customer.</p>
			</div>
			<div class="tooltip-qty-error tooltip-round-error hidden">
				<p>
					We do not have this in the weight you wanted. We've rounded your order to the nearest weight increment we stock.</p>
			</div>
		</div>
	</form>

<!-- End Template: AddToCartSmall -->

</div>
</div>
																<div class="item content-tile">
















































































<div class="module-grocery-product quickview-simple  clicked" data-quickview-ajax-url="/p/20312701_EA/quickViewProduct" data-product-id="20312701_EA"  data-product-price="$1.18">



		<span class="subtitle"></span>


	<div class="product-page-hotspot">
	    <div class="product-cell quickview-button">
	  	    <div class="product-image ">

	  		    <img src="https://assets.shop.loblaws.ca/products/20312701/b1/en/front/20312701_front_a01.png" onerror="this.src='https://assets.shop.loblaws.ca/products/NoImage/b1/en/front/NoImage_front_a01_@2.png';" alt="Ripple Cut Potato Chips" />













	  		    <div class="hover-text-container">
	  			    <button href="#" tabindex="0" class="hover-text " aria-label="Quick View for Ripple Cut Potato Chips.">Quick View</button>
	  		    </div>
	  	    </div>
	    </div>

	    <div class="product-in-cart">
	  	    <div class="wrapper-product-in-cart">
	  		    <span>
	  			    In Cart
	  		    </span>
	  	    </div>
	    </div>

	    <div class="product-info">
	  	    <div class="product-name-wrapper">
	  		    <a href="/Food/Pantry/Chips-%26-Salty-Snacks/Potato-Chips/Ripple-Cut-Potato-Chips/p/20312701_EA" class="product-name" aria-label="Product page for Ripple Cut Potato Chips" >
	  			    <span class="js-product-entry-brand">No Name&nbsp;</span>



	  			    <span class="js-product-entry-name">Ripple Cut Potato Chips</span>

	  			    <span class="js-product-entry-size-detail">(200 g)</span>

	  		    </a>
	  	    </div>











		<span class="ad-match-badge  hidden">Ad Match</span>











	  	    <div class="price">
			    <div class="price-wrapper no-discount  ">
				    <span class="reg-price  " aria-label="Regular Price: $1.18">
					    <span class="reg-price-text">$1.18</span>

					    <sup class="reg-price-unit">ea</sup>
				    </span>
				    <span class="sale-price hidden" aria-label="Sale Price:">
					    <span class="sale-price-text"></span>
					    <sup class="sale-price-unit">ea</sup>
				    </span>

				    <span class="secondary-price hidden">

					    <span class="secondary-price-text" aria-label="Secondary Price:"></span>
				    </span>
			    </div>
	  	    </div>

	  	    <div class="qty">
	  		    <span class="reg-qty  ">



		  		<span class="sr-only">Sale Price Per Unit:</span>
        $0.59
        /
        100
        g


	</span>

	<span class="sale-qty hidden">



		  		<span class="sr-only">Sale Price Per Unit:</span>
        $0.59
        /
        100
        g


	</span>

	<span class="secondary-qty hidden">

	  	<span class="secondary-qty-text"></span>
	</span>
	  	    </div>
	    </div>





	</div>
	<form class="form-product  quickview-btn-simple"
	  data-product-id="20312701_EA"
	  data-min-qty="1.0"
	  data-max-qty="999.0"
	  data-unit-type="ea"
	  data-cart-qty="1"
	  data-default-qty="1"
	  novalidate="novalidate"
	  promoCode=""
	  promoNumber=""
	  data-is-customized="false"
	  data-cart-url="/cart/product/20312701_EA"
	  data-csrf-token="9af9e160-7d7f-4cdf-9627-4f0808aa8853"
	  data-is-weighted-product="false">

	<div class="module-add-to-cart " data-change-type="plus" data-auto-edit="true" data-auto-add="true"
		 data-cart-ajax-url="/cart/updateCart">
		<div class="wrapper-add-to-cart-btn">
					<div class="module-add-to-cart-button-small">
							<button type="button" class="btn btn-secondary btn-add-to-cart " data-auid="add-to-cart-button" data-has-pts-badge="false" aria-label="Add Ripple Cut Potato Chips to cart">
										<span class="icon-cart"></span>
										<span class="add-to-cart-text">
											Add</span>
									</button>
									<button type="button" class="btn btn-secondary btn-edit-cart hidden " aria-label="Edit Cart">
										<span class="qty-in-cart"></span>
										<span class="edit-cart-text">
											<spring code="product.edit.text" />"
										</span>
									</button>
								<div class="add-list-parent add-list-module  bottom-add-list-module ">
	<button class="btn btn-inline-link btn-save-to-list  dark is-btn-animated"
	  data-login-url="/account/login?productCode=20312701_EA"
	  data-ajax-url="/restful/lists/all?productCode=20312701_EA"
	  data-user-guest="N"
	  data-user-guest="N" data-product-code="20312701_EA"
	  data-delete-item="false"
	  aria-label="Add Ripple Cut Potato Chips to a List">
	  <span class="glyphicon glyphicon-th-list"></span>
	  <div class="list-cta-text  is-btn-animated">Add to List</div>
	</button>

	<!-- this is the list HTML   -->
	<div class="save-to-list-popup  is-btn-animated animation-up dark"
	  data-save-to-list-error="Can not get lists at this time. Please try again later."
	  data-product-name="Ripple Cut Potato Chips">
	  <div class="inner-container">
	  </div>

	</div>
</div>

</div>
				</div>
			</div>


	<div class="module-plus-minus-buttons small hidden ">
			<button type="button" class="btn cart-change-qty" data-change-type="minus" data-auid="decrease-product-quantity" alt="Minus" aria-label="Minus">
				<span class="icon-minimize"></span>
			</button>
			<div class="plus-minus-input-wrapper">
				<input class="input-qty cart-change-qty" aria-label="Enter manual quantity" type="text" name="qty" title="Change quantity in cart"
							data-unit-type="ea"
							value="1ea" data-change-type="equals"
							maxlength="7">

						<span class="input-qty-pretty">
							<span class="input-qty-pretty-value">1</span>
							<span class="input-qty-pretty-unit"></span>
						</span>
					</div>

			<button type="button" class="btn cart-change-qty" data-change-type="plus" data-auid="increase-product-quantity" alt="Plus" aria-label="Plus">
				<span class="icon-plus-sign"></span>
			</button>

			<p class="deal-limit-reached hidden">Deal Limit Reached</p>

			<div class="tooltip-qty-error tooltip-qty-limit hidden">
				<p>
					Limit to
					&nbsp;
					999
					&nbsp;each&nbsp;
					per customer.</p>
			</div>
			<div class="tooltip-qty-error tooltip-round-error hidden">
				<p>
					We do not have this in the weight you wanted. We've rounded your order to the nearest weight increment we stock.</p>
			</div>
		</div>
	</form>

<!-- End Template: AddToCartSmall -->

</div>
</div>
																<div class="item content-tile">
















































































<div class="module-grocery-product quickview-simple  clicked" data-quickview-ajax-url="/p/20329183_EA/quickViewProduct" data-product-id="20329183_EA"  data-product-price="$1.18">



		<span class="subtitle"></span>


	<div class="product-page-hotspot">
	    <div class="product-cell quickview-button">
	  	    <div class="product-image ">

	  		    <img src="https://assets.shop.loblaws.ca/products/20329183/b1/en/front/20329183_front_a01.png" onerror="this.src='https://assets.shop.loblaws.ca/products/NoImage/b1/en/front/NoImage_front_a01_@2.png';" alt="Potato Chips, Sour Cream & Onion" />













	  		    <div class="hover-text-container">
	  			    <button href="#" tabindex="0" class="hover-text " aria-label="Quick View for Potato Chips, Sour Cream & Onion.">Quick View</button>
	  		    </div>
	  	    </div>
	    </div>

	    <div class="product-in-cart">
	  	    <div class="wrapper-product-in-cart">
	  		    <span>
	  			    In Cart
	  		    </span>
	  	    </div>
	    </div>

	    <div class="product-info">
	  	    <div class="product-name-wrapper">
	  		    <a href="/Food/Pantry/Chips-%26-Salty-Snacks/Potato-Chips/Potato-Chips%2C-Sour-Cream-%26-Onion/p/20329183_EA" class="product-name" aria-label="Product page for Potato Chips, Sour Cream & Onion" >
	  			    <span class="js-product-entry-brand">No Name&nbsp;</span>



	  			    <span class="js-product-entry-name">Potato Chips, Sour Cream & Onion</span>

	  			    <span class="js-product-entry-size-detail">(200 g)</span>

	  		    </a>
	  	    </div>











		<span class="ad-match-badge  hidden">Ad Match</span>











	  	    <div class="price">
			    <div class="price-wrapper no-discount  ">
				    <span class="reg-price  " aria-label="Regular Price: $1.18">
					    <span class="reg-price-text">$1.18</span>

					    <sup class="reg-price-unit">ea</sup>
				    </span>
				    <span class="sale-price hidden" aria-label="Sale Price:">
					    <span class="sale-price-text"></span>
					    <sup class="sale-price-unit">ea</sup>
				    </span>

				    <span class="secondary-price hidden">

					    <span class="secondary-price-text" aria-label="Secondary Price:"></span>
				    </span>
			    </div>
	  	    </div>

	  	    <div class="qty">
	  		    <span class="reg-qty  ">



		  		<span class="sr-only">Sale Price Per Unit:</span>
        $0.59
        /
        100
        g


	</span>

	<span class="sale-qty hidden">



		  		<span class="sr-only">Sale Price Per Unit:</span>
        $0.59
        /
        100
        g


	</span>

	<span class="secondary-qty hidden">

	  	<span class="secondary-qty-text"></span>
	</span>
	  	    </div>
	    </div>





	</div>
	<form class="form-product  quickview-btn-simple"
	  data-product-id="20329183_EA"
	  data-min-qty="1.0"
	  data-max-qty="999.0"
	  data-unit-type="ea"
	  data-cart-qty="1"
	  data-default-qty="1"
	  novalidate="novalidate"
	  promoCode=""
	  promoNumber=""
	  data-is-customized="false"
	  data-cart-url="/cart/product/20329183_EA"
	  data-csrf-token="9af9e160-7d7f-4cdf-9627-4f0808aa8853"
	  data-is-weighted-product="false">

	<div class="module-add-to-cart " data-change-type="plus" data-auto-edit="true" data-auto-add="true"
		 data-cart-ajax-url="/cart/updateCart">
		<div class="wrapper-add-to-cart-btn">
					<div class="module-add-to-cart-button-small">
							<button type="button" class="btn btn-secondary btn-add-to-cart " data-auid="add-to-cart-button" data-has-pts-badge="false" aria-label="Add Potato Chips, Sour Cream & Onion to cart">
										<span class="icon-cart"></span>
										<span class="add-to-cart-text">
											Add</span>
									</button>
									<button type="button" class="btn btn-secondary btn-edit-cart hidden " aria-label="Edit Cart">
										<span class="qty-in-cart"></span>
										<span class="edit-cart-text">
											<spring code="product.edit.text" />"
										</span>
									</button>
								<div class="add-list-parent add-list-module  bottom-add-list-module ">
	<button class="btn btn-inline-link btn-save-to-list  dark is-btn-animated"
	  data-login-url="/account/login?productCode=20329183_EA"
	  data-ajax-url="/restful/lists/all?productCode=20329183_EA"
	  data-user-guest="N"
	  data-user-guest="N" data-product-code="20329183_EA"
	  data-delete-item="false"
	  aria-label="Add Potato Chips, Sour Cream & Onion to a List">
	  <span class="glyphicon glyphicon-th-list"></span>
	  <div class="list-cta-text  is-btn-animated">Add to List</div>
	</button>

	<!-- this is the list HTML   -->
	<div class="save-to-list-popup  is-btn-animated animation-up dark"
	  data-save-to-list-error="Can not get lists at this time. Please try again later."
	  data-product-name="Potato Chips, Sour Cream & Onion">
	  <div class="inner-container">
	  </div>

	</div>
</div>

</div>
				</div>
			</div>


	<div class="module-plus-minus-buttons small hidden ">
			<button type="button" class="btn cart-change-qty" data-change-type="minus" data-auid="decrease-product-quantity" alt="Minus" aria-label="Minus">
				<span class="icon-minimize"></span>
			</button>
			<div class="plus-minus-input-wrapper">
				<input class="input-qty cart-change-qty" aria-label="Enter manual quantity" type="text" name="qty" title="Change quantity in cart"
							data-unit-type="ea"
							value="1ea" data-change-type="equals"
							maxlength="7">

						<span class="input-qty-pretty">
							<span class="input-qty-pretty-value">1</span>
							<span class="input-qty-pretty-unit"></span>
						</span>
					</div>

			<button type="button" class="btn cart-change-qty" data-change-type="plus" data-auid="increase-product-quantity" alt="Plus" aria-label="Plus">
				<span class="icon-plus-sign"></span>
			</button>

			<p class="deal-limit-reached hidden">Deal Limit Reached</p>

			<div class="tooltip-qty-error tooltip-qty-limit hidden">
				<p>
					Limit to
					&nbsp;
					999
					&nbsp;each&nbsp;
					per customer.</p>
			</div>
			<div class="tooltip-qty-error tooltip-round-error hidden">
				<p>
					We do not have this in the weight you wanted. We've rounded your order to the nearest weight increment we stock.</p>
			</div>
		</div>
	</form>

<!-- End Template: AddToCartSmall -->

</div>
</div>
																<div class="item content-tile">
















































































<div class="module-grocery-product quickview-simple  clicked" data-quickview-ajax-url="/p/20866838_EA/quickViewProduct" data-product-id="20866838_EA"  data-product-price="$0.98">



		<span class="subtitle"></span>


	<div class="product-page-hotspot">
	    <div class="product-cell quickview-button">
	  	    <div class="product-image ">

	  		    <img src="https://assets.shop.loblaws.ca/products/20866838/b1/en/front/20866838_front_a01.png" onerror="this.src='https://assets.shop.loblaws.ca/products/NoImage/b1/en/front/NoImage_front_a01_@2.png';" alt="Roasted Seaweed" />


	  			        <span class="sticker deal">
	  				        <span class="deal-badge">




	  				            <span class="module-deal-badge module-deal-badge-grid simple-save-unit "
	  						        data-deal-type="4 FOR $3.52"
	  						        data-ajax-promo-url="/simpleDeal/deals/product-tile?productCode=20866838_EA"
	  						        data-deal-id="20866838_EA">
	  						        <span class="deal-type">4 FOR $3.52</span>









	<span class="deal-expiry">
		Exp. 12/31
	</span>


	  				            </span>
	  			            </span>
	  		            </span>













	  		    <div class="hover-text-container">
	  			    <button href="#" tabindex="0" class="hover-text " aria-label="Quick View for Roasted Seaweed.">Quick View</button>
	  		    </div>
	  	    </div>
	    </div>

	    <div class="product-in-cart">
	  	    <div class="wrapper-product-in-cart">
	  		    <span>
	  			    In Cart
	  		    </span>
	  	    </div>
	    </div>

	    <div class="product-info">
	  	    <div class="product-name-wrapper">
	  		    <a href="/Food/Pantry/Chips-%26-Salty-Snacks/Potato-Chips/Rooster-Roasted-Seaweed/p/20866838_EA" class="product-name" aria-label="Product page for Roasted Seaweed" >
	  			    <span class="js-product-entry-brand">Rooster&nbsp;</span>



	  			    <span class="js-product-entry-name">Roasted Seaweed</span>

	  			    <span class="js-product-entry-size-detail">(15g)</span>

	  		    </a>
	  	    </div>











		<span class="ad-match-badge  hidden">Ad Match</span>











	  	    <div class="price">
			    <div class="price-wrapper no-discount  ">
				    <span class="reg-price  " aria-label="Regular Price: $0.98">
					    <span class="reg-price-text">$0.98</span>

					    <sup class="reg-price-unit">ea</sup>
				    </span>
				    <span class="sale-price hidden" aria-label="Sale Price:">
					    <span class="sale-price-text"></span>
					    <sup class="sale-price-unit">ea</sup>
				    </span>

				    <span class="secondary-price hidden">

					    <span class="secondary-price-text" aria-label="Secondary Price:"></span>
				    </span>
			    </div>
	  	    </div>

	  	    <div class="qty">
	  		    <span class="reg-qty  ">



		  		<span class="sr-only">Sale Price Per Unit:</span>
        $6.53
        /
        100
        g


	</span>

	<span class="sale-qty hidden">



		  		<span class="sr-only">Sale Price Per Unit:</span>
        $6.53
        /
        100
        g


	</span>

	<span class="secondary-qty hidden">

	  	<span class="secondary-qty-text"></span>
	</span>
	  	    </div>
	    </div>





	</div>
	<form class="form-product  quickview-btn-simple"
	  data-product-id="20866838_EA"
	  data-min-qty="1.0"
	  data-max-qty="999.0"
	  data-unit-type="ea"
	  data-cart-qty="1"
	  data-default-qty="1"
	  novalidate="novalidate"
	  promoCode=""
	  promoNumber=""
	  data-is-customized="false"
	  data-cart-url="/cart/product/20866838_EA"
	  data-csrf-token="9af9e160-7d7f-4cdf-9627-4f0808aa8853"
	  data-is-weighted-product="false">

	<div class="module-add-to-cart " data-change-type="plus" data-auto-edit="true" data-auto-add="true"
		 data-cart-ajax-url="/cart/updateCart">
		<div class="wrapper-add-to-cart-btn">
					<div class="module-add-to-cart-button-small">
							<button type="button" class="btn btn-secondary btn-add-to-cart " data-auid="add-to-cart-button" data-has-pts-badge="false" aria-label="Add Roasted Seaweed to cart">
										<span class="icon-cart"></span>
										<span class="add-to-cart-text">
											Add</span>
									</button>
									<button type="button" class="btn btn-secondary btn-edit-cart hidden " aria-label="Edit Cart">
										<span class="qty-in-cart"></span>
										<span class="edit-cart-text">
											<spring code="product.edit.text" />"
										</span>
									</button>
								<div class="add-list-parent add-list-module  bottom-add-list-module ">
	<button class="btn btn-inline-link btn-save-to-list  dark is-btn-animated"
	  data-login-url="/account/login?productCode=20866838_EA"
	  data-ajax-url="/restful/lists/all?productCode=20866838_EA"
	  data-user-guest="N"
	  data-user-guest="N" data-product-code="20866838_EA"
	  data-delete-item="false"
	  aria-label="Add Roasted Seaweed to a List">
	  <span class="glyphicon glyphicon-th-list"></span>
	  <div class="list-cta-text  is-btn-animated">Add to List</div>
	</button>

	<!-- this is the list HTML   -->
	<div class="save-to-list-popup  is-btn-animated animation-up dark"
	  data-save-to-list-error="Can not get lists at this time. Please try again later."
	  data-product-name="Roasted Seaweed">
	  <div class="inner-container">
	  </div>

	</div>
</div>

</div>
				</div>
			</div>


	<div class="module-plus-minus-buttons small hidden ">
			<button type="button" class="btn cart-change-qty" data-change-type="minus" data-auid="decrease-product-quantity" alt="Minus" aria-label="Minus">
				<span class="icon-minimize"></span>
			</button>
			<div class="plus-minus-input-wrapper">
				<input class="input-qty cart-change-qty" aria-label="Enter manual quantity" type="text" name="qty" title="Change quantity in cart"
							data-unit-type="ea"
							value="1ea" data-change-type="equals"
							maxlength="7">

						<span class="input-qty-pretty">
							<span class="input-qty-pretty-value">1</span>
							<span class="input-qty-pretty-unit"></span>
						</span>
					</div>

			<button type="button" class="btn cart-change-qty" data-change-type="plus" data-auid="increase-product-quantity" alt="Plus" aria-label="Plus">
				<span class="icon-plus-sign"></span>
			</button>

			<p class="deal-limit-reached hidden">Deal Limit Reached</p>

			<div class="tooltip-qty-error tooltip-qty-limit hidden">
				<p>
					Limit to
					&nbsp;
					999
					&nbsp;each&nbsp;
					per customer.</p>
			</div>
			<div class="tooltip-qty-error tooltip-round-error hidden">
				<p>
					We do not have this in the weight you wanted. We've rounded your order to the nearest weight increment we stock.</p>
			</div>
		</div>
	</form>

<!-- End Template: AddToCartSmall -->

</div>
</div>
																<div class="item content-tile">
















































































<div class="module-grocery-product quickview-simple  clicked" data-quickview-ajax-url="/p/20659742_EA/quickViewProduct" data-product-id="20659742_EA"  data-product-price="$0.98">



		<span class="subtitle"></span>


	<div class="product-page-hotspot">
	    <div class="product-cell quickview-button">
	  	    <div class="product-image ">

	  		    <img src="https://assets.shop.loblaws.ca/products/20659742/b1/en/front/20659742_front_a01.png" onerror="this.src='https://assets.shop.loblaws.ca/products/NoImage/b1/en/front/NoImage_front_a01_@2.png';" alt="Kurkure Snacks, Masala Munch" />













	  		    <div class="hover-text-container">
	  			    <button href="#" tabindex="0" class="hover-text " aria-label="Quick View for Kurkure Snacks, Masala Munch.">Quick View</button>
	  		    </div>
	  	    </div>
	    </div>

	    <div class="product-in-cart">
	  	    <div class="wrapper-product-in-cart">
	  		    <span>
	  			    In Cart
	  		    </span>
	  	    </div>
	    </div>

	    <div class="product-info">
	  	    <div class="product-name-wrapper">
	  		    <a href="/Food/International-Foods/Pantry/Snacks/Kurkure-Snacks%2C-Masala-Munch/p/20659742_EA" class="product-name" aria-label="Product page for Kurkure Snacks, Masala Munch" >




	  			    <span class="js-product-entry-name">Kurkure Snacks, Masala Munch</span>

	  			    <span class="js-product-entry-size-detail">(115 g)</span>

	  		    </a>
	  	    </div>











		<span class="ad-match-badge  hidden">Ad Match</span>











	  	    <div class="price">
			    <div class="price-wrapper no-discount  ">
				    <span class="reg-price  " aria-label="Regular Price: $0.98">
					    <span class="reg-price-text">$0.98</span>

					    <sup class="reg-price-unit">ea</sup>
				    </span>
				    <span class="sale-price hidden" aria-label="Sale Price:">
					    <span class="sale-price-text"></span>
					    <sup class="sale-price-unit">ea</sup>
				    </span>

				    <span class="secondary-price hidden">

					    <span class="secondary-price-text" aria-label="Secondary Price:"></span>
				    </span>
			    </div>
	  	    </div>

	  	    <div class="qty">
	  		    <span class="reg-qty  ">



		  		<span class="sr-only">Sale Price Per Unit:</span>
        $0.85
        /
        100
        g


	</span>

	<span class="sale-qty hidden">



		  		<span class="sr-only">Sale Price Per Unit:</span>
        $0.85
        /
        100
        g


	</span>

	<span class="secondary-qty hidden">

	  	<span class="secondary-qty-text"></span>
	</span>
	  	    </div>
	    </div>





	</div>
	<form class="form-product  quickview-btn-simple"
	  data-product-id="20659742_EA"
	  data-min-qty="1.0"
	  data-max-qty="999.0"
	  data-unit-type="ea"
	  data-cart-qty="1"
	  data-default-qty="1"
	  novalidate="novalidate"
	  promoCode=""
	  promoNumber=""
	  data-is-customized="false"
	  data-cart-url="/cart/product/20659742_EA"
	  data-csrf-token="9af9e160-7d7f-4cdf-9627-4f0808aa8853"
	  data-is-weighted-product="false">

	<div class="module-add-to-cart " data-change-type="plus" data-auto-edit="true" data-auto-add="true"
		 data-cart-ajax-url="/cart/updateCart">
		<div class="wrapper-add-to-cart-btn">
					<div class="module-add-to-cart-button-small">
							<button type="button" class="btn btn-secondary btn-add-to-cart " data-auid="add-to-cart-button" data-has-pts-badge="false" aria-label="Add Kurkure Snacks, Masala Munch to cart">
										<span class="icon-cart"></span>
										<span class="add-to-cart-text">
											Add</span>
									</button>
									<button type="button" class="btn btn-secondary btn-edit-cart hidden " aria-label="Edit Cart">
										<span class="qty-in-cart"></span>
										<span class="edit-cart-text">
											<spring code="product.edit.text" />"
										</span>
									</button>
								<div class="add-list-parent add-list-module  bottom-add-list-module ">
	<button class="btn btn-inline-link btn-save-to-list  dark is-btn-animated"
	  data-login-url="/account/login?productCode=20659742_EA"
	  data-ajax-url="/restful/lists/all?productCode=20659742_EA"
	  data-user-guest="N"
	  data-user-guest="N" data-product-code="20659742_EA"
	  data-delete-item="false"
	  aria-label="Add Kurkure Snacks, Masala Munch to a List">
	  <span class="glyphicon glyphicon-th-list"></span>
	  <div class="list-cta-text  is-btn-animated">Add to List</div>
	</button>

	<!-- this is the list HTML   -->
	<div class="save-to-list-popup  is-btn-animated animation-up dark"
	  data-save-to-list-error="Can not get lists at this time. Please try again later."
	  data-product-name="Kurkure Snacks, Masala Munch">
	  <div class="inner-container">
	  </div>

	</div>
</div>

</div>
				</div>
			</div>


	<div class="module-plus-minus-buttons small hidden ">
			<button type="button" class="btn cart-change-qty" data-change-type="minus" data-auid="decrease-product-quantity" alt="Minus" aria-label="Minus">
				<span class="icon-minimize"></span>
			</button>
			<div class="plus-minus-input-wrapper">
				<input class="input-qty cart-change-qty" aria-label="Enter manual quantity" type="text" name="qty" title="Change quantity in cart"
							data-unit-type="ea"
							value="1ea" data-change-type="equals"
							maxlength="7">

						<span class="input-qty-pretty">
							<span class="input-qty-pretty-value">1</span>
							<span class="input-qty-pretty-unit"></span>
						</span>
					</div>

			<button type="button" class="btn cart-change-qty" data-change-type="plus" data-auid="increase-product-quantity" alt="Plus" aria-label="Plus">
				<span class="icon-plus-sign"></span>
			</button>

			<p class="deal-limit-reached hidden">Deal Limit Reached</p>

			<div class="tooltip-qty-error tooltip-qty-limit hidden">
				<p>
					Limit to
					&nbsp;
					999
					&nbsp;each&nbsp;
					per customer.</p>
			</div>
			<div class="tooltip-qty-error tooltip-round-error hidden">
				<p>
					We do not have this in the weight you wanted. We've rounded your order to the nearest weight increment we stock.</p>
			</div>
		</div>
	</form>

<!-- End Template: AddToCartSmall -->

</div>
</div>
																<div class="item content-tile">
















































































<div class="module-grocery-product quickview-simple  clicked" data-quickview-ajax-url="/p/21071644_EA/quickViewProduct" data-product-id="21071644_EA"  data-product-price="$5.98">



		<span class="subtitle"></span>


	<div class="product-page-hotspot">
	    <div class="product-cell quickview-button">
	  	    <div class="product-image ">

	  		    <img src="https://assets.shop.loblaws.ca/products/21071644/b1/en/front/21071644_front_a01.png" onerror="this.src='https://assets.shop.loblaws.ca/products/NoImage/b1/en/front/NoImage_front_a01_@2.png';" alt="Rippled Potato Chips Loads of Ketchup Flavour Club Size" />













	  		    <div class="hover-text-container">
	  			    <button href="#" tabindex="0" class="hover-text " aria-label="Quick View for Rippled Potato Chips Loads of Ketchup Flavour Club Size.">Quick View</button>
	  		    </div>
	  	    </div>
	    </div>

	    <div class="product-in-cart">
	  	    <div class="wrapper-product-in-cart">
	  		    <span>
	  			    In Cart
	  		    </span>
	  	    </div>
	    </div>

	    <div class="product-info">
	  	    <div class="product-name-wrapper">
	  		    <a href="/Food/Pantry/Chips-%26-Salty-Snacks/Potato-Chips/President%27s-Choice-Rippled-Potato-Chips-Loads-of-Ketchup-Flavour-Club-Size/p/21071644_EA" class="product-name" aria-label="Product page for Rippled Potato Chips Loads of Ketchup Flavour Club Size" >
	  			    <span class="js-product-entry-brand">President's Choice&nbsp;</span>



	  			    <span class="js-product-entry-name">Rippled Potato Chips Loads of Ketchup Flavour Club Size</span>

	  			    <span class="js-product-entry-size-detail">(750 g)</span>

	  		    </a>
	  	    </div>











		<span class="ad-match-badge  hidden">Ad Match</span>











	  	    <div class="price">
			    <div class="price-wrapper no-discount  ">
				    <span class="reg-price  " aria-label="Regular Price: $5.98">
					    <span class="reg-price-text">$5.98</span>

					    <sup class="reg-price-unit">ea</sup>
				    </span>
				    <span class="sale-price hidden" aria-label="Sale Price:">
					    <span class="sale-price-text"></span>
					    <sup class="sale-price-unit">ea</sup>
				    </span>

				    <span class="secondary-price hidden">

					    <span class="secondary-price-text" aria-label="Secondary Price:"></span>
				    </span>
			    </div>
	  	    </div>

	  	    <div class="qty">
	  		    <span class="reg-qty  ">



		  		<span class="sr-only">Sale Price Per Unit:</span>
        $0.80
        /
        100
        g


	</span>

	<span class="sale-qty hidden">



		  		<span class="sr-only">Sale Price Per Unit:</span>
        $0.80
        /
        100
        g


	</span>

	<span class="secondary-qty hidden">

	  	<span class="secondary-qty-text"></span>
	</span>
	  	    </div>
	    </div>





	</div>
	<form class="form-product  quickview-btn-simple"
	  data-product-id="21071644_EA"
	  data-min-qty="1.0"
	  data-max-qty="999.0"
	  data-unit-type="ea"
	  data-cart-qty="1"
	  data-default-qty="1"
	  novalidate="novalidate"
	  promoCode=""
	  promoNumber=""
	  data-is-customized="false"
	  data-cart-url="/cart/product/21071644_EA"
	  data-csrf-token="9af9e160-7d7f-4cdf-9627-4f0808aa8853"
	  data-is-weighted-product="false">

	<div class="module-add-to-cart " data-change-type="plus" data-auto-edit="true" data-auto-add="true"
		 data-cart-ajax-url="/cart/updateCart">
		<div class="wrapper-add-to-cart-btn">
					<div class="module-add-to-cart-button-small">
							<button type="button" class="btn btn-secondary btn-add-to-cart " data-auid="add-to-cart-button" data-has-pts-badge="false" aria-label="Add Rippled Potato Chips Loads of Ketchup Flavour Club Size to cart">
										<span class="icon-cart"></span>
										<span class="add-to-cart-text">
											Add</span>
									</button>
									<button type="button" class="btn btn-secondary btn-edit-cart hidden " aria-label="Edit Cart">
										<span class="qty-in-cart"></span>
										<span class="edit-cart-text">
											<spring code="product.edit.text" />"
										</span>
									</button>
								<div class="add-list-parent add-list-module  bottom-add-list-module ">
	<button class="btn btn-inline-link btn-save-to-list  dark is-btn-animated"
	  data-login-url="/account/login?productCode=21071644_EA"
	  data-ajax-url="/restful/lists/all?productCode=21071644_EA"
	  data-user-guest="N"
	  data-user-guest="N" data-product-code="21071644_EA"
	  data-delete-item="false"
	  aria-label="Add Rippled Potato Chips Loads of Ketchup Flavour Club Size to a List">
	  <span class="glyphicon glyphicon-th-list"></span>
	  <div class="list-cta-text  is-btn-animated">Add to List</div>
	</button>

	<!-- this is the list HTML   -->
	<div class="save-to-list-popup  is-btn-animated animation-up dark"
	  data-save-to-list-error="Can not get lists at this time. Please try again later."
	  data-product-name="Rippled Potato Chips Loads of Ketchup Flavour Club Size">
	  <div class="inner-container">
	  </div>

	</div>
</div>

</div>
				</div>
			</div>


	<div class="module-plus-minus-buttons small hidden ">
			<button type="button" class="btn cart-change-qty" data-change-type="minus" data-auid="decrease-product-quantity" alt="Minus" aria-label="Minus">
				<span class="icon-minimize"></span>
			</button>
			<div class="plus-minus-input-wrapper">
				<input class="input-qty cart-change-qty" aria-label="Enter manual quantity" type="text" name="qty" title="Change quantity in cart"
							data-unit-type="ea"
							value="1ea" data-change-type="equals"
							maxlength="7">

						<span class="input-qty-pretty">
							<span class="input-qty-pretty-value">1</span>
							<span class="input-qty-pretty-unit"></span>
						</span>
					</div>

			<button type="button" class="btn cart-change-qty" data-change-type="plus" data-auid="increase-product-quantity" alt="Plus" aria-label="Plus">
				<span class="icon-plus-sign"></span>
			</button>

			<p class="deal-limit-reached hidden">Deal Limit Reached</p>

			<div class="tooltip-qty-error tooltip-qty-limit hidden">
				<p>
					Limit to
					&nbsp;
					999
					&nbsp;each&nbsp;
					per customer.</p>
			</div>
			<div class="tooltip-qty-error tooltip-round-error hidden">
				<p>
					We do not have this in the weight you wanted. We've rounded your order to the nearest weight increment we stock.</p>
			</div>
		</div>
	</form>

<!-- End Template: AddToCartSmall -->

</div>
</div>
																<div class="item content-tile">
















































































<div class="module-grocery-product quickview-simple  clicked" data-quickview-ajax-url="/p/20148817_EA/quickViewProduct" data-product-id="20148817_EA"  data-product-price="$2.98">



		<span class="subtitle"></span>


	<div class="product-page-hotspot">
	    <div class="product-cell quickview-button">
	  	    <div class="product-image ">

	  		    <img src="https://assets.shop.loblaws.ca/products/20148817/b1/en/front/20148817_front_a01.png" onerror="this.src='https://assets.shop.loblaws.ca/products/NoImage/b1/en/front/NoImage_front_a01_@2.png';" alt="Tortilla Chips, Large Rounds" />













	  		    <div class="hover-text-container">
	  			    <button href="#" tabindex="0" class="hover-text " aria-label="Quick View for Tortilla Chips, Large Rounds.">Quick View</button>
	  		    </div>
	  	    </div>
	    </div>

	    <div class="product-in-cart">
	  	    <div class="wrapper-product-in-cart">
	  		    <span>
	  			    In Cart
	  		    </span>
	  	    </div>
	    </div>

	    <div class="product-info">
	  	    <div class="product-name-wrapper">
	  		    <a href="/Food/Pantry/Chips-%26-Salty-Snacks/Tortilla-Chips/Tortilla-Chips%2C-Large-Rounds/p/20148817_EA" class="product-name" aria-label="Product page for Tortilla Chips, Large Rounds" >
	  			    <span class="js-product-entry-brand">President's Choice&nbsp;</span>



	  			    <span class="js-product-entry-name">Tortilla Chips, Large Rounds</span>

	  			    <span class="js-product-entry-size-detail">(340 g)</span>

	  		    </a>
	  	    </div>











		<span class="ad-match-badge  hidden">Ad Match</span>











	  	    <div class="price">
			    <div class="price-wrapper no-discount  ">
				    <span class="reg-price  " aria-label="Regular Price: $2.98">
					    <span class="reg-price-text">$2.98</span>

					    <sup class="reg-price-unit">ea</sup>
				    </span>
				    <span class="sale-price hidden" aria-label="Sale Price:">
					    <span class="sale-price-text"></span>
					    <sup class="sale-price-unit">ea</sup>
				    </span>

				    <span class="secondary-price hidden">

					    <span class="secondary-price-text" aria-label="Secondary Price:"></span>
				    </span>
			    </div>
	  	    </div>

	  	    <div class="qty">
	  		    <span class="reg-qty  ">



		  		<span class="sr-only">Sale Price Per Unit:</span>
        $0.88
        /
        100
        g


	</span>

	<span class="sale-qty hidden">



		  		<span class="sr-only">Sale Price Per Unit:</span>
        $0.88
        /
        100
        g


	</span>

	<span class="secondary-qty hidden">

	  	<span class="secondary-qty-text"></span>
	</span>
	  	    </div>
	    </div>





	</div>
	<form class="form-product  quickview-btn-simple"
	  data-product-id="20148817_EA"
	  data-min-qty="1.0"
	  data-max-qty="999.0"
	  data-unit-type="ea"
	  data-cart-qty="1"
	  data-default-qty="1"
	  novalidate="novalidate"
	  promoCode=""
	  promoNumber=""
	  data-is-customized="false"
	  data-cart-url="/cart/product/20148817_EA"
	  data-csrf-token="9af9e160-7d7f-4cdf-9627-4f0808aa8853"
	  data-is-weighted-product="false">

	<div class="module-add-to-cart " data-change-type="plus" data-auto-edit="true" data-auto-add="true"
		 data-cart-ajax-url="/cart/updateCart">
		<div class="wrapper-add-to-cart-btn">
					<div class="module-add-to-cart-button-small">
							<button type="button" class="btn btn-secondary btn-add-to-cart " data-auid="add-to-cart-button" data-has-pts-badge="false" aria-label="Add Tortilla Chips, Large Rounds to cart">
										<span class="icon-cart"></span>
										<span class="add-to-cart-text">
											Add</span>
									</button>
									<button type="button" class="btn btn-secondary btn-edit-cart hidden " aria-label="Edit Cart">
										<span class="qty-in-cart"></span>
										<span class="edit-cart-text">
											<spring code="product.edit.text" />"
										</span>
									</button>
								<div class="add-list-parent add-list-module  bottom-add-list-module ">
	<button class="btn btn-inline-link btn-save-to-list  dark is-btn-animated"
	  data-login-url="/account/login?productCode=20148817_EA"
	  data-ajax-url="/restful/lists/all?productCode=20148817_EA"
	  data-user-guest="N"
	  data-user-guest="N" data-product-code="20148817_EA"
	  data-delete-item="false"
	  aria-label="Add Tortilla Chips, Large Rounds to a List">
	  <span class="glyphicon glyphicon-th-list"></span>
	  <div class="list-cta-text  is-btn-animated">Add to List</div>
	</button>

	<!-- this is the list HTML   -->
	<div class="save-to-list-popup  is-btn-animated animation-up dark"
	  data-save-to-list-error="Can not get lists at this time. Please try again later."
	  data-product-name="Tortilla Chips, Large Rounds">
	  <div class="inner-container">
	  </div>

	</div>
</div>

</div>
				</div>
			</div>


	<div class="module-plus-minus-buttons small hidden ">
			<button type="button" class="btn cart-change-qty" data-change-type="minus" data-auid="decrease-product-quantity" alt="Minus" aria-label="Minus">
				<span class="icon-minimize"></span>
			</button>
			<div class="plus-minus-input-wrapper">
				<input class="input-qty cart-change-qty" aria-label="Enter manual quantity" type="text" name="qty" title="Change quantity in cart"
							data-unit-type="ea"
							value="1ea" data-change-type="equals"
							maxlength="7">

						<span class="input-qty-pretty">
							<span class="input-qty-pretty-value">1</span>
							<span class="input-qty-pretty-unit"></span>
						</span>
					</div>

			<button type="button" class="btn cart-change-qty" data-change-type="plus" data-auid="increase-product-quantity" alt="Plus" aria-label="Plus">
				<span class="icon-plus-sign"></span>
			</button>

			<p class="deal-limit-reached hidden">Deal Limit Reached</p>

			<div class="tooltip-qty-error tooltip-qty-limit hidden">
				<p>
					Limit to
					&nbsp;
					999
					&nbsp;each&nbsp;
					per customer.</p>
			</div>
			<div class="tooltip-qty-error tooltip-round-error hidden">
				<p>
					We do not have this in the weight you wanted. We've rounded your order to the nearest weight increment we stock.</p>
			</div>
		</div>
	</form>

<!-- End Template: AddToCartSmall -->

</div>
</div>
																<div class="item content-tile">
















































































<div class="module-grocery-product quickview-simple  clicked" data-quickview-ajax-url="/p/20757154_EA/quickViewProduct" data-product-id="20757154_EA"  data-product-price="$6.98">



		<span class="subtitle"></span>


	<div class="product-page-hotspot">
	    <div class="product-cell quickview-button">
	  	    <div class="product-image ">

	  		    <img src="https://assets.shop.loblaws.ca/products/20757154/b1/en/front/20757154_front_a01.png" onerror="this.src='https://assets.shop.loblaws.ca/products/NoImage/b1/en/front/NoImage_front_a01_@2.png';" alt="Tortilla Chips, Variety" />













	  		    <div class="hover-text-container">
	  			    <button href="#" tabindex="0" class="hover-text " aria-label="Quick View for Tortilla Chips, Variety.">Quick View</button>
	  		    </div>
	  	    </div>
	    </div>

	    <div class="product-in-cart">
	  	    <div class="wrapper-product-in-cart">
	  		    <span>
	  			    In Cart
	  		    </span>
	  	    </div>
	    </div>

	    <div class="product-info">
	  	    <div class="product-name-wrapper">
	  		    <a href="/Food/Pantry/Chips-%26-Salty-Snacks/Potato-Chips/Tortilla-Chips%2C-Variety/p/20757154_EA" class="product-name" aria-label="Product page for Tortilla Chips, Variety" >
	  			    <span class="js-product-entry-brand">Doritos&nbsp;</span>



	  			    <span class="js-product-entry-name">Tortilla Chips, Variety</span>

	  			    <span class="js-product-entry-size-detail">(504 g)</span>

	  		    </a>
	  	    </div>











		<span class="ad-match-badge  hidden">Ad Match</span>











	  	    <div class="price">
			    <div class="price-wrapper no-discount  ">
				    <span class="reg-price  " aria-label="Regular Price: $6.98">
					    <span class="reg-price-text">$6.98</span>

					    <sup class="reg-price-unit">ea</sup>
				    </span>
				    <span class="sale-price hidden" aria-label="Sale Price:">
					    <span class="sale-price-text"></span>
					    <sup class="sale-price-unit">ea</sup>
				    </span>

				    <span class="secondary-price hidden">

					    <span class="secondary-price-text" aria-label="Secondary Price:"></span>
				    </span>
			    </div>
	  	    </div>

	  	    <div class="qty">
	  		    <span class="reg-qty  ">



		  		<span class="sr-only">Sale Price Per Unit:</span>
        $1.38
        /
        100
        g


	</span>

	<span class="sale-qty hidden">



		  		<span class="sr-only">Sale Price Per Unit:</span>
        $1.38
        /
        100
        g


	</span>

	<span class="secondary-qty hidden">

	  	<span class="secondary-qty-text"></span>
	</span>
	  	    </div>
	    </div>





	</div>
	<form class="form-product  quickview-btn-simple"
	  data-product-id="20757154_EA"
	  data-min-qty="1.0"
	  data-max-qty="999.0"
	  data-unit-type="ea"
	  data-cart-qty="1"
	  data-default-qty="1"
	  novalidate="novalidate"
	  promoCode=""
	  promoNumber=""
	  data-is-customized="false"
	  data-cart-url="/cart/product/20757154_EA"
	  data-csrf-token="9af9e160-7d7f-4cdf-9627-4f0808aa8853"
	  data-is-weighted-product="false">

	<div class="module-add-to-cart " data-change-type="plus" data-auto-edit="true" data-auto-add="true"
		 data-cart-ajax-url="/cart/updateCart">
		<div class="wrapper-add-to-cart-btn">
					<div class="module-add-to-cart-button-small">
							<button type="button" class="btn btn-secondary btn-add-to-cart " data-auid="add-to-cart-button" data-has-pts-badge="false" aria-label="Add Tortilla Chips, Variety to cart">
										<span class="icon-cart"></span>
										<span class="add-to-cart-text">
											Add</span>
									</button>
									<button type="button" class="btn btn-secondary btn-edit-cart hidden " aria-label="Edit Cart">
										<span class="qty-in-cart"></span>
										<span class="edit-cart-text">
											<spring code="product.edit.text" />"
										</span>
									</button>
								<div class="add-list-parent add-list-module  bottom-add-list-module ">
	<button class="btn btn-inline-link btn-save-to-list  dark is-btn-animated"
	  data-login-url="/account/login?productCode=20757154_EA"
	  data-ajax-url="/restful/lists/all?productCode=20757154_EA"
	  data-user-guest="N"
	  data-user-guest="N" data-product-code="20757154_EA"
	  data-delete-item="false"
	  aria-label="Add Tortilla Chips, Variety to a List">
	  <span class="glyphicon glyphicon-th-list"></span>
	  <div class="list-cta-text  is-btn-animated">Add to List</div>
	</button>

	<!-- this is the list HTML   -->
	<div class="save-to-list-popup  is-btn-animated animation-up dark"
	  data-save-to-list-error="Can not get lists at this time. Please try again later."
	  data-product-name="Tortilla Chips, Variety">
	  <div class="inner-container">
	  </div>

	</div>
</div>

</div>
				</div>
			</div>


	<div class="module-plus-minus-buttons small hidden ">
			<button type="button" class="btn cart-change-qty" data-change-type="minus" data-auid="decrease-product-quantity" alt="Minus" aria-label="Minus">
				<span class="icon-minimize"></span>
			</button>
			<div class="plus-minus-input-wrapper">
				<input class="input-qty cart-change-qty" aria-label="Enter manual quantity" type="text" name="qty" title="Change quantity in cart"
							data-unit-type="ea"
							value="1ea" data-change-type="equals"
							maxlength="7">

						<span class="input-qty-pretty">
							<span class="input-qty-pretty-value">1</span>
							<span class="input-qty-pretty-unit"></span>
						</span>
					</div>

			<button type="button" class="btn cart-change-qty" data-change-type="plus" data-auid="increase-product-quantity" alt="Plus" aria-label="Plus">
				<span class="icon-plus-sign"></span>
			</button>

			<p class="deal-limit-reached hidden">Deal Limit Reached</p>

			<div class="tooltip-qty-error tooltip-qty-limit hidden">
				<p>
					Limit to
					&nbsp;
					999
					&nbsp;each&nbsp;
					per customer.</p>
			</div>
			<div class="tooltip-qty-error tooltip-round-error hidden">
				<p>
					We do not have this in the weight you wanted. We've rounded your order to the nearest weight increment we stock.</p>
			</div>
		</div>
	</form>

<!-- End Template: AddToCartSmall -->

</div>
</div>
																<div class="item content-tile">


















































































<div class="module-grocery-product quickview-simple  clicked" data-quickview-ajax-url="/p/20983498_EA/quickViewProduct" data-product-id="20983498_EA"  data-product-price="$2.97">



		<span class="subtitle"></span>


	<div class="product-page-hotspot">
	    <div class="product-cell quickview-button">
	  	    <div class="product-image ">

	  		    <img src="https://assets.shop.loblaws.ca/products/20983498/b1/en/front/20983498_front_a01.png" onerror="this.src='https://assets.shop.loblaws.ca/products/NoImage/b1/en/front/NoImage_front_a01_@2.png';" alt="Bag of Bones Cheese Flavoured Snacks, White Cheddar" />


	  			        <span class="sticker deal">
	  				        <span class="deal-badge">




	  				            <span class="module-deal-badge module-deal-badge-grid simple-save-unit "
	  						        data-deal-type="$2.97 LIMIT 4"
	  						        data-ajax-promo-url="/simpleDeal/deals/product-tile?productCode=20983498_EA"
	  						        data-deal-id="20983498_EA">
	  						        <span class="deal-type">$2.97 LIMIT 4</span>









	<span class="deal-expiry">
		Exp. 11/29
	</span>


	  				            </span>
	  			            </span>
	  		            </span>













	  		    <div class="hover-text-container">
	  			    <button href="#" tabindex="0" class="hover-text " aria-label="Quick View for Bag of Bones Cheese Flavoured Snacks, White Cheddar.">Quick View</button>
	  		    </div>
	  	    </div>
	    </div>

	    <div class="product-in-cart">
	  	    <div class="wrapper-product-in-cart">
	  		    <span>
	  			    In Cart
	  		    </span>
	  	    </div>
	    </div>

	    <div class="product-info">
	  	    <div class="product-name-wrapper">
	  		    <a href="/Food/Pantry/Chips-%26-Salty-Snacks/Potato-Chips/Cheetos-Bag-of-Bones-Cheese-Flavoured-Snacks%2C-White-Cheddar/p/20983498_EA" class="product-name" aria-label="Product page for Bag of Bones Cheese Flavoured Snacks, White Cheddar" >




	  			    <span class="js-product-entry-name">Bag of Bones Cheese Flavoured Snacks, White Cheddar</span>

	  			    <span class="js-product-entry-size-detail">(180 g)</span>

	  		    </a>
	  	    </div>











		<span class="ad-match-badge  hidden">Ad Match</span>











	  	    <div class="price">
			    <div class="price-wrapper no-discount promo-alert ">
				    <span class="reg-price  price-alert" aria-label="Regular Price: $2.97">
					    <span class="reg-price-text">$2.97</span>

					    <sup class="reg-price-unit">ea</sup>
				    </span>
				    <span class="sale-price hidden" aria-label="Sale Price:">
					    <span class="sale-price-text"></span>
					    <sup class="sale-price-unit">ea</sup>
				    </span>

				    <span class="secondary-price hidden">

					    <span class="secondary-price-text" aria-label="Secondary Price:"></span>
				    </span>
			    </div>
	  	    </div>

	  	    <div class="qty">
	  		    <span class="reg-qty  price-alert">



		  		<span class="sr-only">Sale Price Per Unit:</span>
        $1.65
        /
        100
        g


	</span>

	<span class="sale-qty hidden">



		  		<span class="sr-only">Sale Price Per Unit:</span>
        $1.65
        /
        100
        g


	</span>

	<span class="secondary-qty hidden">

	  	<span class="secondary-qty-text"></span>
	</span>
	  	    </div>
	    </div>





	</div>
	<form class="form-product  quickview-btn-simple"
	  data-product-id="20983498_EA"
	  data-min-qty="1.0"
	  data-max-qty="999.0"
	  data-unit-type="ea"
	  data-cart-qty="1"
	  data-default-qty="1"
	  novalidate="novalidate"
	  promoCode=""
	  promoNumber=""
	  data-is-customized="false"
	  data-cart-url="/cart/product/20983498_EA"
	  data-csrf-token="9af9e160-7d7f-4cdf-9627-4f0808aa8853"
	  data-is-weighted-product="false">

	<div class="module-add-to-cart " data-change-type="plus" data-auto-edit="true" data-auto-add="true"
		 data-cart-ajax-url="/cart/updateCart">
		<div class="wrapper-add-to-cart-btn">
					<div class="module-add-to-cart-button-small">
							<button type="button" class="btn btn-secondary btn-add-to-cart " data-auid="add-to-cart-button" data-has-pts-badge="false" aria-label="Add Bag of Bones Cheese Flavoured Snacks, White Cheddar to cart">
										<span class="icon-cart"></span>
										<span class="add-to-cart-text">
											Add</span>
									</button>
									<button type="button" class="btn btn-secondary btn-edit-cart hidden " aria-label="Edit Cart">
										<span class="qty-in-cart"></span>
										<span class="edit-cart-text">
											<spring code="product.edit.text" />"
										</span>
									</button>
								<div class="add-list-parent add-list-module  bottom-add-list-module ">
	<button class="btn btn-inline-link btn-save-to-list  dark is-btn-animated"
	  data-login-url="/account/login?productCode=20983498_EA"
	  data-ajax-url="/restful/lists/all?productCode=20983498_EA"
	  data-user-guest="N"
	  data-user-guest="N" data-product-code="20983498_EA"
	  data-delete-item="false"
	  aria-label="Add Bag of Bones Cheese Flavoured Snacks, White Cheddar to a List">
	  <span class="glyphicon glyphicon-th-list"></span>
	  <div class="list-cta-text  is-btn-animated">Add to List</div>
	</button>

	<!-- this is the list HTML   -->
	<div class="save-to-list-popup  is-btn-animated animation-up dark"
	  data-save-to-list-error="Can not get lists at this time. Please try again later."
	  data-product-name="Bag of Bones Cheese Flavoured Snacks, White Cheddar">
	  <div class="inner-container">
	  </div>

	</div>
</div>

</div>
				</div>
			</div>


	<div class="module-plus-minus-buttons small hidden ">
			<button type="button" class="btn cart-change-qty" data-change-type="minus" data-auid="decrease-product-quantity" alt="Minus" aria-label="Minus">
				<span class="icon-minimize"></span>
			</button>
			<div class="plus-minus-input-wrapper">
				<input class="input-qty cart-change-qty" aria-label="Enter manual quantity" type="text" name="qty" title="Change quantity in cart"
							data-unit-type="ea"
							value="1ea" data-change-type="equals"
							maxlength="7">

						<span class="input-qty-pretty">
							<span class="input-qty-pretty-value">1</span>
							<span class="input-qty-pretty-unit"></span>
						</span>
					</div>

			<button type="button" class="btn cart-change-qty" data-change-type="plus" data-auid="increase-product-quantity" alt="Plus" aria-label="Plus">
				<span class="icon-plus-sign"></span>
			</button>

			<p class="deal-limit-reached hidden">Deal Limit Reached</p>

			<div class="tooltip-qty-error tooltip-qty-limit hidden">
				<p>
					Limit to
					&nbsp;
					999
					&nbsp;each&nbsp;
					per customer.</p>
			</div>
			<div class="tooltip-qty-error tooltip-round-error hidden">
				<p>
					We do not have this in the weight you wanted. We've rounded your order to the nearest weight increment we stock.</p>
			</div>
		</div>
	</form>

<!-- End Template: AddToCartSmall -->

</div>
</div>
																<div class="item content-tile">


















































































<div class="module-grocery-product quickview-simple  clicked" data-quickview-ajax-url="/p/21059719_EA/quickViewProduct" data-product-id="21059719_EA"  data-product-price="$3.28">



		<span class="subtitle"></span>


	<div class="product-page-hotspot">
	    <div class="product-cell quickview-button">
	  	    <div class="product-image ">

	  		    <img src="https://assets.shop.loblaws.ca/products/21059719/b1/en/front/21059719_front_a01.png" onerror="this.src='https://assets.shop.loblaws.ca/products/NoImage/b1/en/front/NoImage_front_a01_@2.png';" alt="Multigrain Snacks, Garden Salsa" />


	  			        <span class="sticker deal">
	  				        <span class="deal-badge">




	  				            <span class="module-deal-badge module-deal-badge-grid simple-save-unit "
	  						        data-deal-type="$3.28 LIMIT 4"
	  						        data-ajax-promo-url="/simpleDeal/deals/product-tile?productCode=21059719_EA"
	  						        data-deal-id="21059719_EA">
	  						        <span class="deal-type">$3.28 LIMIT 4</span>









	<span class="deal-expiry">
		Exp. 11/29
	</span>


	  				            </span>
	  			            </span>
	  		            </span>













	  		    <div class="hover-text-container">
	  			    <button href="#" tabindex="0" class="hover-text " aria-label="Quick View for Multigrain Snacks, Garden Salsa.">Quick View</button>
	  		    </div>
	  	    </div>
	    </div>

	    <div class="product-in-cart">
	  	    <div class="wrapper-product-in-cart">
	  		    <span>
	  			    In Cart
	  		    </span>
	  	    </div>
	    </div>

	    <div class="product-info">
	  	    <div class="product-name-wrapper">
	  		    <a href="/Food/Pantry/Chips-%26-Salty-Snacks/Pretzels-%26-Snack-Mixes/Sunchips-Multigrain-Snacks%2C-Garden-Salsa/p/21059719_EA" class="product-name" aria-label="Product page for Multigrain Snacks, Garden Salsa" >
	  			    <span class="js-product-entry-brand">Sunchips&nbsp;</span>



	  			    <span class="js-product-entry-name">Multigrain Snacks, Garden Salsa</span>

	  			    <span class="js-product-entry-size-detail">(225 g)</span>

	  		    </a>
	  	    </div>











		<span class="ad-match-badge  hidden">Ad Match</span>











	  	    <div class="price">
			    <div class="price-wrapper no-discount promo-alert ">
				    <span class="reg-price  price-alert" aria-label="Regular Price: $3.28">
					    <span class="reg-price-text">$3.28</span>

					    <sup class="reg-price-unit">ea</sup>
				    </span>
				    <span class="sale-price hidden" aria-label="Sale Price:">
					    <span class="sale-price-text"></span>
					    <sup class="sale-price-unit">ea</sup>
				    </span>

				    <span class="secondary-price hidden">

					    <span class="secondary-price-text" aria-label="Secondary Price:"></span>
				    </span>
			    </div>
	  	    </div>

	  	    <div class="qty">
	  		    <span class="reg-qty  price-alert">



		  		<span class="sr-only">Sale Price Per Unit:</span>
        $1.46
        /
        100
        g


	</span>

	<span class="sale-qty hidden">



		  		<span class="sr-only">Sale Price Per Unit:</span>
        $1.46
        /
        100
        g


	</span>

	<span class="secondary-qty hidden">

	  	<span class="secondary-qty-text"></span>
	</span>
	  	    </div>
	    </div>





	</div>
	<form class="form-product  quickview-btn-simple"
	  data-product-id="21059719_EA"
	  data-min-qty="1.0"
	  data-max-qty="999.0"
	  data-unit-type="ea"
	  data-cart-qty="1"
	  data-default-qty="1"
	  novalidate="novalidate"
	  promoCode=""
	  promoNumber=""
	  data-is-customized="false"
	  data-cart-url="/cart/product/21059719_EA"
	  data-csrf-token="9af9e160-7d7f-4cdf-9627-4f0808aa8853"
	  data-is-weighted-product="false">

	<div class="module-add-to-cart " data-change-type="plus" data-auto-edit="true" data-auto-add="true"
		 data-cart-ajax-url="/cart/updateCart">
		<div class="wrapper-add-to-cart-btn">
					<div class="module-add-to-cart-button-small">
							<button type="button" class="btn btn-secondary btn-add-to-cart " data-auid="add-to-cart-button" data-has-pts-badge="false" aria-label="Add Multigrain Snacks, Garden Salsa to cart">
										<span class="icon-cart"></span>
										<span class="add-to-cart-text">
											Add</span>
									</button>
									<button type="button" class="btn btn-secondary btn-edit-cart hidden " aria-label="Edit Cart">
										<span class="qty-in-cart"></span>
										<span class="edit-cart-text">
											<spring code="product.edit.text" />"
										</span>
									</button>
								<div class="add-list-parent add-list-module  bottom-add-list-module ">
	<button class="btn btn-inline-link btn-save-to-list  dark is-btn-animated"
	  data-login-url="/account/login?productCode=21059719_EA"
	  data-ajax-url="/restful/lists/all?productCode=21059719_EA"
	  data-user-guest="N"
	  data-user-guest="N" data-product-code="21059719_EA"
	  data-delete-item="false"
	  aria-label="Add Multigrain Snacks, Garden Salsa to a List">
	  <span class="glyphicon glyphicon-th-list"></span>
	  <div class="list-cta-text  is-btn-animated">Add to List</div>
	</button>

	<!-- this is the list HTML   -->
	<div class="save-to-list-popup  is-btn-animated animation-up dark"
	  data-save-to-list-error="Can not get lists at this time. Please try again later."
	  data-product-name="Multigrain Snacks, Garden Salsa">
	  <div class="inner-container">
	  </div>

	</div>
</div>

</div>
				</div>
			</div>


	<div class="module-plus-minus-buttons small hidden ">
			<button type="button" class="btn cart-change-qty" data-change-type="minus" data-auid="decrease-product-quantity" alt="Minus" aria-label="Minus">
				<span class="icon-minimize"></span>
			</button>
			<div class="plus-minus-input-wrapper">
				<input class="input-qty cart-change-qty" aria-label="Enter manual quantity" type="text" name="qty" title="Change quantity in cart"
							data-unit-type="ea"
							value="1ea" data-change-type="equals"
							maxlength="7">

						<span class="input-qty-pretty">
							<span class="input-qty-pretty-value">1</span>
							<span class="input-qty-pretty-unit"></span>
						</span>
					</div>

			<button type="button" class="btn cart-change-qty" data-change-type="plus" data-auid="increase-product-quantity" alt="Plus" aria-label="Plus">
				<span class="icon-plus-sign"></span>
			</button>

			<p class="deal-limit-reached hidden">Deal Limit Reached</p>

			<div class="tooltip-qty-error tooltip-qty-limit hidden">
				<p>
					Limit to
					&nbsp;
					999
					&nbsp;each&nbsp;
					per customer.</p>
			</div>
			<div class="tooltip-qty-error tooltip-round-error hidden">
				<p>
					We do not have this in the weight you wanted. We've rounded your order to the nearest weight increment we stock.</p>
			</div>
		</div>
	</form>

<!-- End Template: AddToCartSmall -->

</div>
</div>
																<div class="item content-tile">
















































































<div class="module-grocery-product quickview-simple  clicked" data-quickview-ajax-url="/p/21081782_EA/quickViewProduct" data-product-id="21081782_EA"  data-product-price="$2.38">



		<span class="subtitle"></span>


	<div class="product-page-hotspot">
	    <div class="product-cell quickview-button">
	  	    <div class="product-image ">

	  		    <img src="https://assets.shop.loblaws.ca/products/21081782/b1/en/front/21081782_front_a01.png" onerror="this.src='https://assets.shop.loblaws.ca/products/NoImage/b1/en/front/NoImage_front_a01_@2.png';" alt="Crisps, Sweet & Sour" />










	  			    <span class="sticker deal">
	  				    <span class="deal-badge">
	  					    <span class="module-deal-badge module-deal-badge-feature flyer expires undefined">
	  						    <span class="deal-type">
								    Flyer<br />
	  							    Item
	  						    </span>









	<span class="deal-expiry">
		Exp. 11/22
	</span>

	  					    </span>
	  				    </span>
	  			    </span>





	  		    <div class="hover-text-container">
	  			    <button href="#" tabindex="0" class="hover-text " aria-label="Quick View for Crisps, Sweet & Sour.">Quick View</button>
	  		    </div>
	  	    </div>
	    </div>

	    <div class="product-in-cart">
	  	    <div class="wrapper-product-in-cart">
	  		    <span>
	  			    In Cart
	  		    </span>
	  	    </div>
	    </div>

	    <div class="product-info">
	  	    <div class="product-name-wrapper">
	  		    <a href="/Food/Pantry/Chips-%26-Salty-Snacks/Potato-Chips/Pringles-Crisps%2C-Sweet-%26-Sour/p/21081782_EA" class="product-name" aria-label="Product page for Crisps, Sweet & Sour" >
	  			    <span class="js-product-entry-brand">Pringles&nbsp;</span>



	  			    <span class="js-product-entry-name">Crisps, Sweet & Sour</span>

	  			    <span class="js-product-entry-size-detail">(156 g)</span>

	  		    </a>
	  	    </div>











		<span class="ad-match-badge  hidden">Ad Match</span>











	  	    <div class="price">
			    <div class="price-wrapper no-discount  ">
				    <span class="reg-price  " aria-label="Regular Price: $2.38">
					    <span class="reg-price-text">$2.38</span>

					    <sup class="reg-price-unit">ea</sup>
				    </span>
				    <span class="sale-price hidden" aria-label="Sale Price:">
					    <span class="sale-price-text"></span>
					    <sup class="sale-price-unit">ea</sup>
				    </span>

				    <span class="secondary-price hidden">

					    <span class="secondary-price-text" aria-label="Secondary Price:"></span>
				    </span>
			    </div>
	  	    </div>

	  	    <div class="qty">
	  		    <span class="reg-qty  ">



		  		<span class="sr-only">Sale Price Per Unit:</span>
        $1.53
        /
        100
        g


	</span>

	<span class="sale-qty hidden">



		  		<span class="sr-only">Sale Price Per Unit:</span>
        $1.53
        /
        100
        g


	</span>

	<span class="secondary-qty hidden">

	  	<span class="secondary-qty-text"></span>
	</span>
	  	    </div>
	    </div>





	</div>
	<form class="form-product  quickview-btn-simple"
	  data-product-id="21081782_EA"
	  data-min-qty="1.0"
	  data-max-qty="999.0"
	  data-unit-type="ea"
	  data-cart-qty="1"
	  data-default-qty="1"
	  novalidate="novalidate"
	  promoCode=""
	  promoNumber=""
	  data-is-customized="false"
	  data-cart-url="/cart/product/21081782_EA"
	  data-csrf-token="9af9e160-7d7f-4cdf-9627-4f0808aa8853"
	  data-is-weighted-product="false">

	<div class="module-add-to-cart " data-change-type="plus" data-auto-edit="true" data-auto-add="true"
		 data-cart-ajax-url="/cart/updateCart">
		<div class="wrapper-add-to-cart-btn">
					<div class="module-add-to-cart-button-small">
							<button type="button" class="btn btn-secondary btn-add-to-cart " data-auid="add-to-cart-button" data-has-pts-badge="false" aria-label="Add Crisps, Sweet & Sour to cart">
										<span class="icon-cart"></span>
										<span class="add-to-cart-text">
											Add</span>
									</button>
									<button type="button" class="btn btn-secondary btn-edit-cart hidden " aria-label="Edit Cart">
										<span class="qty-in-cart"></span>
										<span class="edit-cart-text">
											<spring code="product.edit.text" />"
										</span>
									</button>
								<div class="add-list-parent add-list-module  bottom-add-list-module ">
	<button class="btn btn-inline-link btn-save-to-list  dark is-btn-animated"
	  data-login-url="/account/login?productCode=21081782_EA"
	  data-ajax-url="/restful/lists/all?productCode=21081782_EA"
	  data-user-guest="N"
	  data-user-guest="N" data-product-code="21081782_EA"
	  data-delete-item="false"
	  aria-label="Add Crisps, Sweet & Sour to a List">
	  <span class="glyphicon glyphicon-th-list"></span>
	  <div class="list-cta-text  is-btn-animated">Add to List</div>
	</button>

	<!-- this is the list HTML   -->
	<div class="save-to-list-popup  is-btn-animated animation-up dark"
	  data-save-to-list-error="Can not get lists at this time. Please try again later."
	  data-product-name="Crisps, Sweet & Sour">
	  <div class="inner-container">
	  </div>

	</div>
</div>

</div>
				</div>
			</div>


	<div class="module-plus-minus-buttons small hidden ">
			<button type="button" class="btn cart-change-qty" data-change-type="minus" data-auid="decrease-product-quantity" alt="Minus" aria-label="Minus">
				<span class="icon-minimize"></span>
			</button>
			<div class="plus-minus-input-wrapper">
				<input class="input-qty cart-change-qty" aria-label="Enter manual quantity" type="text" name="qty" title="Change quantity in cart"
							data-unit-type="ea"
							value="1ea" data-change-type="equals"
							maxlength="7">

						<span class="input-qty-pretty">
							<span class="input-qty-pretty-value">1</span>
							<span class="input-qty-pretty-unit"></span>
						</span>
					</div>

			<button type="button" class="btn cart-change-qty" data-change-type="plus" data-auid="increase-product-quantity" alt="Plus" aria-label="Plus">
				<span class="icon-plus-sign"></span>
			</button>

			<p class="deal-limit-reached hidden">Deal Limit Reached</p>

			<div class="tooltip-qty-error tooltip-qty-limit hidden">
				<p>
					Limit to
					&nbsp;
					999
					&nbsp;each&nbsp;
					per customer.</p>
			</div>
			<div class="tooltip-qty-error tooltip-round-error hidden">
				<p>
					We do not have this in the weight you wanted. We've rounded your order to the nearest weight increment we stock.</p>
			</div>
		</div>
	</form>

<!-- End Template: AddToCartSmall -->

</div>
</div>
																<div class="item content-tile">
















































































<div class="module-grocery-product quickview-simple  clicked" data-quickview-ajax-url="/p/20944816_EA/quickViewProduct" data-product-id="20944816_EA"  data-product-price="$3.48">



		<span class="subtitle"></span>


	<div class="product-page-hotspot">
	    <div class="product-cell quickview-button">
	  	    <div class="product-image ">

	  		    <img src="https://assets.shop.loblaws.ca/products/20944816/b1/en/front/20944816_front_a01.png" onerror="this.src='https://assets.shop.loblaws.ca/products/NoImage/b1/en/front/NoImage_front_a01_@2.png';" alt="Potato Chips, Dill Pickle" />










	  			    <span class="sticker deal">
	  				    <span class="deal-badge">
	  					    <span class="module-deal-badge module-deal-badge-feature flyer expires undefined">
	  						    <span class="deal-type">
								    Flyer<br />
	  							    Item
	  						    </span>









	<span class="deal-expiry">
		Exp. 11/22
	</span>

	  					    </span>
	  				    </span>
	  			    </span>





	  		    <div class="hover-text-container">
	  			    <button href="#" tabindex="0" class="hover-text " aria-label="Quick View for Potato Chips, Dill Pickle.">Quick View</button>
	  		    </div>
	  	    </div>
	    </div>

	    <div class="product-in-cart">
	  	    <div class="wrapper-product-in-cart">
	  		    <span>
	  			    In Cart
	  		    </span>
	  	    </div>
	    </div>

	    <div class="product-info">
	  	    <div class="product-name-wrapper">
	  		    <a href="/Food/Pantry/Chips-%26-Salty-Snacks/Potato-Chips/Old-Dutch-Potato-Chips%2C-Dill-Pickle/p/20944816_EA" class="product-name" aria-label="Product page for Potato Chips, Dill Pickle" >
	  			    <span class="js-product-entry-brand">Old Dutch&nbsp;</span>



	  			    <span class="js-product-entry-name">Potato Chips, Dill Pickle</span>

	  			    <span class="js-product-entry-size-detail">(255 g)</span>

	  		    </a>
	  	    </div>











		<span class="ad-match-badge  hidden">Ad Match</span>











	  	    <div class="price">
			    <div class="price-wrapper no-discount  ">
				    <span class="reg-price  " aria-label="Regular Price: $3.48">
					    <span class="reg-price-text">$3.48</span>

					    <sup class="reg-price-unit">ea</sup>
				    </span>
				    <span class="sale-price hidden" aria-label="Sale Price:">
					    <span class="sale-price-text"></span>
					    <sup class="sale-price-unit">ea</sup>
				    </span>

				    <span class="secondary-price hidden">

					    <span class="secondary-price-text" aria-label="Secondary Price:"></span>
				    </span>
			    </div>
	  	    </div>

	  	    <div class="qty">
	  		    <span class="reg-qty  ">



		  		<span class="sr-only">Sale Price Per Unit:</span>
        $1.36
        /
        100
        g


	</span>

	<span class="sale-qty hidden">



		  		<span class="sr-only">Sale Price Per Unit:</span>
        $1.36
        /
        100
        g


	</span>

	<span class="secondary-qty hidden">

	  	<span class="secondary-qty-text"></span>
	</span>
	  	    </div>
	    </div>





	</div>
	<form class="form-product  quickview-btn-simple"
	  data-product-id="20944816_EA"
	  data-min-qty="1.0"
	  data-max-qty="999.0"
	  data-unit-type="ea"
	  data-cart-qty="1"
	  data-default-qty="1"
	  novalidate="novalidate"
	  promoCode=""
	  promoNumber=""
	  data-is-customized="false"
	  data-cart-url="/cart/product/20944816_EA"
	  data-csrf-token="9af9e160-7d7f-4cdf-9627-4f0808aa8853"
	  data-is-weighted-product="false">

	<div class="module-add-to-cart " data-change-type="plus" data-auto-edit="true" data-auto-add="true"
		 data-cart-ajax-url="/cart/updateCart">
		<div class="wrapper-add-to-cart-btn">
					<div class="module-add-to-cart-button-small">
							<button type="button" class="btn btn-secondary btn-add-to-cart " data-auid="add-to-cart-button" data-has-pts-badge="false" aria-label="Add Potato Chips, Dill Pickle to cart">
										<span class="icon-cart"></span>
										<span class="add-to-cart-text">
											Add</span>
									</button>
									<button type="button" class="btn btn-secondary btn-edit-cart hidden " aria-label="Edit Cart">
										<span class="qty-in-cart"></span>
										<span class="edit-cart-text">
											<spring code="product.edit.text" />"
										</span>
									</button>
								<div class="add-list-parent add-list-module  bottom-add-list-module ">
	<button class="btn btn-inline-link btn-save-to-list  dark is-btn-animated"
	  data-login-url="/account/login?productCode=20944816_EA"
	  data-ajax-url="/restful/lists/all?productCode=20944816_EA"
	  data-user-guest="N"
	  data-user-guest="N" data-product-code="20944816_EA"
	  data-delete-item="false"
	  aria-label="Add Potato Chips, Dill Pickle to a List">
	  <span class="glyphicon glyphicon-th-list"></span>
	  <div class="list-cta-text  is-btn-animated">Add to List</div>
	</button>

	<!-- this is the list HTML   -->
	<div class="save-to-list-popup  is-btn-animated animation-up dark"
	  data-save-to-list-error="Can not get lists at this time. Please try again later."
	  data-product-name="Potato Chips, Dill Pickle">
	  <div class="inner-container">
	  </div>

	</div>
</div>

</div>
				</div>
			</div>


	<div class="module-plus-minus-buttons small hidden ">
			<button type="button" class="btn cart-change-qty" data-change-type="minus" data-auid="decrease-product-quantity" alt="Minus" aria-label="Minus">
				<span class="icon-minimize"></span>
			</button>
			<div class="plus-minus-input-wrapper">
				<input class="input-qty cart-change-qty" aria-label="Enter manual quantity" type="text" name="qty" title="Change quantity in cart"
							data-unit-type="ea"
							value="1ea" data-change-type="equals"
							maxlength="7">

						<span class="input-qty-pretty">
							<span class="input-qty-pretty-value">1</span>
							<span class="input-qty-pretty-unit"></span>
						</span>
					</div>

			<button type="button" class="btn cart-change-qty" data-change-type="plus" data-auid="increase-product-quantity" alt="Plus" aria-label="Plus">
				<span class="icon-plus-sign"></span>
			</button>

			<p class="deal-limit-reached hidden">Deal Limit Reached</p>

			<div class="tooltip-qty-error tooltip-qty-limit hidden">
				<p>
					Limit to
					&nbsp;
					999
					&nbsp;each&nbsp;
					per customer.</p>
			</div>
			<div class="tooltip-qty-error tooltip-round-error hidden">
				<p>
					We do not have this in the weight you wanted. We've rounded your order to the nearest weight increment we stock.</p>
			</div>
		</div>
	</form>

<!-- End Template: AddToCartSmall -->

</div>
</div>
																<div class="item content-tile">




















































































<div class="module-grocery-product quickview-simple  clicked" data-quickview-ajax-url="/p/20840911007_EA/quickViewProduct" data-product-id="20840911007_EA"  data-product-price="$1.68">



		<span class="subtitle">New</span>


	<div class="product-page-hotspot">
	    <div class="product-cell quickview-button">
	  	    <div class="product-image ">

	  		    <img src="https://assets.shop.loblaws.ca/products/20840911007/b1/en/front/20840911007_front_a01.png" onerror="this.src='https://assets.shop.loblaws.ca/products/NoImage/b1/en/front/NoImage_front_a01_@2.png';" alt="Loads of Jalapeño Popper Flavour Rippled Potato Chips" />


	  			        <span class="sticker deal">
	  				        <span class="deal-badge">




	  				            <span class="module-deal-badge module-deal-badge-grid simple-save-unit "
	  						        data-deal-type="SAVE $0.20"
	  						        data-ajax-promo-url="/simpleDeal/deals/product-tile?productCode=20840911007_EA"
	  						        data-deal-id="20840911007_EA">
	  						        <span class="deal-type">SAVE $0.20</span>









	<span class="deal-expiry">
		Exp. 01/03
	</span>


	  				            </span>
	  			            </span>
	  		            </span>













	  		    <div class="hover-text-container">
	  			    <button href="#" tabindex="0" class="hover-text " aria-label="Quick View for Loads of Jalapeño Popper Flavour Rippled Potato Chips.">Quick View</button>
	  		    </div>
	  	    </div>
	    </div>

	    <div class="product-in-cart">
	  	    <div class="wrapper-product-in-cart">
	  		    <span>
	  			    In Cart
	  		    </span>
	  	    </div>
	    </div>

	    <div class="product-info">
	  	    <div class="product-name-wrapper">
	  		    <a href="/Food/Pantry/Chips-%26-Salty-Snacks/Potato-Chips/President%27s-Choice-Loads-of-Jalape%C3%B1o-Popper-Flavour-Rippled-Potato-Chips/p/20840911007_EA" class="product-name" aria-label="Product page for Loads of Jalapeño Popper Flavour Rippled Potato Chips" >
	  			    <span class="js-product-entry-brand">President's Choice&nbsp;</span>



	  			    <span class="js-product-entry-name">Loads of Jalapeño Popper Flavour Rippled Potato Chips</span>

	  			    <span class="js-product-entry-size-detail">(200 g)</span>

	  		    </a>
	  	    </div>











		<span class="ad-match-badge  hidden">Ad Match</span>











	  	    <div class="price">
			    <div class="price-wrapper discount promo-alert ">
				    <span class="reg-price  price-alert" aria-label="Regular Price: $1.68">
					    <span class="reg-price-text">$1.68</span>

					    <sup class="reg-price-unit">ea</sup>
				    </span>
				    <span class="sale-price hidden" aria-label="Sale Price:">
					    <span class="sale-price-text"></span>
					    <sup class="sale-price-unit">ea</sup>
				    </span>

					    <span class="old-price" aria-label="Original Price: $1.88">
						    <span class="old-price-text">$1.88</span>
					    </span>

				    <span class="secondary-price hidden">

					    <span class="secondary-price-text" aria-label="Secondary Price:"></span>
				    </span>
			    </div>
	  	    </div>

	  	    <div class="qty">
	  		    <span class="reg-qty  price-alert">



		  		<span class="sr-only">Sale Price Per Unit:</span>
        $0.84
        /
        100
        g


	</span>

	<span class="sale-qty hidden">



		  		<span class="sr-only">Sale Price Per Unit:</span>
        $0.84
        /
        100
        g


	</span>

	<span class="secondary-qty hidden">

	  	<span class="secondary-qty-text"></span>
	</span>
	  	    </div>
	    </div>





	</div>
	<form class="form-product  quickview-btn-simple"
	  data-product-id="20840911007_EA"
	  data-min-qty="1.0"
	  data-max-qty="999.0"
	  data-unit-type="ea"
	  data-cart-qty="1"
	  data-default-qty="1"
	  novalidate="novalidate"
	  promoCode=""
	  promoNumber=""
	  data-is-customized="false"
	  data-cart-url="/cart/product/20840911007_EA"
	  data-csrf-token="9af9e160-7d7f-4cdf-9627-4f0808aa8853"
	  data-is-weighted-product="false">

	<div class="module-add-to-cart " data-change-type="plus" data-auto-edit="true" data-auto-add="true"
		 data-cart-ajax-url="/cart/updateCart">
		<div class="wrapper-add-to-cart-btn">
					<div class="module-add-to-cart-button-small">
							<button type="button" class="btn btn-secondary btn-add-to-cart " data-auid="add-to-cart-button" data-has-pts-badge="false" aria-label="Add Loads of Jalapeño Popper Flavour Rippled Potato Chips to cart">
										<span class="icon-cart"></span>
										<span class="add-to-cart-text">
											Add</span>
									</button>
									<button type="button" class="btn btn-secondary btn-edit-cart hidden " aria-label="Edit Cart">
										<span class="qty-in-cart"></span>
										<span class="edit-cart-text">
											<spring code="product.edit.text" />"
										</span>
									</button>
								<div class="add-list-parent add-list-module  bottom-add-list-module ">
	<button class="btn btn-inline-link btn-save-to-list  dark is-btn-animated"
	  data-login-url="/account/login?productCode=20840911007_EA"
	  data-ajax-url="/restful/lists/all?productCode=20840911007_EA"
	  data-user-guest="N"
	  data-user-guest="N" data-product-code="20840911007_EA"
	  data-delete-item="false"
	  aria-label="Add Loads of Jalapeño Popper Flavour Rippled Potato Chips to a List">
	  <span class="glyphicon glyphicon-th-list"></span>
	  <div class="list-cta-text  is-btn-animated">Add to List</div>
	</button>

	<!-- this is the list HTML   -->
	<div class="save-to-list-popup  is-btn-animated animation-up dark"
	  data-save-to-list-error="Can not get lists at this time. Please try again later."
	  data-product-name="Loads of Jalapeño Popper Flavour Rippled Potato Chips">
	  <div class="inner-container">
	  </div>

	</div>
</div>

</div>
				</div>
			</div>


	<div class="module-plus-minus-buttons small hidden ">
			<button type="button" class="btn cart-change-qty" data-change-type="minus" data-auid="decrease-product-quantity" alt="Minus" aria-label="Minus">
				<span class="icon-minimize"></span>
			</button>
			<div class="plus-minus-input-wrapper">
				<input class="input-qty cart-change-qty" aria-label="Enter manual quantity" type="text" name="qty" title="Change quantity in cart"
							data-unit-type="ea"
							value="1ea" data-change-type="equals"
							maxlength="7">

						<span class="input-qty-pretty">
							<span class="input-qty-pretty-value">1</span>
							<span class="input-qty-pretty-unit"></span>
						</span>
					</div>

			<button type="button" class="btn cart-change-qty" data-change-type="plus" data-auid="increase-product-quantity" alt="Plus" aria-label="Plus">
				<span class="icon-plus-sign"></span>
			</button>

			<p class="deal-limit-reached hidden">Deal Limit Reached</p>

			<div class="tooltip-qty-error tooltip-qty-limit hidden">
				<p>
					Limit to
					&nbsp;
					999
					&nbsp;each&nbsp;
					per customer.</p>
			</div>
			<div class="tooltip-qty-error tooltip-round-error hidden">
				<p>
					We do not have this in the weight you wanted. We've rounded your order to the nearest weight increment we stock.</p>
			</div>
		</div>
	</form>

<!-- End Template: AddToCartSmall -->

</div>
</div>
																<div class="item content-tile">
















































































<div class="module-grocery-product quickview-simple  clicked" data-quickview-ajax-url="/p/20072787_EA/quickViewProduct" data-product-id="20072787_EA"  data-product-price="$12.98">



		<span class="subtitle"></span>


	<div class="product-page-hotspot">
	    <div class="product-cell quickview-button">
	  	    <div class="product-image ">

	  		    <img src="https://assets.shop.loblaws.ca/products/20072787/b1/en/front/20072787_front_a01.png" onerror="this.src='https://assets.shop.loblaws.ca/products/NoImage/b1/en/front/NoImage_front_a01_@2.png';" alt="Chips" />













	  		    <div class="hover-text-container">
	  			    <button href="#" tabindex="0" class="hover-text " aria-label="Quick View for Chips.">Quick View</button>
	  		    </div>
	  	    </div>
	    </div>

	    <div class="product-in-cart">
	  	    <div class="wrapper-product-in-cart">
	  		    <span>
	  			    In Cart
	  		    </span>
	  	    </div>
	    </div>

	    <div class="product-info">
	  	    <div class="product-name-wrapper">
	  		    <a href="/Food/Pantry/Chips-%26-Salty-Snacks/Potato-Chips/Chips/p/20072787_EA" class="product-name" aria-label="Product page for Chips" >
	  			    <span class="js-product-entry-brand">Old Dutch&nbsp;</span>



	  			    <span class="js-product-entry-name">Chips</span>

	  			    <span class="js-product-entry-size-detail">(30x32g)</span>

	  		    </a>
	  	    </div>











		<span class="ad-match-badge  hidden">Ad Match</span>











	  	    <div class="price">
			    <div class="price-wrapper no-discount  ">
				    <span class="reg-price  " aria-label="Regular Price: $12.98">
					    <span class="reg-price-text">$12.98</span>

					    <sup class="reg-price-unit">ea</sup>
				    </span>
				    <span class="sale-price hidden" aria-label="Sale Price:">
					    <span class="sale-price-text"></span>
					    <sup class="sale-price-unit">ea</sup>
				    </span>

				    <span class="secondary-price hidden">

					    <span class="secondary-price-text" aria-label="Secondary Price:"></span>
				    </span>
			    </div>
	  	    </div>

	  	    <div class="qty">
	  		    <span class="reg-qty  ">



		  		<span class="sr-only">Sale Price Per Unit:</span>
        $1.35
        /
        100
        g


	</span>

	<span class="sale-qty hidden">



		  		<span class="sr-only">Sale Price Per Unit:</span>
        $1.35
        /
        100
        g


	</span>

	<span class="secondary-qty hidden">

	  	<span class="secondary-qty-text"></span>
	</span>
	  	    </div>
	    </div>





	</div>
	<form class="form-product  quickview-btn-simple"
	  data-product-id="20072787_EA"
	  data-min-qty="1.0"
	  data-max-qty="999.0"
	  data-unit-type="ea"
	  data-cart-qty="1"
	  data-default-qty="1"
	  novalidate="novalidate"
	  promoCode=""
	  promoNumber=""
	  data-is-customized="false"
	  data-cart-url="/cart/product/20072787_EA"
	  data-csrf-token="9af9e160-7d7f-4cdf-9627-4f0808aa8853"
	  data-is-weighted-product="false">

	<div class="module-add-to-cart " data-change-type="plus" data-auto-edit="true" data-auto-add="true"
		 data-cart-ajax-url="/cart/updateCart">
		<div class="wrapper-add-to-cart-btn">
					<div class="module-add-to-cart-button-small">
							<button type="button" class="btn btn-secondary btn-add-to-cart " data-auid="add-to-cart-button" data-has-pts-badge="false" aria-label="Add Chips to cart">
										<span class="icon-cart"></span>
										<span class="add-to-cart-text">
											Add</span>
									</button>
									<button type="button" class="btn btn-secondary btn-edit-cart hidden " aria-label="Edit Cart">
										<span class="qty-in-cart"></span>
										<span class="edit-cart-text">
											<spring code="product.edit.text" />"
										</span>
									</button>
								<div class="add-list-parent add-list-module  bottom-add-list-module ">
	<button class="btn btn-inline-link btn-save-to-list  dark is-btn-animated"
	  data-login-url="/account/login?productCode=20072787_EA"
	  data-ajax-url="/restful/lists/all?productCode=20072787_EA"
	  data-user-guest="N"
	  data-user-guest="N" data-product-code="20072787_EA"
	  data-delete-item="false"
	  aria-label="Add Chips to a List">
	  <span class="glyphicon glyphicon-th-list"></span>
	  <div class="list-cta-text  is-btn-animated">Add to List</div>
	</button>

	<!-- this is the list HTML   -->
	<div class="save-to-list-popup  is-btn-animated animation-up dark"
	  data-save-to-list-error="Can not get lists at this time. Please try again later."
	  data-product-name="Chips">
	  <div class="inner-container">
	  </div>

	</div>
</div>

</div>
				</div>
			</div>


	<div class="module-plus-minus-buttons small hidden ">
			<button type="button" class="btn cart-change-qty" data-change-type="minus" data-auid="decrease-product-quantity" alt="Minus" aria-label="Minus">
				<span class="icon-minimize"></span>
			</button>
			<div class="plus-minus-input-wrapper">
				<input class="input-qty cart-change-qty" aria-label="Enter manual quantity" type="text" name="qty" title="Change quantity in cart"
							data-unit-type="ea"
							value="1ea" data-change-type="equals"
							maxlength="7">

						<span class="input-qty-pretty">
							<span class="input-qty-pretty-value">1</span>
							<span class="input-qty-pretty-unit"></span>
						</span>
					</div>

			<button type="button" class="btn cart-change-qty" data-change-type="plus" data-auid="increase-product-quantity" alt="Plus" aria-label="Plus">
				<span class="icon-plus-sign"></span>
			</button>

			<p class="deal-limit-reached hidden">Deal Limit Reached</p>

			<div class="tooltip-qty-error tooltip-qty-limit hidden">
				<p>
					Limit to
					&nbsp;
					999
					&nbsp;each&nbsp;
					per customer.</p>
			</div>
			<div class="tooltip-qty-error tooltip-round-error hidden">
				<p>
					We do not have this in the weight you wanted. We've rounded your order to the nearest weight increment we stock.</p>
			</div>
		</div>
	</form>

<!-- End Template: AddToCartSmall -->

</div>
</div>
																<div class="item content-tile">
















































































<div class="module-grocery-product quickview-simple  clicked" data-quickview-ajax-url="/p/20803759001_EA/quickViewProduct" data-product-id="20803759001_EA"  data-product-price="$2.48">



		<span class="subtitle"></span>


	<div class="product-page-hotspot">
	    <div class="product-cell quickview-button">
	  	    <div class="product-image ">

	  		    <img src="https://assets.shop.loblaws.ca/products/20803759001/b1/en/front/20803759001_front_a01.png" onerror="this.src='https://assets.shop.loblaws.ca/products/NoImage/b1/en/front/NoImage_front_a01_@2.png';" alt="Snapea Crisps, Original" />













	  		    <div class="hover-text-container">
	  			    <button href="#" tabindex="0" class="hover-text " aria-label="Quick View for Snapea Crisps, Original.">Quick View</button>
	  		    </div>
	  	    </div>
	    </div>

	    <div class="product-in-cart">
	  	    <div class="wrapper-product-in-cart">
	  		    <span>
	  			    In Cart
	  		    </span>
	  	    </div>
	    </div>

	    <div class="product-info">
	  	    <div class="product-name-wrapper">
	  		    <a href="/Food/Pantry/Chips-%26-Salty-Snacks/Pretzels-%26-Snack-Mixes/Calbee-Snapea-Crisps%2C-Original/p/20803759001_EA" class="product-name" aria-label="Product page for Snapea Crisps, Original" >
	  			    <span class="js-product-entry-brand">Calbee&nbsp;</span>



	  			    <span class="js-product-entry-name">Snapea Crisps, Original</span>

	  			    <span class="js-product-entry-size-detail">(93 g)</span>

	  		    </a>
	  	    </div>











		<span class="ad-match-badge  hidden">Ad Match</span>











	  	    <div class="price">
			    <div class="price-wrapper no-discount  ">
				    <span class="reg-price  " aria-label="Regular Price: $2.48">
					    <span class="reg-price-text">$2.48</span>

					    <sup class="reg-price-unit">ea</sup>
				    </span>
				    <span class="sale-price hidden" aria-label="Sale Price:">
					    <span class="sale-price-text"></span>
					    <sup class="sale-price-unit">ea</sup>
				    </span>

				    <span class="secondary-price hidden">

					    <span class="secondary-price-text" aria-label="Secondary Price:"></span>
				    </span>
			    </div>
	  	    </div>

	  	    <div class="qty">
	  		    <span class="reg-qty  ">



		  		<span class="sr-only">Sale Price Per Unit:</span>
        $2.67
        /
        100
        g


	</span>

	<span class="sale-qty hidden">



		  		<span class="sr-only">Sale Price Per Unit:</span>
        $2.67
        /
        100
        g


	</span>

	<span class="secondary-qty hidden">

	  	<span class="secondary-qty-text"></span>
	</span>
	  	    </div>
	    </div>





	</div>
	<form class="form-product  quickview-btn-simple"
	  data-product-id="20803759001_EA"
	  data-min-qty="1.0"
	  data-max-qty="999.0"
	  data-unit-type="ea"
	  data-cart-qty="1"
	  data-default-qty="1"
	  novalidate="novalidate"
	  promoCode=""
	  promoNumber=""
	  data-is-customized="false"
	  data-cart-url="/cart/product/20803759001_EA"
	  data-csrf-token="9af9e160-7d7f-4cdf-9627-4f0808aa8853"
	  data-is-weighted-product="false">

	<div class="module-add-to-cart " data-change-type="plus" data-auto-edit="true" data-auto-add="true"
		 data-cart-ajax-url="/cart/updateCart">
		<div class="wrapper-add-to-cart-btn">
					<div class="module-add-to-cart-button-small">
							<button type="button" class="btn btn-secondary btn-add-to-cart " data-auid="add-to-cart-button" data-has-pts-badge="false" aria-label="Add Snapea Crisps, Original to cart">
										<span class="icon-cart"></span>
										<span class="add-to-cart-text">
											Add</span>
									</button>
									<button type="button" class="btn btn-secondary btn-edit-cart hidden " aria-label="Edit Cart">
										<span class="qty-in-cart"></span>
										<span class="edit-cart-text">
											<spring code="product.edit.text" />"
										</span>
									</button>
								<div class="add-list-parent add-list-module  bottom-add-list-module ">
	<button class="btn btn-inline-link btn-save-to-list  dark is-btn-animated"
	  data-login-url="/account/login?productCode=20803759001_EA"
	  data-ajax-url="/restful/lists/all?productCode=20803759001_EA"
	  data-user-guest="N"
	  data-user-guest="N" data-product-code="20803759001_EA"
	  data-delete-item="false"
	  aria-label="Add Snapea Crisps, Original to a List">
	  <span class="glyphicon glyphicon-th-list"></span>
	  <div class="list-cta-text  is-btn-animated">Add to List</div>
	</button>

	<!-- this is the list HTML   -->
	<div class="save-to-list-popup  is-btn-animated animation-up dark"
	  data-save-to-list-error="Can not get lists at this time. Please try again later."
	  data-product-name="Snapea Crisps, Original">
	  <div class="inner-container">
	  </div>

	</div>
</div>

</div>
				</div>
			</div>


	<div class="module-plus-minus-buttons small hidden ">
			<button type="button" class="btn cart-change-qty" data-change-type="minus" data-auid="decrease-product-quantity" alt="Minus" aria-label="Minus">
				<span class="icon-minimize"></span>
			</button>
			<div class="plus-minus-input-wrapper">
				<input class="input-qty cart-change-qty" aria-label="Enter manual quantity" type="text" name="qty" title="Change quantity in cart"
							data-unit-type="ea"
							value="1ea" data-change-type="equals"
							maxlength="7">

						<span class="input-qty-pretty">
							<span class="input-qty-pretty-value">1</span>
							<span class="input-qty-pretty-unit"></span>
						</span>
					</div>

			<button type="button" class="btn cart-change-qty" data-change-type="plus" data-auid="increase-product-quantity" alt="Plus" aria-label="Plus">
				<span class="icon-plus-sign"></span>
			</button>

			<p class="deal-limit-reached hidden">Deal Limit Reached</p>

			<div class="tooltip-qty-error tooltip-qty-limit hidden">
				<p>
					Limit to
					&nbsp;
					999
					&nbsp;each&nbsp;
					per customer.</p>
			</div>
			<div class="tooltip-qty-error tooltip-round-error hidden">
				<p>
					We do not have this in the weight you wanted. We've rounded your order to the nearest weight increment we stock.</p>
			</div>
		</div>
	</form>

<!-- End Template: AddToCartSmall -->

</div>
</div>
																<div class="item content-tile">
















































































<div class="module-grocery-product quickview-simple  clicked" data-quickview-ajax-url="/p/21050575_EA/quickViewProduct" data-product-id="21050575_EA"  data-product-price="$2.97">



		<span class="subtitle"></span>


	<div class="product-page-hotspot">
	    <div class="product-cell quickview-button">
	  	    <div class="product-image ">

	  		    <img src="https://assets.shop.loblaws.ca/products/21050575/b1/en/front/21050575_front_a01.png" onerror="this.src='https://assets.shop.loblaws.ca/products/NoImage/b1/en/front/NoImage_front_a01_@2.png';" alt="Tortilla Chips, Restaurant style" />


	  			        <span class="sticker deal">
	  				        <span class="deal-badge">




	  				            <span class="module-deal-badge module-deal-badge-grid simple-save-unit "
	  						        data-deal-type="4 FOR $10.00"
	  						        data-ajax-promo-url="/simpleDeal/deals/product-tile?productCode=21050575_EA"
	  						        data-deal-id="21050575_EA">
	  						        <span class="deal-type">4 FOR $10.00</span>









	<span class="deal-expiry">
		Exp. 11/21
	</span>


	  				            </span>
	  			            </span>
	  		            </span>













	  		    <div class="hover-text-container">
	  			    <button href="#" tabindex="0" class="hover-text " aria-label="Quick View for Tortilla Chips, Restaurant style.">Quick View</button>
	  		    </div>
	  	    </div>
	    </div>

	    <div class="product-in-cart">
	  	    <div class="wrapper-product-in-cart">
	  		    <span>
	  			    In Cart
	  		    </span>
	  	    </div>
	    </div>

	    <div class="product-info">
	  	    <div class="product-name-wrapper">
	  		    <a href="/Food/Pantry/Chips-%26-Salty-Snacks/Tortilla-Chips/Tostitos-Tortilla-Chips%2C-Restaurant-style/p/21050575_EA" class="product-name" aria-label="Product page for Tortilla Chips, Restaurant style" >
	  			    <span class="js-product-entry-brand">Tostitos&nbsp;</span>



	  			    <span class="js-product-entry-name">Tortilla Chips, Restaurant style</span>

	  			    <span class="js-product-entry-size-detail">(275 g)</span>

	  		    </a>
	  	    </div>











		<span class="ad-match-badge  hidden">Ad Match</span>











	  	    <div class="price">
			    <div class="price-wrapper no-discount  ">
				    <span class="reg-price  " aria-label="Regular Price: $2.97">
					    <span class="reg-price-text">$2.97</span>

					    <sup class="reg-price-unit">ea</sup>
				    </span>
				    <span class="sale-price hidden" aria-label="Sale Price:">
					    <span class="sale-price-text"></span>
					    <sup class="sale-price-unit">ea</sup>
				    </span>

				    <span class="secondary-price hidden">

					    <span class="secondary-price-text" aria-label="Secondary Price:"></span>
				    </span>
			    </div>
	  	    </div>

	  	    <div class="qty">
	  		    <span class="reg-qty  ">



		  		<span class="sr-only">Sale Price Per Unit:</span>
        $1.08
        /
        100
        g


	</span>

	<span class="sale-qty hidden">



		  		<span class="sr-only">Sale Price Per Unit:</span>
        $1.08
        /
        100
        g


	</span>

	<span class="secondary-qty hidden">

	  	<span class="secondary-qty-text"></span>
	</span>
	  	    </div>
	    </div>





	</div>
	<form class="form-product  quickview-btn-simple"
	  data-product-id="21050575_EA"
	  data-min-qty="1.0"
	  data-max-qty="999.0"
	  data-unit-type="ea"
	  data-cart-qty="1"
	  data-default-qty="1"
	  novalidate="novalidate"
	  promoCode=""
	  promoNumber=""
	  data-is-customized="false"
	  data-cart-url="/cart/product/21050575_EA"
	  data-csrf-token="9af9e160-7d7f-4cdf-9627-4f0808aa8853"
	  data-is-weighted-product="false">

	<div class="module-add-to-cart " data-change-type="plus" data-auto-edit="true" data-auto-add="true"
		 data-cart-ajax-url="/cart/updateCart">
		<div class="wrapper-add-to-cart-btn">
					<div class="module-add-to-cart-button-small">
							<button type="button" class="btn btn-secondary btn-add-to-cart " data-auid="add-to-cart-button" data-has-pts-badge="false" aria-label="Add Tortilla Chips, Restaurant style to cart">
										<span class="icon-cart"></span>
										<span class="add-to-cart-text">
											Add</span>
									</button>
									<button type="button" class="btn btn-secondary btn-edit-cart hidden " aria-label="Edit Cart">
										<span class="qty-in-cart"></span>
										<span class="edit-cart-text">
											<spring code="product.edit.text" />"
										</span>
									</button>
								<div class="add-list-parent add-list-module  bottom-add-list-module ">
	<button class="btn btn-inline-link btn-save-to-list  dark is-btn-animated"
	  data-login-url="/account/login?productCode=21050575_EA"
	  data-ajax-url="/restful/lists/all?productCode=21050575_EA"
	  data-user-guest="N"
	  data-user-guest="N" data-product-code="21050575_EA"
	  data-delete-item="false"
	  aria-label="Add Tortilla Chips, Restaurant style to a List">
	  <span class="glyphicon glyphicon-th-list"></span>
	  <div class="list-cta-text  is-btn-animated">Add to List</div>
	</button>

	<!-- this is the list HTML   -->
	<div class="save-to-list-popup  is-btn-animated animation-up dark"
	  data-save-to-list-error="Can not get lists at this time. Please try again later."
	  data-product-name="Tortilla Chips, Restaurant style">
	  <div class="inner-container">
	  </div>

	</div>
</div>

</div>
				</div>
			</div>


	<div class="module-plus-minus-buttons small hidden ">
			<button type="button" class="btn cart-change-qty" data-change-type="minus" data-auid="decrease-product-quantity" alt="Minus" aria-label="Minus">
				<span class="icon-minimize"></span>
			</button>
			<div class="plus-minus-input-wrapper">
				<input class="input-qty cart-change-qty" aria-label="Enter manual quantity" type="text" name="qty" title="Change quantity in cart"
							data-unit-type="ea"
							value="1ea" data-change-type="equals"
							maxlength="7">

						<span class="input-qty-pretty">
							<span class="input-qty-pretty-value">1</span>
							<span class="input-qty-pretty-unit"></span>
						</span>
					</div>

			<button type="button" class="btn cart-change-qty" data-change-type="plus" data-auid="increase-product-quantity" alt="Plus" aria-label="Plus">
				<span class="icon-plus-sign"></span>
			</button>

			<p class="deal-limit-reached hidden">Deal Limit Reached</p>

			<div class="tooltip-qty-error tooltip-qty-limit hidden">
				<p>
					Limit to
					&nbsp;
					999
					&nbsp;each&nbsp;
					per customer.</p>
			</div>
			<div class="tooltip-qty-error tooltip-round-error hidden">
				<p>
					We do not have this in the weight you wanted. We've rounded your order to the nearest weight increment we stock.</p>
			</div>
		</div>
	</form>

<!-- End Template: AddToCartSmall -->

</div>
</div>
																<div class="item content-tile">
















































































<div class="module-grocery-product quickview-simple  clicked" data-quickview-ajax-url="/p/20964325_EA/quickViewProduct" data-product-id="20964325_EA"  data-product-price="$3.18">



		<span class="subtitle"></span>


	<div class="product-page-hotspot">
	    <div class="product-cell quickview-button">
	  	    <div class="product-image ">

	  		    <img src="https://assets.shop.loblaws.ca/products/20964325/b1/en/front/20964325_front_a01.png" onerror="this.src='https://assets.shop.loblaws.ca/products/NoImage/b1/en/front/NoImage_front_a01_@2.png';" alt="Potato Chips, Sour Cream & Onion" />


	  			        <span class="sticker deal">
	  				        <span class="deal-badge">




	  				            <span class="module-deal-badge module-deal-badge-grid simple-save-unit "
	  						        data-deal-type="4 FOR $10.00"
	  						        data-ajax-promo-url="/simpleDeal/deals/product-tile?productCode=20964325_EA"
	  						        data-deal-id="20964325_EA">
	  						        <span class="deal-type">4 FOR $10.00</span>









	<span class="deal-expiry">
		Exp. 11/21
	</span>


	  				            </span>
	  			            </span>
	  		            </span>













	  		    <div class="hover-text-container">
	  			    <button href="#" tabindex="0" class="hover-text " aria-label="Quick View for Potato Chips, Sour Cream & Onion.">Quick View</button>
	  		    </div>
	  	    </div>
	    </div>

	    <div class="product-in-cart">
	  	    <div class="wrapper-product-in-cart">
	  		    <span>
	  			    In Cart
	  		    </span>
	  	    </div>
	    </div>

	    <div class="product-info">
	  	    <div class="product-name-wrapper">
	  		    <a href="/Food/Pantry/Chips-%26-Salty-Snacks/Potato-Chips/Lay%27s-Potato-Chips%2C-Sour-Cream-%26-Onion/p/20964325_EA" class="product-name" aria-label="Product page for Potato Chips, Sour Cream & Onion" >
	  			    <span class="js-product-entry-brand">Lay's&nbsp;</span>



	  			    <span class="js-product-entry-name">Potato Chips, Sour Cream & Onion</span>

	  			    <span class="js-product-entry-size-detail">(255 g)</span>

	  		    </a>
	  	    </div>











		<span class="ad-match-badge  hidden">Ad Match</span>











	  	    <div class="price">
			    <div class="price-wrapper no-discount  ">
				    <span class="reg-price  " aria-label="Regular Price: $3.18">
					    <span class="reg-price-text">$3.18</span>

					    <sup class="reg-price-unit">ea</sup>
				    </span>
				    <span class="sale-price hidden" aria-label="Sale Price:">
					    <span class="sale-price-text"></span>
					    <sup class="sale-price-unit">ea</sup>
				    </span>

				    <span class="secondary-price hidden">

					    <span class="secondary-price-text" aria-label="Secondary Price:"></span>
				    </span>
			    </div>
	  	    </div>

	  	    <div class="qty">
	  		    <span class="reg-qty  ">



		  		<span class="sr-only">Sale Price Per Unit:</span>
        $1.25
        /
        100
        g


	</span>

	<span class="sale-qty hidden">



		  		<span class="sr-only">Sale Price Per Unit:</span>
        $1.25
        /
        100
        g


	</span>

	<span class="secondary-qty hidden">

	  	<span class="secondary-qty-text"></span>
	</span>
	  	    </div>
	    </div>





	</div>
	<form class="form-product  quickview-btn-simple"
	  data-product-id="20964325_EA"
	  data-min-qty="1.0"
	  data-max-qty="999.0"
	  data-unit-type="ea"
	  data-cart-qty="1"
	  data-default-qty="1"
	  novalidate="novalidate"
	  promoCode=""
	  promoNumber=""
	  data-is-customized="false"
	  data-cart-url="/cart/product/20964325_EA"
	  data-csrf-token="9af9e160-7d7f-4cdf-9627-4f0808aa8853"
	  data-is-weighted-product="false">

	<div class="module-add-to-cart " data-change-type="plus" data-auto-edit="true" data-auto-add="true"
		 data-cart-ajax-url="/cart/updateCart">
		<div class="wrapper-add-to-cart-btn">
					<div class="module-add-to-cart-button-small">
							<button type="button" class="btn btn-secondary btn-add-to-cart " data-auid="add-to-cart-button" data-has-pts-badge="false" aria-label="Add Potato Chips, Sour Cream & Onion to cart">
										<span class="icon-cart"></span>
										<span class="add-to-cart-text">
											Add</span>
									</button>
									<button type="button" class="btn btn-secondary btn-edit-cart hidden " aria-label="Edit Cart">
										<span class="qty-in-cart"></span>
										<span class="edit-cart-text">
											<spring code="product.edit.text" />"
										</span>
									</button>
								<div class="add-list-parent add-list-module  bottom-add-list-module ">
	<button class="btn btn-inline-link btn-save-to-list  dark is-btn-animated"
	  data-login-url="/account/login?productCode=20964325_EA"
	  data-ajax-url="/restful/lists/all?productCode=20964325_EA"
	  data-user-guest="N"
	  data-user-guest="N" data-product-code="20964325_EA"
	  data-delete-item="false"
	  aria-label="Add Potato Chips, Sour Cream & Onion to a List">
	  <span class="glyphicon glyphicon-th-list"></span>
	  <div class="list-cta-text  is-btn-animated">Add to List</div>
	</button>

	<!-- this is the list HTML   -->
	<div class="save-to-list-popup  is-btn-animated animation-up dark"
	  data-save-to-list-error="Can not get lists at this time. Please try again later."
	  data-product-name="Potato Chips, Sour Cream & Onion">
	  <div class="inner-container">
	  </div>

	</div>
</div>

</div>
				</div>
			</div>


	<div class="module-plus-minus-buttons small hidden ">
			<button type="button" class="btn cart-change-qty" data-change-type="minus" data-auid="decrease-product-quantity" alt="Minus" aria-label="Minus">
				<span class="icon-minimize"></span>
			</button>
			<div class="plus-minus-input-wrapper">
				<input class="input-qty cart-change-qty" aria-label="Enter manual quantity" type="text" name="qty" title="Change quantity in cart"
							data-unit-type="ea"
							value="1ea" data-change-type="equals"
							maxlength="7">

						<span class="input-qty-pretty">
							<span class="input-qty-pretty-value">1</span>
							<span class="input-qty-pretty-unit"></span>
						</span>
					</div>

			<button type="button" class="btn cart-change-qty" data-change-type="plus" data-auid="increase-product-quantity" alt="Plus" aria-label="Plus">
				<span class="icon-plus-sign"></span>
			</button>

			<p class="deal-limit-reached hidden">Deal Limit Reached</p>

			<div class="tooltip-qty-error tooltip-qty-limit hidden">
				<p>
					Limit to
					&nbsp;
					999
					&nbsp;each&nbsp;
					per customer.</p>
			</div>
			<div class="tooltip-qty-error tooltip-round-error hidden">
				<p>
					We do not have this in the weight you wanted. We've rounded your order to the nearest weight increment we stock.</p>
			</div>
		</div>
	</form>

<!-- End Template: AddToCartSmall -->

</div>
</div>
																<div class="item content-tile">
















































































<div class="module-grocery-product quickview-simple  clicked" data-quickview-ajax-url="/p/20866820_EA/quickViewProduct" data-product-id="20866820_EA"  data-product-price="$1.88">



		<span class="subtitle"></span>


	<div class="product-page-hotspot">
	    <div class="product-cell quickview-button">
	  	    <div class="product-image ">

	  		    <img src="https://assets.shop.loblaws.ca/products/20866820/b1/en/front/20866820_front_a01.png" onerror="this.src='https://assets.shop.loblaws.ca/products/NoImage/b1/en/front/NoImage_front_a01_@2.png';" alt="World Of Flavours Sriracha Flavour Rippled Potato Chips" />










	  			    <span class="sticker deal">
	  				    <span class="deal-badge">
	  					    <span class="module-deal-badge module-deal-badge-feature flyer expires undefined">
	  						    <span class="deal-type">
								    Flyer<br />
	  							    Item
	  						    </span>









	<span class="deal-expiry">
		Exp. 11/21
	</span>

	  					    </span>
	  				    </span>
	  			    </span>





	  		    <div class="hover-text-container">
	  			    <button href="#" tabindex="0" class="hover-text " aria-label="Quick View for World Of Flavours Sriracha Flavour Rippled Potato Chips.">Quick View</button>
	  		    </div>
	  	    </div>
	    </div>

	    <div class="product-in-cart">
	  	    <div class="wrapper-product-in-cart">
	  		    <span>
	  			    In Cart
	  		    </span>
	  	    </div>
	    </div>

	    <div class="product-info">
	  	    <div class="product-name-wrapper">
	  		    <a href="/Food/Pantry/Chips-%26-Salty-Snacks/Potato-Chips/President%27s-Choice-World-Of-Flavours-Sriracha-Flavour-Rippled-Potato-Chips/p/20866820_EA" class="product-name" aria-label="Product page for World Of Flavours Sriracha Flavour Rippled Potato Chips" >
	  			    <span class="js-product-entry-brand">President's Choice&nbsp;</span>



	  			    <span class="js-product-entry-name">World Of Flavours Sriracha Flavour Rippled Potato Chips</span>

	  			    <span class="js-product-entry-size-detail">(200 g)</span>

	  		    </a>
	  	    </div>











		<span class="ad-match-badge  hidden">Ad Match</span>











	  	    <div class="price">
			    <div class="price-wrapper no-discount  ">
				    <span class="reg-price  " aria-label="Regular Price: $1.88">
					    <span class="reg-price-text">$1.88</span>

					    <sup class="reg-price-unit">ea</sup>
				    </span>
				    <span class="sale-price hidden" aria-label="Sale Price:">
					    <span class="sale-price-text"></span>
					    <sup class="sale-price-unit">ea</sup>
				    </span>

				    <span class="secondary-price hidden">

					    <span class="secondary-price-text" aria-label="Secondary Price:"></span>
				    </span>
			    </div>
	  	    </div>

	  	    <div class="qty">
	  		    <span class="reg-qty  ">



		  		<span class="sr-only">Sale Price Per Unit:</span>
        $0.94
        /
        100
        g


	</span>

	<span class="sale-qty hidden">



		  		<span class="sr-only">Sale Price Per Unit:</span>
        $0.94
        /
        100
        g


	</span>

	<span class="secondary-qty hidden">

	  	<span class="secondary-qty-text"></span>
	</span>
	  	    </div>
	    </div>





	</div>
	<form class="form-product  quickview-btn-simple"
	  data-product-id="20866820_EA"
	  data-min-qty="1.0"
	  data-max-qty="999.0"
	  data-unit-type="ea"
	  data-cart-qty="1"
	  data-default-qty="1"
	  novalidate="novalidate"
	  promoCode=""
	  promoNumber=""
	  data-is-customized="false"
	  data-cart-url="/cart/product/20866820_EA"
	  data-csrf-token="9af9e160-7d7f-4cdf-9627-4f0808aa8853"
	  data-is-weighted-product="false">

	<div class="module-add-to-cart " data-change-type="plus" data-auto-edit="true" data-auto-add="true"
		 data-cart-ajax-url="/cart/updateCart">
		<div class="wrapper-add-to-cart-btn">
					<div class="module-add-to-cart-button-small">
							<button type="button" class="btn btn-secondary btn-add-to-cart " data-auid="add-to-cart-button" data-has-pts-badge="false" aria-label="Add World Of Flavours Sriracha Flavour Rippled Potato Chips to cart">
										<span class="icon-cart"></span>
										<span class="add-to-cart-text">
											Add</span>
									</button>
									<button type="button" class="btn btn-secondary btn-edit-cart hidden " aria-label="Edit Cart">
										<span class="qty-in-cart"></span>
										<span class="edit-cart-text">
											<spring code="product.edit.text" />"
										</span>
									</button>
								<div class="add-list-parent add-list-module  bottom-add-list-module ">
	<button class="btn btn-inline-link btn-save-to-list  dark is-btn-animated"
	  data-login-url="/account/login?productCode=20866820_EA"
	  data-ajax-url="/restful/lists/all?productCode=20866820_EA"
	  data-user-guest="N"
	  data-user-guest="N" data-product-code="20866820_EA"
	  data-delete-item="false"
	  aria-label="Add World Of Flavours Sriracha Flavour Rippled Potato Chips to a List">
	  <span class="glyphicon glyphicon-th-list"></span>
	  <div class="list-cta-text  is-btn-animated">Add to List</div>
	</button>

	<!-- this is the list HTML   -->
	<div class="save-to-list-popup  is-btn-animated animation-up dark"
	  data-save-to-list-error="Can not get lists at this time. Please try again later."
	  data-product-name="World Of Flavours Sriracha Flavour Rippled Potato Chips">
	  <div class="inner-container">
	  </div>

	</div>
</div>

</div>
				</div>
			</div>


	<div class="module-plus-minus-buttons small hidden ">
			<button type="button" class="btn cart-change-qty" data-change-type="minus" data-auid="decrease-product-quantity" alt="Minus" aria-label="Minus">
				<span class="icon-minimize"></span>
			</button>
			<div class="plus-minus-input-wrapper">
				<input class="input-qty cart-change-qty" aria-label="Enter manual quantity" type="text" name="qty" title="Change quantity in cart"
							data-unit-type="ea"
							value="1ea" data-change-type="equals"
							maxlength="7">

						<span class="input-qty-pretty">
							<span class="input-qty-pretty-value">1</span>
							<span class="input-qty-pretty-unit"></span>
						</span>
					</div>

			<button type="button" class="btn cart-change-qty" data-change-type="plus" data-auid="increase-product-quantity" alt="Plus" aria-label="Plus">
				<span class="icon-plus-sign"></span>
			</button>

			<p class="deal-limit-reached hidden">Deal Limit Reached</p>

			<div class="tooltip-qty-error tooltip-qty-limit hidden">
				<p>
					Limit to
					&nbsp;
					999
					&nbsp;each&nbsp;
					per customer.</p>
			</div>
			<div class="tooltip-qty-error tooltip-round-error hidden">
				<p>
					We do not have this in the weight you wanted. We've rounded your order to the nearest weight increment we stock.</p>
			</div>
		</div>
	</form>

<!-- End Template: AddToCartSmall -->

</div>
</div>
																<div class="item content-tile">




















































































<div class="module-grocery-product quickview-simple  clicked" data-quickview-ajax-url="/p/20841921002_EA/quickViewProduct" data-product-id="20841921002_EA"  data-product-price="$1.68">



		<span class="subtitle"></span>


	<div class="product-page-hotspot">
	    <div class="product-cell quickview-button">
	  	    <div class="product-image ">

	  		    <img src="https://assets.shop.loblaws.ca/products/20841921002/b1/en/front/20841921002_front_a01.png" onerror="this.src='https://assets.shop.loblaws.ca/products/NoImage/b1/en/front/NoImage_front_a01_@2.png';" alt="Thick Cut Potato Chips, Sour Cream & Dill" />


	  			        <span class="sticker deal">
	  				        <span class="deal-badge">




	  				            <span class="module-deal-badge module-deal-badge-grid simple-save-unit "
	  						        data-deal-type="SAVE $0.20"
	  						        data-ajax-promo-url="/simpleDeal/deals/product-tile?productCode=20841921002_EA"
	  						        data-deal-id="20841921002_EA">
	  						        <span class="deal-type">SAVE $0.20</span>









	<span class="deal-expiry">
		Exp. 01/03
	</span>


	  				            </span>
	  			            </span>
	  		            </span>













	  		    <div class="hover-text-container">
	  			    <button href="#" tabindex="0" class="hover-text " aria-label="Quick View for Thick Cut Potato Chips, Sour Cream & Dill.">Quick View</button>
	  		    </div>
	  	    </div>
	    </div>

	    <div class="product-in-cart">
	  	    <div class="wrapper-product-in-cart">
	  		    <span>
	  			    In Cart
	  		    </span>
	  	    </div>
	    </div>

	    <div class="product-info">
	  	    <div class="product-name-wrapper">
	  		    <a href="/Food/Pantry/Chips-%26-Salty-Snacks/Potato-Chips/President%27s-Choice-Thick-Cut-Potato-Chips%2C-Sour-Cream-%26-Dill/p/20841921002_EA" class="product-name" aria-label="Product page for Thick Cut Potato Chips, Sour Cream & Dill" >
	  			    <span class="js-product-entry-brand">President's Choice&nbsp;</span>



	  			    <span class="js-product-entry-name">Thick Cut Potato Chips, Sour Cream & Dill</span>

	  			    <span class="js-product-entry-size-detail">(200 g)</span>

	  		    </a>
	  	    </div>











		<span class="ad-match-badge  hidden">Ad Match</span>











	  	    <div class="price">
			    <div class="price-wrapper discount promo-alert ">
				    <span class="reg-price  price-alert" aria-label="Regular Price: $1.68">
					    <span class="reg-price-text">$1.68</span>

					    <sup class="reg-price-unit">ea</sup>
				    </span>
				    <span class="sale-price hidden" aria-label="Sale Price:">
					    <span class="sale-price-text"></span>
					    <sup class="sale-price-unit">ea</sup>
				    </span>

					    <span class="old-price" aria-label="Original Price: $1.88">
						    <span class="old-price-text">$1.88</span>
					    </span>

				    <span class="secondary-price hidden">

					    <span class="secondary-price-text" aria-label="Secondary Price:"></span>
				    </span>
			    </div>
	  	    </div>

	  	    <div class="qty">
	  		    <span class="reg-qty  price-alert">



		  		<span class="sr-only">Sale Price Per Unit:</span>
        $0.84
        /
        100
        g


	</span>

	<span class="sale-qty hidden">



		  		<span class="sr-only">Sale Price Per Unit:</span>
        $0.84
        /
        100
        g


	</span>

	<span class="secondary-qty hidden">

	  	<span class="secondary-qty-text"></span>
	</span>
	  	    </div>
	    </div>





	</div>
	<form class="form-product  quickview-btn-simple"
	  data-product-id="20841921002_EA"
	  data-min-qty="1.0"
	  data-max-qty="999.0"
	  data-unit-type="ea"
	  data-cart-qty="1"
	  data-default-qty="1"
	  novalidate="novalidate"
	  promoCode=""
	  promoNumber=""
	  data-is-customized="false"
	  data-cart-url="/cart/product/20841921002_EA"
	  data-csrf-token="9af9e160-7d7f-4cdf-9627-4f0808aa8853"
	  data-is-weighted-product="false">

	<div class="module-add-to-cart " data-change-type="plus" data-auto-edit="true" data-auto-add="true"
		 data-cart-ajax-url="/cart/updateCart">
		<div class="wrapper-add-to-cart-btn">
					<div class="module-add-to-cart-button-small">
							<button type="button" class="btn btn-secondary btn-add-to-cart " data-auid="add-to-cart-button" data-has-pts-badge="false" aria-label="Add Thick Cut Potato Chips, Sour Cream & Dill to cart">
										<span class="icon-cart"></span>
										<span class="add-to-cart-text">
											Add</span>
									</button>
									<button type="button" class="btn btn-secondary btn-edit-cart hidden " aria-label="Edit Cart">
										<span class="qty-in-cart"></span>
										<span class="edit-cart-text">
											<spring code="product.edit.text" />"
										</span>
									</button>
								<div class="add-list-parent add-list-module  bottom-add-list-module ">
	<button class="btn btn-inline-link btn-save-to-list  dark is-btn-animated"
	  data-login-url="/account/login?productCode=20841921002_EA"
	  data-ajax-url="/restful/lists/all?productCode=20841921002_EA"
	  data-user-guest="N"
	  data-user-guest="N" data-product-code="20841921002_EA"
	  data-delete-item="false"
	  aria-label="Add Thick Cut Potato Chips, Sour Cream & Dill to a List">
	  <span class="glyphicon glyphicon-th-list"></span>
	  <div class="list-cta-text  is-btn-animated">Add to List</div>
	</button>

	<!-- this is the list HTML   -->
	<div class="save-to-list-popup  is-btn-animated animation-up dark"
	  data-save-to-list-error="Can not get lists at this time. Please try again later."
	  data-product-name="Thick Cut Potato Chips, Sour Cream & Dill">
	  <div class="inner-container">
	  </div>

	</div>
</div>

</div>
				</div>
			</div>


	<div class="module-plus-minus-buttons small hidden ">
			<button type="button" class="btn cart-change-qty" data-change-type="minus" data-auid="decrease-product-quantity" alt="Minus" aria-label="Minus">
				<span class="icon-minimize"></span>
			</button>
			<div class="plus-minus-input-wrapper">
				<input class="input-qty cart-change-qty" aria-label="Enter manual quantity" type="text" name="qty" title="Change quantity in cart"
							data-unit-type="ea"
							value="1ea" data-change-type="equals"
							maxlength="7">

						<span class="input-qty-pretty">
							<span class="input-qty-pretty-value">1</span>
							<span class="input-qty-pretty-unit"></span>
						</span>
					</div>

			<button type="button" class="btn cart-change-qty" data-change-type="plus" data-auid="increase-product-quantity" alt="Plus" aria-label="Plus">
				<span class="icon-plus-sign"></span>
			</button>

			<p class="deal-limit-reached hidden">Deal Limit Reached</p>

			<div class="tooltip-qty-error tooltip-qty-limit hidden">
				<p>
					Limit to
					&nbsp;
					999
					&nbsp;each&nbsp;
					per customer.</p>
			</div>
			<div class="tooltip-qty-error tooltip-round-error hidden">
				<p>
					We do not have this in the weight you wanted. We've rounded your order to the nearest weight increment we stock.</p>
			</div>
		</div>
	</form>

<!-- End Template: AddToCartSmall -->

</div>
</div>
																<div class="item content-tile">
















































































<div class="module-grocery-product quickview-simple  clicked" data-quickview-ajax-url="/p/20075252_EA/quickViewProduct" data-product-id="20075252_EA"  data-product-price="$5.98">



		<span class="subtitle"></span>


	<div class="product-page-hotspot">
	    <div class="product-cell quickview-button">
	  	    <div class="product-image ">

	  		    <img src="https://assets.shop.loblaws.ca/products/20075252/b1/en/front/20075252_front_a01.png" onerror="this.src='https://assets.shop.loblaws.ca/products/NoImage/b1/en/front/NoImage_front_a01_@2.png';" alt="Kettle Chips" />













	  		    <div class="hover-text-container">
	  			    <button href="#" tabindex="0" class="hover-text " aria-label="Quick View for Kettle Chips.">Quick View</button>
	  		    </div>
	  	    </div>
	    </div>

	    <div class="product-in-cart">
	  	    <div class="wrapper-product-in-cart">
	  		    <span>
	  			    In Cart
	  		    </span>
	  	    </div>
	    </div>

	    <div class="product-info">
	  	    <div class="product-name-wrapper">
	  		    <a href="/Food/Pantry/Chips-%26-Salty-Snacks/Potato-Chips/PC-Club-Pack-Kettle-Chips/p/20075252_EA" class="product-name" aria-label="Product page for Kettle Chips" >
	  			    <span class="js-product-entry-brand">PC  Club Pack&nbsp;</span>



	  			    <span class="js-product-entry-name">Kettle Chips</span>

	  			    <span class="js-product-entry-size-detail">(907 g)</span>

	  		    </a>
	  	    </div>











		<span class="ad-match-badge  hidden">Ad Match</span>











	  	    <div class="price">
			    <div class="price-wrapper no-discount  ">
				    <span class="reg-price  " aria-label="Regular Price: $5.98">
					    <span class="reg-price-text">$5.98</span>

					    <sup class="reg-price-unit">ea</sup>
				    </span>
				    <span class="sale-price hidden" aria-label="Sale Price:">
					    <span class="sale-price-text"></span>
					    <sup class="sale-price-unit">ea</sup>
				    </span>

				    <span class="secondary-price hidden">

					    <span class="secondary-price-text" aria-label="Secondary Price:"></span>
				    </span>
			    </div>
	  	    </div>

	  	    <div class="qty">
	  		    <span class="reg-qty  ">



		  		<span class="sr-only">Sale Price Per Unit:</span>
        $0.66
        /
        100
        g


	</span>

	<span class="sale-qty hidden">



		  		<span class="sr-only">Sale Price Per Unit:</span>
        $0.66
        /
        100
        g


	</span>

	<span class="secondary-qty hidden">

	  	<span class="secondary-qty-text"></span>
	</span>
	  	    </div>
	    </div>





	</div>
	<form class="form-product  quickview-btn-simple"
	  data-product-id="20075252_EA"
	  data-min-qty="1.0"
	  data-max-qty="999.0"
	  data-unit-type="ea"
	  data-cart-qty="1"
	  data-default-qty="1"
	  novalidate="novalidate"
	  promoCode=""
	  promoNumber=""
	  data-is-customized="false"
	  data-cart-url="/cart/product/20075252_EA"
	  data-csrf-token="9af9e160-7d7f-4cdf-9627-4f0808aa8853"
	  data-is-weighted-product="false">

	<div class="module-add-to-cart " data-change-type="plus" data-auto-edit="true" data-auto-add="true"
		 data-cart-ajax-url="/cart/updateCart">
		<div class="wrapper-add-to-cart-btn">
					<div class="module-add-to-cart-button-small">
							<button type="button" class="btn btn-secondary btn-add-to-cart " data-auid="add-to-cart-button" data-has-pts-badge="false" aria-label="Add Kettle Chips to cart">
										<span class="icon-cart"></span>
										<span class="add-to-cart-text">
											Add</span>
									</button>
									<button type="button" class="btn btn-secondary btn-edit-cart hidden " aria-label="Edit Cart">
										<span class="qty-in-cart"></span>
										<span class="edit-cart-text">
											<spring code="product.edit.text" />"
										</span>
									</button>
								<div class="add-list-parent add-list-module  bottom-add-list-module ">
	<button class="btn btn-inline-link btn-save-to-list  dark is-btn-animated"
	  data-login-url="/account/login?productCode=20075252_EA"
	  data-ajax-url="/restful/lists/all?productCode=20075252_EA"
	  data-user-guest="N"
	  data-user-guest="N" data-product-code="20075252_EA"
	  data-delete-item="false"
	  aria-label="Add Kettle Chips to a List">
	  <span class="glyphicon glyphicon-th-list"></span>
	  <div class="list-cta-text  is-btn-animated">Add to List</div>
	</button>

	<!-- this is the list HTML   -->
	<div class="save-to-list-popup  is-btn-animated animation-up dark"
	  data-save-to-list-error="Can not get lists at this time. Please try again later."
	  data-product-name="Kettle Chips">
	  <div class="inner-container">
	  </div>

	</div>
</div>

</div>
				</div>
			</div>


	<div class="module-plus-minus-buttons small hidden ">
			<button type="button" class="btn cart-change-qty" data-change-type="minus" data-auid="decrease-product-quantity" alt="Minus" aria-label="Minus">
				<span class="icon-minimize"></span>
			</button>
			<div class="plus-minus-input-wrapper">
				<input class="input-qty cart-change-qty" aria-label="Enter manual quantity" type="text" name="qty" title="Change quantity in cart"
							data-unit-type="ea"
							value="1ea" data-change-type="equals"
							maxlength="7">

						<span class="input-qty-pretty">
							<span class="input-qty-pretty-value">1</span>
							<span class="input-qty-pretty-unit"></span>
						</span>
					</div>

			<button type="button" class="btn cart-change-qty" data-change-type="plus" data-auid="increase-product-quantity" alt="Plus" aria-label="Plus">
				<span class="icon-plus-sign"></span>
			</button>

			<p class="deal-limit-reached hidden">Deal Limit Reached</p>

			<div class="tooltip-qty-error tooltip-qty-limit hidden">
				<p>
					Limit to
					&nbsp;
					999
					&nbsp;each&nbsp;
					per customer.</p>
			</div>
			<div class="tooltip-qty-error tooltip-round-error hidden">
				<p>
					We do not have this in the weight you wanted. We've rounded your order to the nearest weight increment we stock.</p>
			</div>
		</div>
	</form>

<!-- End Template: AddToCartSmall -->

</div>
</div>
																<div class="item content-tile">
















































































<div class="module-grocery-product quickview-simple  clicked" data-quickview-ajax-url="/p/20946452_EA/quickViewProduct" data-product-id="20946452_EA"  data-product-price="$1.28">



		<span class="subtitle"></span>


	<div class="product-page-hotspot">
	    <div class="product-cell quickview-button">
	  	    <div class="product-image ">

	  		    <img src="https://assets.shop.loblaws.ca/products/20946452/b1/en/front/20946452_front_a01.png" onerror="this.src='https://assets.shop.loblaws.ca/products/NoImage/b1/en/front/NoImage_front_a01_@2.png';" alt="Potato Crisps, Sour Cream and Onion" />


	  			        <span class="sticker deal">
	  				        <span class="deal-badge">




	  				            <span class="module-deal-badge module-deal-badge-grid simple-save-unit "
	  						        data-deal-type="3 FOR $3.45"
	  						        data-ajax-promo-url="/simpleDeal/deals/product-tile?productCode=20946452_EA"
	  						        data-deal-id="20946452_EA">
	  						        <span class="deal-type">3 FOR $3.45</span>









	<span class="deal-expiry">
		Exp. 12/31
	</span>


	  				            </span>
	  			            </span>
	  		            </span>













	  		    <div class="hover-text-container">
	  			    <button href="#" tabindex="0" class="hover-text " aria-label="Quick View for Potato Crisps, Sour Cream and Onion.">Quick View</button>
	  		    </div>
	  	    </div>
	    </div>

	    <div class="product-in-cart">
	  	    <div class="wrapper-product-in-cart">
	  		    <span>
	  			    In Cart
	  		    </span>
	  	    </div>
	    </div>

	    <div class="product-info">
	  	    <div class="product-name-wrapper">
	  		    <a href="/Food/Pantry/Chips-%26-Salty-Snacks/Potato-Chips/No-Name-Potato-Crisps%2C-Sour-Cream-and-Onion/p/20946452_EA" class="product-name" aria-label="Product page for Potato Crisps, Sour Cream and Onion" >
	  			    <span class="js-product-entry-brand">No Name&nbsp;</span>



	  			    <span class="js-product-entry-name">Potato Crisps, Sour Cream and Onion</span>

	  			    <span class="js-product-entry-size-detail">(142 g)</span>

	  		    </a>
	  	    </div>











		<span class="ad-match-badge  hidden">Ad Match</span>











	  	    <div class="price">
			    <div class="price-wrapper no-discount  ">
				    <span class="reg-price  " aria-label="Regular Price: $1.28">
					    <span class="reg-price-text">$1.28</span>

					    <sup class="reg-price-unit">ea</sup>
				    </span>
				    <span class="sale-price hidden" aria-label="Sale Price:">
					    <span class="sale-price-text"></span>
					    <sup class="sale-price-unit">ea</sup>
				    </span>

				    <span class="secondary-price hidden">

					    <span class="secondary-price-text" aria-label="Secondary Price:"></span>
				    </span>
			    </div>
	  	    </div>

	  	    <div class="qty">
	  		    <span class="reg-qty  ">



		  		<span class="sr-only">Sale Price Per Unit:</span>
        $0.90
        /
        100
        g


	</span>

	<span class="sale-qty hidden">



		  		<span class="sr-only">Sale Price Per Unit:</span>
        $0.90
        /
        100
        g


	</span>

	<span class="secondary-qty hidden">

	  	<span class="secondary-qty-text"></span>
	</span>
	  	    </div>
	    </div>





	</div>
	<form class="form-product  quickview-btn-simple"
	  data-product-id="20946452_EA"
	  data-min-qty="1.0"
	  data-max-qty="999.0"
	  data-unit-type="ea"
	  data-cart-qty="1"
	  data-default-qty="1"
	  novalidate="novalidate"
	  promoCode=""
	  promoNumber=""
	  data-is-customized="false"
	  data-cart-url="/cart/product/20946452_EA"
	  data-csrf-token="9af9e160-7d7f-4cdf-9627-4f0808aa8853"
	  data-is-weighted-product="false">

	<div class="module-add-to-cart " data-change-type="plus" data-auto-edit="true" data-auto-add="true"
		 data-cart-ajax-url="/cart/updateCart">
		<div class="wrapper-add-to-cart-btn">
					<div class="module-add-to-cart-button-small">
							<button type="button" class="btn btn-secondary btn-add-to-cart " data-auid="add-to-cart-button" data-has-pts-badge="false" aria-label="Add Potato Crisps, Sour Cream and Onion to cart">
										<span class="icon-cart"></span>
										<span class="add-to-cart-text">
											Add</span>
									</button>
									<button type="button" class="btn btn-secondary btn-edit-cart hidden " aria-label="Edit Cart">
										<span class="qty-in-cart"></span>
										<span class="edit-cart-text">
											<spring code="product.edit.text" />"
										</span>
									</button>
								<div class="add-list-parent add-list-module  bottom-add-list-module ">
	<button class="btn btn-inline-link btn-save-to-list  dark is-btn-animated"
	  data-login-url="/account/login?productCode=20946452_EA"
	  data-ajax-url="/restful/lists/all?productCode=20946452_EA"
	  data-user-guest="N"
	  data-user-guest="N" data-product-code="20946452_EA"
	  data-delete-item="false"
	  aria-label="Add Potato Crisps, Sour Cream and Onion to a List">
	  <span class="glyphicon glyphicon-th-list"></span>
	  <div class="list-cta-text  is-btn-animated">Add to List</div>
	</button>

	<!-- this is the list HTML   -->
	<div class="save-to-list-popup  is-btn-animated animation-up dark"
	  data-save-to-list-error="Can not get lists at this time. Please try again later."
	  data-product-name="Potato Crisps, Sour Cream and Onion">
	  <div class="inner-container">
	  </div>

	</div>
</div>

</div>
				</div>
			</div>


	<div class="module-plus-minus-buttons small hidden ">
			<button type="button" class="btn cart-change-qty" data-change-type="minus" data-auid="decrease-product-quantity" alt="Minus" aria-label="Minus">
				<span class="icon-minimize"></span>
			</button>
			<div class="plus-minus-input-wrapper">
				<input class="input-qty cart-change-qty" aria-label="Enter manual quantity" type="text" name="qty" title="Change quantity in cart"
							data-unit-type="ea"
							value="1ea" data-change-type="equals"
							maxlength="7">

						<span class="input-qty-pretty">
							<span class="input-qty-pretty-value">1</span>
							<span class="input-qty-pretty-unit"></span>
						</span>
					</div>

			<button type="button" class="btn cart-change-qty" data-change-type="plus" data-auid="increase-product-quantity" alt="Plus" aria-label="Plus">
				<span class="icon-plus-sign"></span>
			</button>

			<p class="deal-limit-reached hidden">Deal Limit Reached</p>

			<div class="tooltip-qty-error tooltip-qty-limit hidden">
				<p>
					Limit to
					&nbsp;
					999
					&nbsp;each&nbsp;
					per customer.</p>
			</div>
			<div class="tooltip-qty-error tooltip-round-error hidden">
				<p>
					We do not have this in the weight you wanted. We've rounded your order to the nearest weight increment we stock.</p>
			</div>
		</div>
	</form>

<!-- End Template: AddToCartSmall -->

</div>
</div>
																<div class="item content-tile">


















































































<div class="module-grocery-product quickview-simple  clicked" data-quickview-ajax-url="/p/21042379_EA/quickViewProduct" data-product-id="21042379_EA"  data-product-price="$2.78">



		<span class="subtitle"></span>


	<div class="product-page-hotspot">
	    <div class="product-cell quickview-button">
	  	    <div class="product-image ">

	  		    <img src="https://assets.shop.loblaws.ca/products/21042379/b1/en/front/21042379_front_a01.png" onerror="this.src='https://assets.shop.loblaws.ca/products/NoImage/b1/en/front/NoImage_front_a01_@2.png';" alt="Poppables Potato Chips, White Cheddar" />


	  			        <span class="sticker deal">
	  				        <span class="deal-badge">




	  				            <span class="module-deal-badge module-deal-badge-grid simple-save-unit "
	  						        data-deal-type="$2.78 LIMIT 4"
	  						        data-ajax-promo-url="/simpleDeal/deals/product-tile?productCode=21042379_EA"
	  						        data-deal-id="21042379_EA">
	  						        <span class="deal-type">$2.78 LIMIT 4</span>









	<span class="deal-expiry">
		Exp. 12/27
	</span>


	  				            </span>
	  			            </span>
	  		            </span>













	  		    <div class="hover-text-container">
	  			    <button href="#" tabindex="0" class="hover-text " aria-label="Quick View for Poppables Potato Chips, White Cheddar.">Quick View</button>
	  		    </div>
	  	    </div>
	    </div>

	    <div class="product-in-cart">
	  	    <div class="wrapper-product-in-cart">
	  		    <span>
	  			    In Cart
	  		    </span>
	  	    </div>
	    </div>

	    <div class="product-info">
	  	    <div class="product-name-wrapper">
	  		    <a href="/Food/Pantry/Chips-%26-Salty-Snacks/Pretzels-%26-Snack-Mixes/Lay%27s-POPPABLES-Poppables-Potato-Chips%2C-White-Cheddar/p/21042379_EA" class="product-name" aria-label="Product page for Poppables Potato Chips, White Cheddar" >
	  			    <span class="js-product-entry-brand">Lay's&nbsp;</span>



	  			    <span class="js-product-entry-name">Poppables Potato Chips, White Cheddar</span>

	  			    <span class="js-product-entry-size-detail">(141 g)</span>

	  		    </a>
	  	    </div>











		<span class="ad-match-badge  hidden">Ad Match</span>











	  	    <div class="price">
			    <div class="price-wrapper no-discount promo-alert ">
				    <span class="reg-price  price-alert" aria-label="Regular Price: $2.78">
					    <span class="reg-price-text">$2.78</span>

					    <sup class="reg-price-unit">ea</sup>
				    </span>
				    <span class="sale-price hidden" aria-label="Sale Price:">
					    <span class="sale-price-text"></span>
					    <sup class="sale-price-unit">ea</sup>
				    </span>

				    <span class="secondary-price hidden">

					    <span class="secondary-price-text" aria-label="Secondary Price:"></span>
				    </span>
			    </div>
	  	    </div>

	  	    <div class="qty">
	  		    <span class="reg-qty  price-alert">



		  		<span class="sr-only">Sale Price Per Unit:</span>
        $1.97
        /
        100
        g


	</span>

	<span class="sale-qty hidden">



		  		<span class="sr-only">Sale Price Per Unit:</span>
        $1.97
        /
        100
        g


	</span>

	<span class="secondary-qty hidden">

	  	<span class="secondary-qty-text"></span>
	</span>
	  	    </div>
	    </div>





	</div>
	<form class="form-product  quickview-btn-simple"
	  data-product-id="21042379_EA"
	  data-min-qty="1.0"
	  data-max-qty="999.0"
	  data-unit-type="ea"
	  data-cart-qty="1"
	  data-default-qty="1"
	  novalidate="novalidate"
	  promoCode=""
	  promoNumber=""
	  data-is-customized="false"
	  data-cart-url="/cart/product/21042379_EA"
	  data-csrf-token="9af9e160-7d7f-4cdf-9627-4f0808aa8853"
	  data-is-weighted-product="false">

	<div class="module-add-to-cart " data-change-type="plus" data-auto-edit="true" data-auto-add="true"
		 data-cart-ajax-url="/cart/updateCart">
		<div class="wrapper-add-to-cart-btn">
					<div class="module-add-to-cart-button-small">
							<button type="button" class="btn btn-secondary btn-add-to-cart " data-auid="add-to-cart-button" data-has-pts-badge="false" aria-label="Add Poppables Potato Chips, White Cheddar to cart">
										<span class="icon-cart"></span>
										<span class="add-to-cart-text">
											Add</span>
									</button>
									<button type="button" class="btn btn-secondary btn-edit-cart hidden " aria-label="Edit Cart">
										<span class="qty-in-cart"></span>
										<span class="edit-cart-text">
											<spring code="product.edit.text" />"
										</span>
									</button>
								<div class="add-list-parent add-list-module  bottom-add-list-module ">
	<button class="btn btn-inline-link btn-save-to-list  dark is-btn-animated"
	  data-login-url="/account/login?productCode=21042379_EA"
	  data-ajax-url="/restful/lists/all?productCode=21042379_EA"
	  data-user-guest="N"
	  data-user-guest="N" data-product-code="21042379_EA"
	  data-delete-item="false"
	  aria-label="Add Poppables Potato Chips, White Cheddar to a List">
	  <span class="glyphicon glyphicon-th-list"></span>
	  <div class="list-cta-text  is-btn-animated">Add to List</div>
	</button>

	<!-- this is the list HTML   -->
	<div class="save-to-list-popup  is-btn-animated animation-up dark"
	  data-save-to-list-error="Can not get lists at this time. Please try again later."
	  data-product-name="Poppables Potato Chips, White Cheddar">
	  <div class="inner-container">
	  </div>

	</div>
</div>

</div>
				</div>
			</div>


	<div class="module-plus-minus-buttons small hidden ">
			<button type="button" class="btn cart-change-qty" data-change-type="minus" data-auid="decrease-product-quantity" alt="Minus" aria-label="Minus">
				<span class="icon-minimize"></span>
			</button>
			<div class="plus-minus-input-wrapper">
				<input class="input-qty cart-change-qty" aria-label="Enter manual quantity" type="text" name="qty" title="Change quantity in cart"
							data-unit-type="ea"
							value="1ea" data-change-type="equals"
							maxlength="7">

						<span class="input-qty-pretty">
							<span class="input-qty-pretty-value">1</span>
							<span class="input-qty-pretty-unit"></span>
						</span>
					</div>

			<button type="button" class="btn cart-change-qty" data-change-type="plus" data-auid="increase-product-quantity" alt="Plus" aria-label="Plus">
				<span class="icon-plus-sign"></span>
			</button>

			<p class="deal-limit-reached hidden">Deal Limit Reached</p>

			<div class="tooltip-qty-error tooltip-qty-limit hidden">
				<p>
					Limit to
					&nbsp;
					999
					&nbsp;each&nbsp;
					per customer.</p>
			</div>
			<div class="tooltip-qty-error tooltip-round-error hidden">
				<p>
					We do not have this in the weight you wanted. We've rounded your order to the nearest weight increment we stock.</p>
			</div>
		</div>
	</form>

<!-- End Template: AddToCartSmall -->

</div>
</div>
																<div class="item content-tile">


















































































<div class="module-grocery-product quickview-simple  clicked" data-quickview-ajax-url="/p/21084980_EA/quickViewProduct" data-product-id="21084980_EA"  data-product-price="$2.78">



		<span class="subtitle"></span>


	<div class="product-page-hotspot">
	    <div class="product-cell quickview-button">
	  	    <div class="product-image ">

	  		    <img src="https://assets.shop.loblaws.ca/products/21084980/b1/en/front/21084980_front_a01.png" onerror="this.src='https://assets.shop.loblaws.ca/products/NoImage/b1/en/front/NoImage_front_a01_@2.png';" alt="Poppables Snacks, Honey BBQ" />


	  			        <span class="sticker deal">
	  				        <span class="deal-badge">




	  				            <span class="module-deal-badge module-deal-badge-grid simple-save-unit "
	  						        data-deal-type="$2.78 LIMIT 4"
	  						        data-ajax-promo-url="/simpleDeal/deals/product-tile?productCode=21084980_EA"
	  						        data-deal-id="21084980_EA">
	  						        <span class="deal-type">$2.78 LIMIT 4</span>









	<span class="deal-expiry">
		Exp. 12/27
	</span>


	  				            </span>
	  			            </span>
	  		            </span>













	  		    <div class="hover-text-container">
	  			    <button href="#" tabindex="0" class="hover-text " aria-label="Quick View for Poppables Snacks, Honey BBQ.">Quick View</button>
	  		    </div>
	  	    </div>
	    </div>

	    <div class="product-in-cart">
	  	    <div class="wrapper-product-in-cart">
	  		    <span>
	  			    In Cart
	  		    </span>
	  	    </div>
	    </div>

	    <div class="product-info">
	  	    <div class="product-name-wrapper">
	  		    <a href="/Food/Pantry/Chips-%26-Salty-Snacks/Potato-Chips/Lay%27s-Poppables-Snacks%2C-Honey-BBQ/p/21084980_EA" class="product-name" aria-label="Product page for Poppables Snacks, Honey BBQ" >
	  			    <span class="js-product-entry-brand">Lay's&nbsp;</span>



	  			    <span class="js-product-entry-name">Poppables Snacks, Honey BBQ</span>

	  			    <span class="js-product-entry-size-detail">(141 g)</span>

	  		    </a>
	  	    </div>











		<span class="ad-match-badge  hidden">Ad Match</span>











	  	    <div class="price">
			    <div class="price-wrapper no-discount promo-alert ">
				    <span class="reg-price  price-alert" aria-label="Regular Price: $2.78">
					    <span class="reg-price-text">$2.78</span>

					    <sup class="reg-price-unit">ea</sup>
				    </span>
				    <span class="sale-price hidden" aria-label="Sale Price:">
					    <span class="sale-price-text"></span>
					    <sup class="sale-price-unit">ea</sup>
				    </span>

				    <span class="secondary-price hidden">

					    <span class="secondary-price-text" aria-label="Secondary Price:"></span>
				    </span>
			    </div>
	  	    </div>

	  	    <div class="qty">
	  		    <span class="reg-qty  price-alert">



		  		<span class="sr-only">Sale Price Per Unit:</span>
        $1.97
        /
        100
        g


	</span>

	<span class="sale-qty hidden">



		  		<span class="sr-only">Sale Price Per Unit:</span>
        $1.97
        /
        100
        g


	</span>

	<span class="secondary-qty hidden">

	  	<span class="secondary-qty-text"></span>
	</span>
	  	    </div>
	    </div>





	</div>
	<form class="form-product  quickview-btn-simple"
	  data-product-id="21084980_EA"
	  data-min-qty="1.0"
	  data-max-qty="999.0"
	  data-unit-type="ea"
	  data-cart-qty="1"
	  data-default-qty="1"
	  novalidate="novalidate"
	  promoCode=""
	  promoNumber=""
	  data-is-customized="false"
	  data-cart-url="/cart/product/21084980_EA"
	  data-csrf-token="9af9e160-7d7f-4cdf-9627-4f0808aa8853"
	  data-is-weighted-product="false">

	<div class="module-add-to-cart " data-change-type="plus" data-auto-edit="true" data-auto-add="true"
		 data-cart-ajax-url="/cart/updateCart">
		<div class="wrapper-add-to-cart-btn">
					<div class="module-add-to-cart-button-small">
							<button type="button" class="btn btn-secondary btn-add-to-cart " data-auid="add-to-cart-button" data-has-pts-badge="false" aria-label="Add Poppables Snacks, Honey BBQ to cart">
										<span class="icon-cart"></span>
										<span class="add-to-cart-text">
											Add</span>
									</button>
									<button type="button" class="btn btn-secondary btn-edit-cart hidden " aria-label="Edit Cart">
										<span class="qty-in-cart"></span>
										<span class="edit-cart-text">
											<spring code="product.edit.text" />"
										</span>
									</button>
								<div class="add-list-parent add-list-module  bottom-add-list-module ">
	<button class="btn btn-inline-link btn-save-to-list  dark is-btn-animated"
	  data-login-url="/account/login?productCode=21084980_EA"
	  data-ajax-url="/restful/lists/all?productCode=21084980_EA"
	  data-user-guest="N"
	  data-user-guest="N" data-product-code="21084980_EA"
	  data-delete-item="false"
	  aria-label="Add Poppables Snacks, Honey BBQ to a List">
	  <span class="glyphicon glyphicon-th-list"></span>
	  <div class="list-cta-text  is-btn-animated">Add to List</div>
	</button>

	<!-- this is the list HTML   -->
	<div class="save-to-list-popup  is-btn-animated animation-up dark"
	  data-save-to-list-error="Can not get lists at this time. Please try again later."
	  data-product-name="Poppables Snacks, Honey BBQ">
	  <div class="inner-container">
	  </div>

	</div>
</div>

</div>
				</div>
			</div>


	<div class="module-plus-minus-buttons small hidden ">
			<button type="button" class="btn cart-change-qty" data-change-type="minus" data-auid="decrease-product-quantity" alt="Minus" aria-label="Minus">
				<span class="icon-minimize"></span>
			</button>
			<div class="plus-minus-input-wrapper">
				<input class="input-qty cart-change-qty" aria-label="Enter manual quantity" type="text" name="qty" title="Change quantity in cart"
							data-unit-type="ea"
							value="1ea" data-change-type="equals"
							maxlength="7">

						<span class="input-qty-pretty">
							<span class="input-qty-pretty-value">1</span>
							<span class="input-qty-pretty-unit"></span>
						</span>
					</div>

			<button type="button" class="btn cart-change-qty" data-change-type="plus" data-auid="increase-product-quantity" alt="Plus" aria-label="Plus">
				<span class="icon-plus-sign"></span>
			</button>

			<p class="deal-limit-reached hidden">Deal Limit Reached</p>

			<div class="tooltip-qty-error tooltip-qty-limit hidden">
				<p>
					Limit to
					&nbsp;
					999
					&nbsp;each&nbsp;
					per customer.</p>
			</div>
			<div class="tooltip-qty-error tooltip-round-error hidden">
				<p>
					We do not have this in the weight you wanted. We've rounded your order to the nearest weight increment we stock.</p>
			</div>
		</div>
	</form>

<!-- End Template: AddToCartSmall -->

</div>
</div>
																<div class="item content-tile">
















































































<div class="module-grocery-product quickview-simple  clicked" data-quickview-ajax-url="/p/20797380004_EA/quickViewProduct" data-product-id="20797380004_EA"  data-product-price="$1.69">



		<span class="subtitle"></span>


	<div class="product-page-hotspot">
	    <div class="product-cell quickview-button">
	  	    <div class="product-image ">

	  		    <img src="https://assets.shop.loblaws.ca/products/20797380004/b1/en/front/20797380004_front_a01.png" onerror="this.src='https://assets.shop.loblaws.ca/products/NoImage/b1/en/front/NoImage_front_a01_@2.png';" alt="Tortilla Chips, Nacho Cheese" />













	  		    <div class="hover-text-container">
	  			    <button href="#" tabindex="0" class="hover-text " aria-label="Quick View for Tortilla Chips, Nacho Cheese.">Quick View</button>
	  		    </div>
	  	    </div>
	    </div>

	    <div class="product-in-cart">
	  	    <div class="wrapper-product-in-cart">
	  		    <span>
	  			    In Cart
	  		    </span>
	  	    </div>
	    </div>

	    <div class="product-info">
	  	    <div class="product-name-wrapper">
	  		    <a href="/Food/Pantry/Chips-%26-Salty-Snacks/Potato-Chips/Tortilla-Chips%2C-Nacho-Cheese/p/20797380004_EA" class="product-name" aria-label="Product page for Tortilla Chips, Nacho Cheese" >
	  			    <span class="js-product-entry-brand">Doritos&nbsp;</span>



	  			    <span class="js-product-entry-name">Tortilla Chips, Nacho Cheese</span>

	  			    <span class="js-product-entry-size-detail">(80 g)</span>

	  		    </a>
	  	    </div>











		<span class="ad-match-badge  hidden">Ad Match</span>











	  	    <div class="price">
			    <div class="price-wrapper no-discount  ">
				    <span class="reg-price  " aria-label="Regular Price: $1.69">
					    <span class="reg-price-text">$1.69</span>

					    <sup class="reg-price-unit">ea</sup>
				    </span>
				    <span class="sale-price hidden" aria-label="Sale Price:">
					    <span class="sale-price-text"></span>
					    <sup class="sale-price-unit">ea</sup>
				    </span>

				    <span class="secondary-price hidden">

					    <span class="secondary-price-text" aria-label="Secondary Price:"></span>
				    </span>
			    </div>
	  	    </div>

	  	    <div class="qty">
	  		    <span class="reg-qty  ">



		  		<span class="sr-only">Sale Price Per Unit:</span>
        $2.11
        /
        100
        g


	</span>

	<span class="sale-qty hidden">



		  		<span class="sr-only">Sale Price Per Unit:</span>
        $2.11
        /
        100
        g


	</span>

	<span class="secondary-qty hidden">

	  	<span class="secondary-qty-text"></span>
	</span>
	  	    </div>
	    </div>





	</div>
	<form class="form-product  quickview-btn-simple"
	  data-product-id="20797380004_EA"
	  data-min-qty="1.0"
	  data-max-qty="999.0"
	  data-unit-type="ea"
	  data-cart-qty="1"
	  data-default-qty="1"
	  novalidate="novalidate"
	  promoCode=""
	  promoNumber=""
	  data-is-customized="false"
	  data-cart-url="/cart/product/20797380004_EA"
	  data-csrf-token="9af9e160-7d7f-4cdf-9627-4f0808aa8853"
	  data-is-weighted-product="false">

	<div class="module-add-to-cart " data-change-type="plus" data-auto-edit="true" data-auto-add="true"
		 data-cart-ajax-url="/cart/updateCart">
		<div class="wrapper-add-to-cart-btn">
					<div class="module-add-to-cart-button-small">
							<button type="button" class="btn btn-secondary btn-add-to-cart " data-auid="add-to-cart-button" data-has-pts-badge="false" aria-label="Add Tortilla Chips, Nacho Cheese to cart">
										<span class="icon-cart"></span>
										<span class="add-to-cart-text">
											Add</span>
									</button>
									<button type="button" class="btn btn-secondary btn-edit-cart hidden " aria-label="Edit Cart">
										<span class="qty-in-cart"></span>
										<span class="edit-cart-text">
											<spring code="product.edit.text" />"
										</span>
									</button>
								<div class="add-list-parent add-list-module  bottom-add-list-module ">
	<button class="btn btn-inline-link btn-save-to-list  dark is-btn-animated"
	  data-login-url="/account/login?productCode=20797380004_EA"
	  data-ajax-url="/restful/lists/all?productCode=20797380004_EA"
	  data-user-guest="N"
	  data-user-guest="N" data-product-code="20797380004_EA"
	  data-delete-item="false"
	  aria-label="Add Tortilla Chips, Nacho Cheese to a List">
	  <span class="glyphicon glyphicon-th-list"></span>
	  <div class="list-cta-text  is-btn-animated">Add to List</div>
	</button>

	<!-- this is the list HTML   -->
	<div class="save-to-list-popup  is-btn-animated animation-up dark"
	  data-save-to-list-error="Can not get lists at this time. Please try again later."
	  data-product-name="Tortilla Chips, Nacho Cheese">
	  <div class="inner-container">
	  </div>

	</div>
</div>

</div>
				</div>
			</div>


	<div class="module-plus-minus-buttons small hidden ">
			<button type="button" class="btn cart-change-qty" data-change-type="minus" data-auid="decrease-product-quantity" alt="Minus" aria-label="Minus">
				<span class="icon-minimize"></span>
			</button>
			<div class="plus-minus-input-wrapper">
				<input class="input-qty cart-change-qty" aria-label="Enter manual quantity" type="text" name="qty" title="Change quantity in cart"
							data-unit-type="ea"
							value="1ea" data-change-type="equals"
							maxlength="7">

						<span class="input-qty-pretty">
							<span class="input-qty-pretty-value">1</span>
							<span class="input-qty-pretty-unit"></span>
						</span>
					</div>

			<button type="button" class="btn cart-change-qty" data-change-type="plus" data-auid="increase-product-quantity" alt="Plus" aria-label="Plus">
				<span class="icon-plus-sign"></span>
			</button>

			<p class="deal-limit-reached hidden">Deal Limit Reached</p>

			<div class="tooltip-qty-error tooltip-qty-limit hidden">
				<p>
					Limit to
					&nbsp;
					999
					&nbsp;each&nbsp;
					per customer.</p>
			</div>
			<div class="tooltip-qty-error tooltip-round-error hidden">
				<p>
					We do not have this in the weight you wanted. We've rounded your order to the nearest weight increment we stock.</p>
			</div>
		</div>
	</form>

<!-- End Template: AddToCartSmall -->

</div>
</div>
																<div class="item content-tile">
















































































<div class="module-grocery-product quickview-simple  clicked" data-quickview-ajax-url="/p/21050578_EA/quickViewProduct" data-product-id="21050578_EA"  data-product-price="$2.97">



		<span class="subtitle"></span>


	<div class="product-page-hotspot">
	    <div class="product-cell quickview-button">
	  	    <div class="product-image ">

	  		    <img src="https://assets.shop.loblaws.ca/products/21050578/b1/en/front/21050578_front_a01.png" onerror="this.src='https://assets.shop.loblaws.ca/products/NoImage/b1/en/front/NoImage_front_a01_@2.png';" alt="Tortilla Chips, Multigrain" />


	  			        <span class="sticker deal">
	  				        <span class="deal-badge">




	  				            <span class="module-deal-badge module-deal-badge-grid simple-save-unit "
	  						        data-deal-type="4 FOR $10.00"
	  						        data-ajax-promo-url="/simpleDeal/deals/product-tile?productCode=21050578_EA"
	  						        data-deal-id="21050578_EA">
	  						        <span class="deal-type">4 FOR $10.00</span>









	<span class="deal-expiry">
		Exp. 11/21
	</span>


	  				            </span>
	  			            </span>
	  		            </span>













	  		    <div class="hover-text-container">
	  			    <button href="#" tabindex="0" class="hover-text " aria-label="Quick View for Tortilla Chips, Multigrain.">Quick View</button>
	  		    </div>
	  	    </div>
	    </div>

	    <div class="product-in-cart">
	  	    <div class="wrapper-product-in-cart">
	  		    <span>
	  			    In Cart
	  		    </span>
	  	    </div>
	    </div>

	    <div class="product-info">
	  	    <div class="product-name-wrapper">
	  		    <a href="/Food/Holiday/Appetizers/Chips-%26-Dips/Tostitos-Tortilla-Chips%2C-Multigrain/p/21050578_EA" class="product-name" aria-label="Product page for Tortilla Chips, Multigrain" >
	  			    <span class="js-product-entry-brand">Tostitos&nbsp;</span>



	  			    <span class="js-product-entry-name">Tortilla Chips, Multigrain</span>

	  			    <span class="js-product-entry-size-detail">(270 g)</span>

	  		    </a>
	  	    </div>











		<span class="ad-match-badge  hidden">Ad Match</span>











	  	    <div class="price">
			    <div class="price-wrapper no-discount  ">
				    <span class="reg-price  " aria-label="Regular Price: $2.97">
					    <span class="reg-price-text">$2.97</span>

					    <sup class="reg-price-unit">ea</sup>
				    </span>
				    <span class="sale-price hidden" aria-label="Sale Price:">
					    <span class="sale-price-text"></span>
					    <sup class="sale-price-unit">ea</sup>
				    </span>

				    <span class="secondary-price hidden">

					    <span class="secondary-price-text" aria-label="Secondary Price:"></span>
				    </span>
			    </div>
	  	    </div>

	  	    <div class="qty">
	  		    <span class="reg-qty  ">



		  		<span class="sr-only">Sale Price Per Unit:</span>
        $1.10
        /
        100
        g


	</span>

	<span class="sale-qty hidden">



		  		<span class="sr-only">Sale Price Per Unit:</span>
        $1.10
        /
        100
        g


	</span>

	<span class="secondary-qty hidden">

	  	<span class="secondary-qty-text"></span>
	</span>
	  	    </div>
	    </div>





	</div>
	<form class="form-product  quickview-btn-simple"
	  data-product-id="21050578_EA"
	  data-min-qty="1.0"
	  data-max-qty="999.0"
	  data-unit-type="ea"
	  data-cart-qty="1"
	  data-default-qty="1"
	  novalidate="novalidate"
	  promoCode=""
	  promoNumber=""
	  data-is-customized="false"
	  data-cart-url="/cart/product/21050578_EA"
	  data-csrf-token="9af9e160-7d7f-4cdf-9627-4f0808aa8853"
	  data-is-weighted-product="false">

	<div class="module-add-to-cart " data-change-type="plus" data-auto-edit="true" data-auto-add="true"
		 data-cart-ajax-url="/cart/updateCart">
		<div class="wrapper-add-to-cart-btn">
					<div class="module-add-to-cart-button-small">
							<button type="button" class="btn btn-secondary btn-add-to-cart " data-auid="add-to-cart-button" data-has-pts-badge="false" aria-label="Add Tortilla Chips, Multigrain to cart">
										<span class="icon-cart"></span>
										<span class="add-to-cart-text">
											Add</span>
									</button>
									<button type="button" class="btn btn-secondary btn-edit-cart hidden " aria-label="Edit Cart">
										<span class="qty-in-cart"></span>
										<span class="edit-cart-text">
											<spring code="product.edit.text" />"
										</span>
									</button>
								<div class="add-list-parent add-list-module  bottom-add-list-module ">
	<button class="btn btn-inline-link btn-save-to-list  dark is-btn-animated"
	  data-login-url="/account/login?productCode=21050578_EA"
	  data-ajax-url="/restful/lists/all?productCode=21050578_EA"
	  data-user-guest="N"
	  data-user-guest="N" data-product-code="21050578_EA"
	  data-delete-item="false"
	  aria-label="Add Tortilla Chips, Multigrain to a List">
	  <span class="glyphicon glyphicon-th-list"></span>
	  <div class="list-cta-text  is-btn-animated">Add to List</div>
	</button>

	<!-- this is the list HTML   -->
	<div class="save-to-list-popup  is-btn-animated animation-up dark"
	  data-save-to-list-error="Can not get lists at this time. Please try again later."
	  data-product-name="Tortilla Chips, Multigrain">
	  <div class="inner-container">
	  </div>

	</div>
</div>

</div>
				</div>
			</div>


	<div class="module-plus-minus-buttons small hidden ">
			<button type="button" class="btn cart-change-qty" data-change-type="minus" data-auid="decrease-product-quantity" alt="Minus" aria-label="Minus">
				<span class="icon-minimize"></span>
			</button>
			<div class="plus-minus-input-wrapper">
				<input class="input-qty cart-change-qty" aria-label="Enter manual quantity" type="text" name="qty" title="Change quantity in cart"
							data-unit-type="ea"
							value="1ea" data-change-type="equals"
							maxlength="7">

						<span class="input-qty-pretty">
							<span class="input-qty-pretty-value">1</span>
							<span class="input-qty-pretty-unit"></span>
						</span>
					</div>

			<button type="button" class="btn cart-change-qty" data-change-type="plus" data-auid="increase-product-quantity" alt="Plus" aria-label="Plus">
				<span class="icon-plus-sign"></span>
			</button>

			<p class="deal-limit-reached hidden">Deal Limit Reached</p>

			<div class="tooltip-qty-error tooltip-qty-limit hidden">
				<p>
					Limit to
					&nbsp;
					999
					&nbsp;each&nbsp;
					per customer.</p>
			</div>
			<div class="tooltip-qty-error tooltip-round-error hidden">
				<p>
					We do not have this in the weight you wanted. We've rounded your order to the nearest weight increment we stock.</p>
			</div>
		</div>
	</form>

<!-- End Template: AddToCartSmall -->

</div>
</div>
																<div class="item content-tile">




















































































<div class="module-grocery-product quickview-simple  clicked" data-quickview-ajax-url="/p/21006916_EA/quickViewProduct" data-product-id="21006916_EA"  data-product-price="$1.67">



		<span class="subtitle"></span>


	<div class="product-page-hotspot">
	    <div class="product-cell quickview-button">
	  	    <div class="product-image ">

	  		    <img src="https://assets.shop.loblaws.ca/products/21006916/b1/en/front/21006916_front_a01.png" onerror="this.src='https://assets.shop.loblaws.ca/products/NoImage/b1/en/front/NoImage_front_a01_@2.png';" alt="Cheddar Cheese Flavour Potato Chips" />


	  			        <span class="sticker deal">
	  				        <span class="deal-badge">




	  				            <span class="module-deal-badge module-deal-badge-grid simple-save-unit "
	  						        data-deal-type="SAVE $0.71"
	  						        data-ajax-promo-url="/simpleDeal/deals/product-tile?productCode=21006916_EA"
	  						        data-deal-id="21006916_EA">
	  						        <span class="deal-type">SAVE $0.71</span>









	<span class="deal-expiry">
		Exp. 11/22
	</span>


	  				            </span>
	  			            </span>
	  		            </span>













	  		    <div class="hover-text-container">
	  			    <button href="#" tabindex="0" class="hover-text " aria-label="Quick View for Cheddar Cheese Flavour Potato Chips.">Quick View</button>
	  		    </div>
	  	    </div>
	    </div>

	    <div class="product-in-cart">
	  	    <div class="wrapper-product-in-cart">
	  		    <span>
	  			    In Cart
	  		    </span>
	  	    </div>
	    </div>

	    <div class="product-info">
	  	    <div class="product-name-wrapper">
	  		    <a href="/Food/Pantry/Chips-%26-Salty-Snacks/Potato-Chips/Pringles-Cheddar-Cheese-Flavour-Potato-Chips/p/21006916_EA" class="product-name" aria-label="Product page for Cheddar Cheese Flavour Potato Chips" >
	  			    <span class="js-product-entry-brand">Pringles&nbsp;</span>



	  			    <span class="js-product-entry-name">Cheddar Cheese Flavour Potato Chips</span>

	  			    <span class="js-product-entry-size-detail">(156 g)</span>

	  		    </a>
	  	    </div>











		<span class="ad-match-badge  hidden">Ad Match</span>











	  	    <div class="price">
			    <div class="price-wrapper discount promo-alert ">
				    <span class="reg-price  price-alert" aria-label="Regular Price: $1.67">
					    <span class="reg-price-text">$1.67</span>

					    <sup class="reg-price-unit">ea</sup>
				    </span>
				    <span class="sale-price hidden" aria-label="Sale Price:">
					    <span class="sale-price-text"></span>
					    <sup class="sale-price-unit">ea</sup>
				    </span>

					    <span class="old-price" aria-label="Original Price: $2.38">
						    <span class="old-price-text">$2.38</span>
					    </span>

				    <span class="secondary-price hidden">

					    <span class="secondary-price-text" aria-label="Secondary Price:"></span>
				    </span>
			    </div>
	  	    </div>

	  	    <div class="qty">
	  		    <span class="reg-qty  price-alert">



		  		<span class="sr-only">Sale Price Per Unit:</span>
        $1.07
        /
        100
        g


	</span>

	<span class="sale-qty hidden">



		  		<span class="sr-only">Sale Price Per Unit:</span>
        $1.07
        /
        100
        g


	</span>

	<span class="secondary-qty hidden">

	  	<span class="secondary-qty-text"></span>
	</span>
	  	    </div>
	    </div>





	</div>
	<form class="form-product  quickview-btn-simple"
	  data-product-id="21006916_EA"
	  data-min-qty="1.0"
	  data-max-qty="999.0"
	  data-unit-type="ea"
	  data-cart-qty="1"
	  data-default-qty="1"
	  novalidate="novalidate"
	  promoCode=""
	  promoNumber=""
	  data-is-customized="false"
	  data-cart-url="/cart/product/21006916_EA"
	  data-csrf-token="9af9e160-7d7f-4cdf-9627-4f0808aa8853"
	  data-is-weighted-product="false">

	<div class="module-add-to-cart " data-change-type="plus" data-auto-edit="true" data-auto-add="true"
		 data-cart-ajax-url="/cart/updateCart">
		<div class="wrapper-add-to-cart-btn">
					<div class="module-add-to-cart-button-small">
							<button type="button" class="btn btn-secondary btn-add-to-cart " data-auid="add-to-cart-button" data-has-pts-badge="false" aria-label="Add Cheddar Cheese Flavour Potato Chips to cart">
										<span class="icon-cart"></span>
										<span class="add-to-cart-text">
											Add</span>
									</button>
									<button type="button" class="btn btn-secondary btn-edit-cart hidden " aria-label="Edit Cart">
										<span class="qty-in-cart"></span>
										<span class="edit-cart-text">
											<spring code="product.edit.text" />"
										</span>
									</button>
								<div class="add-list-parent add-list-module  bottom-add-list-module ">
	<button class="btn btn-inline-link btn-save-to-list  dark is-btn-animated"
	  data-login-url="/account/login?productCode=21006916_EA"
	  data-ajax-url="/restful/lists/all?productCode=21006916_EA"
	  data-user-guest="N"
	  data-user-guest="N" data-product-code="21006916_EA"
	  data-delete-item="false"
	  aria-label="Add Cheddar Cheese Flavour Potato Chips to a List">
	  <span class="glyphicon glyphicon-th-list"></span>
	  <div class="list-cta-text  is-btn-animated">Add to List</div>
	</button>

	<!-- this is the list HTML   -->
	<div class="save-to-list-popup  is-btn-animated animation-up dark"
	  data-save-to-list-error="Can not get lists at this time. Please try again later."
	  data-product-name="Cheddar Cheese Flavour Potato Chips">
	  <div class="inner-container">
	  </div>

	</div>
</div>

</div>
				</div>
			</div>


	<div class="module-plus-minus-buttons small hidden ">
			<button type="button" class="btn cart-change-qty" data-change-type="minus" data-auid="decrease-product-quantity" alt="Minus" aria-label="Minus">
				<span class="icon-minimize"></span>
			</button>
			<div class="plus-minus-input-wrapper">
				<input class="input-qty cart-change-qty" aria-label="Enter manual quantity" type="text" name="qty" title="Change quantity in cart"
							data-unit-type="ea"
							value="1ea" data-change-type="equals"
							maxlength="7">

						<span class="input-qty-pretty">
							<span class="input-qty-pretty-value">1</span>
							<span class="input-qty-pretty-unit"></span>
						</span>
					</div>

			<button type="button" class="btn cart-change-qty" data-change-type="plus" data-auid="increase-product-quantity" alt="Plus" aria-label="Plus">
				<span class="icon-plus-sign"></span>
			</button>

			<p class="deal-limit-reached hidden">Deal Limit Reached</p>

			<div class="tooltip-qty-error tooltip-qty-limit hidden">
				<p>
					Limit to
					&nbsp;
					999
					&nbsp;each&nbsp;
					per customer.</p>
			</div>
			<div class="tooltip-qty-error tooltip-round-error hidden">
				<p>
					We do not have this in the weight you wanted. We've rounded your order to the nearest weight increment we stock.</p>
			</div>
		</div>
	</form>

<!-- End Template: AddToCartSmall -->

</div>
</div>
																<div class="item content-tile">
















































































<div class="module-grocery-product quickview-simple  clicked" data-quickview-ajax-url="/p/20699207001_EA/quickViewProduct" data-product-id="20699207001_EA"  data-product-price="$3.28">



		<span class="subtitle"></span>


	<div class="product-page-hotspot">
	    <div class="product-cell quickview-button">
	  	    <div class="product-image ">

	  		    <img src="https://assets.shop.loblaws.ca/products/20699207001/b1/en/front/20699207001_front_a01.png" onerror="this.src='https://assets.shop.loblaws.ca/products/NoImage/b1/en/front/NoImage_front_a01_@2.png';" alt="Potato Chips, Maple Bacon" />


	  			        <span class="sticker deal">
	  				        <span class="deal-badge">




	  				            <span class="module-deal-badge module-deal-badge-grid simple-save-unit "
	  						        data-deal-type="2 FOR $6.00"
	  						        data-ajax-promo-url="/simpleDeal/deals/product-tile?productCode=20699207001_EA"
	  						        data-deal-id="20699207001_EA">
	  						        <span class="deal-type">2 FOR $6.00</span>









	<span class="deal-expiry">
		Exp. 05/13
	</span>


	  				            </span>
	  			            </span>
	  		            </span>













	  		    <div class="hover-text-container">
	  			    <button href="#" tabindex="0" class="hover-text " aria-label="Quick View for Potato Chips, Maple Bacon.">Quick View</button>
	  		    </div>
	  	    </div>
	    </div>

	    <div class="product-in-cart">
	  	    <div class="wrapper-product-in-cart">
	  		    <span>
	  			    In Cart
	  		    </span>
	  	    </div>
	    </div>

	    <div class="product-info">
	  	    <div class="product-name-wrapper">
	  		    <a href="/Food/Natural-%26-Organic/Pantry/Snacks-%26-Candy/Potato-Chips%2C-Maple-Bacon/p/20699207001_EA" class="product-name" aria-label="Product page for Potato Chips, Maple Bacon" >
	  			    <span class="js-product-entry-brand">Kettle&nbsp;</span>



	  			    <span class="js-product-entry-name">Potato Chips, Maple Bacon</span>

	  			    <span class="js-product-entry-size-detail">(220 g)</span>

	  		    </a>
	  	    </div>











		<span class="ad-match-badge  hidden">Ad Match</span>











	  	    <div class="price">
			    <div class="price-wrapper no-discount  ">
				    <span class="reg-price  " aria-label="Regular Price: $3.28">
					    <span class="reg-price-text">$3.28</span>

					    <sup class="reg-price-unit">ea</sup>
				    </span>
				    <span class="sale-price hidden" aria-label="Sale Price:">
					    <span class="sale-price-text"></span>
					    <sup class="sale-price-unit">ea</sup>
				    </span>

				    <span class="secondary-price hidden">

					    <span class="secondary-price-text" aria-label="Secondary Price:"></span>
				    </span>
			    </div>
	  	    </div>

	  	    <div class="qty">
	  		    <span class="reg-qty  ">



		  		<span class="sr-only">Sale Price Per Unit:</span>
        $1.49
        /
        100
        g


	</span>

	<span class="sale-qty hidden">



		  		<span class="sr-only">Sale Price Per Unit:</span>
        $1.49
        /
        100
        g


	</span>

	<span class="secondary-qty hidden">

	  	<span class="secondary-qty-text"></span>
	</span>
	  	    </div>
	    </div>





	</div>
	<form class="form-product  quickview-btn-simple"
	  data-product-id="20699207001_EA"
	  data-min-qty="1.0"
	  data-max-qty="999.0"
	  data-unit-type="ea"
	  data-cart-qty="1"
	  data-default-qty="1"
	  novalidate="novalidate"
	  promoCode=""
	  promoNumber=""
	  data-is-customized="false"
	  data-cart-url="/cart/product/20699207001_EA"
	  data-csrf-token="9af9e160-7d7f-4cdf-9627-4f0808aa8853"
	  data-is-weighted-product="false">

	<div class="module-add-to-cart " data-change-type="plus" data-auto-edit="true" data-auto-add="true"
		 data-cart-ajax-url="/cart/updateCart">
		<div class="wrapper-add-to-cart-btn">
					<div class="module-add-to-cart-button-small">
							<button type="button" class="btn btn-secondary btn-add-to-cart " data-auid="add-to-cart-button" data-has-pts-badge="false" aria-label="Add Potato Chips, Maple Bacon to cart">
										<span class="icon-cart"></span>
										<span class="add-to-cart-text">
											Add</span>
									</button>
									<button type="button" class="btn btn-secondary btn-edit-cart hidden " aria-label="Edit Cart">
										<span class="qty-in-cart"></span>
										<span class="edit-cart-text">
											<spring code="product.edit.text" />"
										</span>
									</button>
								<div class="add-list-parent add-list-module  bottom-add-list-module ">
	<button class="btn btn-inline-link btn-save-to-list  dark is-btn-animated"
	  data-login-url="/account/login?productCode=20699207001_EA"
	  data-ajax-url="/restful/lists/all?productCode=20699207001_EA"
	  data-user-guest="N"
	  data-user-guest="N" data-product-code="20699207001_EA"
	  data-delete-item="false"
	  aria-label="Add Potato Chips, Maple Bacon to a List">
	  <span class="glyphicon glyphicon-th-list"></span>
	  <div class="list-cta-text  is-btn-animated">Add to List</div>
	</button>

	<!-- this is the list HTML   -->
	<div class="save-to-list-popup  is-btn-animated animation-up dark"
	  data-save-to-list-error="Can not get lists at this time. Please try again later."
	  data-product-name="Potato Chips, Maple Bacon">
	  <div class="inner-container">
	  </div>

	</div>
</div>

</div>
				</div>
			</div>


	<div class="module-plus-minus-buttons small hidden ">
			<button type="button" class="btn cart-change-qty" data-change-type="minus" data-auid="decrease-product-quantity" alt="Minus" aria-label="Minus">
				<span class="icon-minimize"></span>
			</button>
			<div class="plus-minus-input-wrapper">
				<input class="input-qty cart-change-qty" aria-label="Enter manual quantity" type="text" name="qty" title="Change quantity in cart"
							data-unit-type="ea"
							value="1ea" data-change-type="equals"
							maxlength="7">

						<span class="input-qty-pretty">
							<span class="input-qty-pretty-value">1</span>
							<span class="input-qty-pretty-unit"></span>
						</span>
					</div>

			<button type="button" class="btn cart-change-qty" data-change-type="plus" data-auid="increase-product-quantity" alt="Plus" aria-label="Plus">
				<span class="icon-plus-sign"></span>
			</button>

			<p class="deal-limit-reached hidden">Deal Limit Reached</p>

			<div class="tooltip-qty-error tooltip-qty-limit hidden">
				<p>
					Limit to
					&nbsp;
					999
					&nbsp;each&nbsp;
					per customer.</p>
			</div>
			<div class="tooltip-qty-error tooltip-round-error hidden">
				<p>
					We do not have this in the weight you wanted. We've rounded your order to the nearest weight increment we stock.</p>
			</div>
		</div>
	</form>

<!-- End Template: AddToCartSmall -->

</div>
</div>
																<div class="item content-tile">
















































































<div class="module-grocery-product quickview-simple  clicked" data-quickview-ajax-url="/p/20944890_EA/quickViewProduct" data-product-id="20944890_EA"  data-product-price="$3.18">



		<span class="subtitle"></span>


	<div class="product-page-hotspot">
	    <div class="product-cell quickview-button">
	  	    <div class="product-image ">

	  		    <img src="https://assets.shop.loblaws.ca/products/20944890/b1/en/front/20944890_front_a01.png" onerror="this.src='https://assets.shop.loblaws.ca/products/NoImage/b1/en/front/NoImage_front_a01_@2.png';" alt="Tortilla Chips, Jalapeño & Cheddar" />


	  			        <span class="sticker deal">
	  				        <span class="deal-badge">




	  				            <span class="module-deal-badge module-deal-badge-grid simple-save-unit "
	  						        data-deal-type="2 FOR $6.00"
	  						        data-ajax-promo-url="/simpleDeal/deals/product-tile?productCode=20944890_EA"
	  						        data-deal-id="20944890_EA">
	  						        <span class="deal-type">2 FOR $6.00</span>









	<span class="deal-expiry">
		Exp. 11/21
	</span>


	  				            </span>
	  			            </span>
	  		            </span>













	  		    <div class="hover-text-container">
	  			    <button href="#" tabindex="0" class="hover-text " aria-label="Quick View for Tortilla Chips, Jalapeño & Cheddar.">Quick View</button>
	  		    </div>
	  	    </div>
	    </div>

	    <div class="product-in-cart">
	  	    <div class="wrapper-product-in-cart">
	  		    <span>
	  			    In Cart
	  		    </span>
	  	    </div>
	    </div>

	    <div class="product-info">
	  	    <div class="product-name-wrapper">
	  		    <a href="/Food/Pantry/Chips-%26-Salty-Snacks/Pretzels-%26-Snack-Mixes/Doritos-Tortilla-Chips%2C-Jalape%C3%B1o-%26-Cheddar/p/20944890_EA" class="product-name" aria-label="Product page for Tortilla Chips, Jalapeño & Cheddar" >
	  			    <span class="js-product-entry-brand">Doritos&nbsp;</span>



	  			    <span class="js-product-entry-name">Tortilla Chips, Jalapeño & Cheddar</span>

	  			    <span class="js-product-entry-size-detail">(255 g)</span>

	  		    </a>
	  	    </div>











		<span class="ad-match-badge  hidden">Ad Match</span>











	  	    <div class="price">
			    <div class="price-wrapper no-discount  ">
				    <span class="reg-price  " aria-label="Regular Price: $3.18">
					    <span class="reg-price-text">$3.18</span>

					    <sup class="reg-price-unit">ea</sup>
				    </span>
				    <span class="sale-price hidden" aria-label="Sale Price:">
					    <span class="sale-price-text"></span>
					    <sup class="sale-price-unit">ea</sup>
				    </span>

				    <span class="secondary-price hidden">

					    <span class="secondary-price-text" aria-label="Secondary Price:"></span>
				    </span>
			    </div>
	  	    </div>

	  	    <div class="qty">
	  		    <span class="reg-qty  ">



		  		<span class="sr-only">Sale Price Per Unit:</span>
        $1.25
        /
        100
        g


	</span>

	<span class="sale-qty hidden">



		  		<span class="sr-only">Sale Price Per Unit:</span>
        $1.25
        /
        100
        g


	</span>

	<span class="secondary-qty hidden">

	  	<span class="secondary-qty-text"></span>
	</span>
	  	    </div>
	    </div>





	</div>
	<form class="form-product  quickview-btn-simple"
	  data-product-id="20944890_EA"
	  data-min-qty="1.0"
	  data-max-qty="999.0"
	  data-unit-type="ea"
	  data-cart-qty="1"
	  data-default-qty="1"
	  novalidate="novalidate"
	  promoCode=""
	  promoNumber=""
	  data-is-customized="false"
	  data-cart-url="/cart/product/20944890_EA"
	  data-csrf-token="9af9e160-7d7f-4cdf-9627-4f0808aa8853"
	  data-is-weighted-product="false">

	<div class="module-add-to-cart " data-change-type="plus" data-auto-edit="true" data-auto-add="true"
		 data-cart-ajax-url="/cart/updateCart">
		<div class="wrapper-add-to-cart-btn">
					<div class="module-add-to-cart-button-small">
							<button type="button" class="btn btn-secondary btn-add-to-cart " data-auid="add-to-cart-button" data-has-pts-badge="false" aria-label="Add Tortilla Chips, Jalapeño & Cheddar to cart">
										<span class="icon-cart"></span>
										<span class="add-to-cart-text">
											Add</span>
									</button>
									<button type="button" class="btn btn-secondary btn-edit-cart hidden " aria-label="Edit Cart">
										<span class="qty-in-cart"></span>
										<span class="edit-cart-text">
											<spring code="product.edit.text" />"
										</span>
									</button>
								<div class="add-list-parent add-list-module  bottom-add-list-module ">
	<button class="btn btn-inline-link btn-save-to-list  dark is-btn-animated"
	  data-login-url="/account/login?productCode=20944890_EA"
	  data-ajax-url="/restful/lists/all?productCode=20944890_EA"
	  data-user-guest="N"
	  data-user-guest="N" data-product-code="20944890_EA"
	  data-delete-item="false"
	  aria-label="Add Tortilla Chips, Jalapeño & Cheddar to a List">
	  <span class="glyphicon glyphicon-th-list"></span>
	  <div class="list-cta-text  is-btn-animated">Add to List</div>
	</button>

	<!-- this is the list HTML   -->
	<div class="save-to-list-popup  is-btn-animated animation-up dark"
	  data-save-to-list-error="Can not get lists at this time. Please try again later."
	  data-product-name="Tortilla Chips, Jalapeño & Cheddar">
	  <div class="inner-container">
	  </div>

	</div>
</div>

</div>
				</div>
			</div>


	<div class="module-plus-minus-buttons small hidden ">
			<button type="button" class="btn cart-change-qty" data-change-type="minus" data-auid="decrease-product-quantity" alt="Minus" aria-label="Minus">
				<span class="icon-minimize"></span>
			</button>
			<div class="plus-minus-input-wrapper">
				<input class="input-qty cart-change-qty" aria-label="Enter manual quantity" type="text" name="qty" title="Change quantity in cart"
							data-unit-type="ea"
							value="1ea" data-change-type="equals"
							maxlength="7">

						<span class="input-qty-pretty">
							<span class="input-qty-pretty-value">1</span>
							<span class="input-qty-pretty-unit"></span>
						</span>
					</div>

			<button type="button" class="btn cart-change-qty" data-change-type="plus" data-auid="increase-product-quantity" alt="Plus" aria-label="Plus">
				<span class="icon-plus-sign"></span>
			</button>

			<p class="deal-limit-reached hidden">Deal Limit Reached</p>

			<div class="tooltip-qty-error tooltip-qty-limit hidden">
				<p>
					Limit to
					&nbsp;
					999
					&nbsp;each&nbsp;
					per customer.</p>
			</div>
			<div class="tooltip-qty-error tooltip-round-error hidden">
				<p>
					We do not have this in the weight you wanted. We've rounded your order to the nearest weight increment we stock.</p>
			</div>
		</div>
	</form>

<!-- End Template: AddToCartSmall -->

</div>
</div>
																<div class="item content-tile">
















































































<div class="module-grocery-product quickview-simple  clicked" data-quickview-ajax-url="/p/20803759003_EA/quickViewProduct" data-product-id="20803759003_EA"  data-product-price="$2.48">



		<span class="subtitle"></span>


	<div class="product-page-hotspot">
	    <div class="product-cell quickview-button">
	  	    <div class="product-image ">

	  		    <img src="https://assets.shop.loblaws.ca/products/20803759003/b1/en/front/20803759003_front_a01.png" onerror="this.src='https://assets.shop.loblaws.ca/products/NoImage/b1/en/front/NoImage_front_a01_@2.png';" alt="Snapea Crisps, Black Pepper" />













	  		    <div class="hover-text-container">
	  			    <button href="#" tabindex="0" class="hover-text " aria-label="Quick View for Snapea Crisps, Black Pepper.">Quick View</button>
	  		    </div>
	  	    </div>
	    </div>

	    <div class="product-in-cart">
	  	    <div class="wrapper-product-in-cart">
	  		    <span>
	  			    In Cart
	  		    </span>
	  	    </div>
	    </div>

	    <div class="product-info">
	  	    <div class="product-name-wrapper">
	  		    <a href="/Food/Pantry/Chips-%26-Salty-Snacks/Pretzels-%26-Snack-Mixes/Calbee-Snapea-Crisps%2C-Black-Pepper/p/20803759003_EA" class="product-name" aria-label="Product page for Snapea Crisps, Black Pepper" >
	  			    <span class="js-product-entry-brand">Calbee&nbsp;</span>



	  			    <span class="js-product-entry-name">Snapea Crisps, Black Pepper</span>

	  			    <span class="js-product-entry-size-detail">(93 g)</span>

	  		    </a>
	  	    </div>











		<span class="ad-match-badge  hidden">Ad Match</span>











	  	    <div class="price">
			    <div class="price-wrapper no-discount  ">
				    <span class="reg-price  " aria-label="Regular Price: $2.48">
					    <span class="reg-price-text">$2.48</span>

					    <sup class="reg-price-unit">ea</sup>
				    </span>
				    <span class="sale-price hidden" aria-label="Sale Price:">
					    <span class="sale-price-text"></span>
					    <sup class="sale-price-unit">ea</sup>
				    </span>

				    <span class="secondary-price hidden">

					    <span class="secondary-price-text" aria-label="Secondary Price:"></span>
				    </span>
			    </div>
	  	    </div>

	  	    <div class="qty">
	  		    <span class="reg-qty  ">



		  		<span class="sr-only">Sale Price Per Unit:</span>
        $2.67
        /
        100
        g


	</span>

	<span class="sale-qty hidden">



		  		<span class="sr-only">Sale Price Per Unit:</span>
        $2.67
        /
        100
        g


	</span>

	<span class="secondary-qty hidden">

	  	<span class="secondary-qty-text"></span>
	</span>
	  	    </div>
	    </div>





	</div>
	<form class="form-product  quickview-btn-simple"
	  data-product-id="20803759003_EA"
	  data-min-qty="1.0"
	  data-max-qty="999.0"
	  data-unit-type="ea"
	  data-cart-qty="1"
	  data-default-qty="1"
	  novalidate="novalidate"
	  promoCode=""
	  promoNumber=""
	  data-is-customized="false"
	  data-cart-url="/cart/product/20803759003_EA"
	  data-csrf-token="9af9e160-7d7f-4cdf-9627-4f0808aa8853"
	  data-is-weighted-product="false">

	<div class="module-add-to-cart " data-change-type="plus" data-auto-edit="true" data-auto-add="true"
		 data-cart-ajax-url="/cart/updateCart">
		<div class="wrapper-add-to-cart-btn">
					<div class="module-add-to-cart-button-small">
							<button type="button" class="btn btn-secondary btn-add-to-cart " data-auid="add-to-cart-button" data-has-pts-badge="false" aria-label="Add Snapea Crisps, Black Pepper to cart">
										<span class="icon-cart"></span>
										<span class="add-to-cart-text">
											Add</span>
									</button>
									<button type="button" class="btn btn-secondary btn-edit-cart hidden " aria-label="Edit Cart">
										<span class="qty-in-cart"></span>
										<span class="edit-cart-text">
											<spring code="product.edit.text" />"
										</span>
									</button>
								<div class="add-list-parent add-list-module  bottom-add-list-module ">
	<button class="btn btn-inline-link btn-save-to-list  dark is-btn-animated"
	  data-login-url="/account/login?productCode=20803759003_EA"
	  data-ajax-url="/restful/lists/all?productCode=20803759003_EA"
	  data-user-guest="N"
	  data-user-guest="N" data-product-code="20803759003_EA"
	  data-delete-item="false"
	  aria-label="Add Snapea Crisps, Black Pepper to a List">
	  <span class="glyphicon glyphicon-th-list"></span>
	  <div class="list-cta-text  is-btn-animated">Add to List</div>
	</button>

	<!-- this is the list HTML   -->
	<div class="save-to-list-popup  is-btn-animated animation-up dark"
	  data-save-to-list-error="Can not get lists at this time. Please try again later."
	  data-product-name="Snapea Crisps, Black Pepper">
	  <div class="inner-container">
	  </div>

	</div>
</div>

</div>
				</div>
			</div>


	<div class="module-plus-minus-buttons small hidden ">
			<button type="button" class="btn cart-change-qty" data-change-type="minus" data-auid="decrease-product-quantity" alt="Minus" aria-label="Minus">
				<span class="icon-minimize"></span>
			</button>
			<div class="plus-minus-input-wrapper">
				<input class="input-qty cart-change-qty" aria-label="Enter manual quantity" type="text" name="qty" title="Change quantity in cart"
							data-unit-type="ea"
							value="1ea" data-change-type="equals"
							maxlength="7">

						<span class="input-qty-pretty">
							<span class="input-qty-pretty-value">1</span>
							<span class="input-qty-pretty-unit"></span>
						</span>
					</div>

			<button type="button" class="btn cart-change-qty" data-change-type="plus" data-auid="increase-product-quantity" alt="Plus" aria-label="Plus">
				<span class="icon-plus-sign"></span>
			</button>

			<p class="deal-limit-reached hidden">Deal Limit Reached</p>

			<div class="tooltip-qty-error tooltip-qty-limit hidden">
				<p>
					Limit to
					&nbsp;
					999
					&nbsp;each&nbsp;
					per customer.</p>
			</div>
			<div class="tooltip-qty-error tooltip-round-error hidden">
				<p>
					We do not have this in the weight you wanted. We've rounded your order to the nearest weight increment we stock.</p>
			</div>
		</div>
	</form>

<!-- End Template: AddToCartSmall -->

</div>
</div>
																<div class="item content-tile">


















































































<div class="module-grocery-product quickview-simple  clicked" data-quickview-ajax-url="/p/20987676_EA/quickViewProduct" data-product-id="20987676_EA"  data-product-price="$2.47">



		<span class="subtitle"></span>


	<div class="product-page-hotspot">
	    <div class="product-cell quickview-button">
	  	    <div class="product-image ">

	  		    <img src="https://assets.shop.loblaws.ca/products/20987676/b1/en/front/20987676_front_a01.png" onerror="this.src='https://assets.shop.loblaws.ca/products/NoImage/b1/en/front/NoImage_front_a01_@2.png';" alt="Arriba Zasty Taco Flavour Tortilla Chips" />


	  			        <span class="sticker deal">
	  				        <span class="deal-badge">




	  				            <span class="module-deal-badge module-deal-badge-grid simple-save-unit "
	  						        data-deal-type="$2.47 LIMIT 4"
	  						        data-ajax-promo-url="/simpleDeal/deals/product-tile?productCode=20987676_EA"
	  						        data-deal-id="20987676_EA">
	  						        <span class="deal-type">$2.47 LIMIT 4</span>









	<span class="deal-expiry">
		Exp. 11/29
	</span>


	  				            </span>
	  			            </span>
	  		            </span>













	  		    <div class="hover-text-container">
	  			    <button href="#" tabindex="0" class="hover-text " aria-label="Quick View for Arriba Zasty Taco Flavour Tortilla Chips.">Quick View</button>
	  		    </div>
	  	    </div>
	    </div>

	    <div class="product-in-cart">
	  	    <div class="wrapper-product-in-cart">
	  		    <span>
	  			    In Cart
	  		    </span>
	  	    </div>
	    </div>

	    <div class="product-info">
	  	    <div class="product-name-wrapper">
	  		    <a href="/Food/Pantry/Chips-%26-Salty-Snacks/Potato-Chips/Old-Dutch-ARRIBA-Arriba-Zasty-Taco-Flavour-Tortilla-Chips/p/20987676_EA" class="product-name" aria-label="Product page for Arriba Zasty Taco Flavour Tortilla Chips" >
	  			    <span class="js-product-entry-brand">Old Dutch&nbsp;</span>



	  			    <span class="js-product-entry-name">Arriba Zasty Taco Flavour Tortilla Chips</span>

	  			    <span class="js-product-entry-size-detail">(245 g)</span>

	  		    </a>
	  	    </div>











		<span class="ad-match-badge  hidden">Ad Match</span>











	  	    <div class="price">
			    <div class="price-wrapper no-discount promo-alert ">
				    <span class="reg-price  price-alert" aria-label="Regular Price: $2.47">
					    <span class="reg-price-text">$2.47</span>

					    <sup class="reg-price-unit">ea</sup>
				    </span>
				    <span class="sale-price hidden" aria-label="Sale Price:">
					    <span class="sale-price-text"></span>
					    <sup class="sale-price-unit">ea</sup>
				    </span>

				    <span class="secondary-price hidden">

					    <span class="secondary-price-text" aria-label="Secondary Price:"></span>
				    </span>
			    </div>
	  	    </div>

	  	    <div class="qty">
	  		    <span class="reg-qty  price-alert">



		  		<span class="sr-only">Sale Price Per Unit:</span>
        $1.01
        /
        100
        g


	</span>

	<span class="sale-qty hidden">



		  		<span class="sr-only">Sale Price Per Unit:</span>
        $1.01
        /
        100
        g


	</span>

	<span class="secondary-qty hidden">

	  	<span class="secondary-qty-text"></span>
	</span>
	  	    </div>
	    </div>





	</div>
	<form class="form-product  quickview-btn-simple"
	  data-product-id="20987676_EA"
	  data-min-qty="1.0"
	  data-max-qty="999.0"
	  data-unit-type="ea"
	  data-cart-qty="1"
	  data-default-qty="1"
	  novalidate="novalidate"
	  promoCode=""
	  promoNumber=""
	  data-is-customized="false"
	  data-cart-url="/cart/product/20987676_EA"
	  data-csrf-token="9af9e160-7d7f-4cdf-9627-4f0808aa8853"
	  data-is-weighted-product="false">

	<div class="module-add-to-cart " data-change-type="plus" data-auto-edit="true" data-auto-add="true"
		 data-cart-ajax-url="/cart/updateCart">
		<div class="wrapper-add-to-cart-btn">
					<div class="module-add-to-cart-button-small">
							<button type="button" class="btn btn-secondary btn-add-to-cart " data-auid="add-to-cart-button" data-has-pts-badge="false" aria-label="Add Arriba Zasty Taco Flavour Tortilla Chips to cart">
										<span class="icon-cart"></span>
										<span class="add-to-cart-text">
											Add</span>
									</button>
									<button type="button" class="btn btn-secondary btn-edit-cart hidden " aria-label="Edit Cart">
										<span class="qty-in-cart"></span>
										<span class="edit-cart-text">
											<spring code="product.edit.text" />"
										</span>
									</button>
								<div class="add-list-parent add-list-module  bottom-add-list-module ">
	<button class="btn btn-inline-link btn-save-to-list  dark is-btn-animated"
	  data-login-url="/account/login?productCode=20987676_EA"
	  data-ajax-url="/restful/lists/all?productCode=20987676_EA"
	  data-user-guest="N"
	  data-user-guest="N" data-product-code="20987676_EA"
	  data-delete-item="false"
	  aria-label="Add Arriba Zasty Taco Flavour Tortilla Chips to a List">
	  <span class="glyphicon glyphicon-th-list"></span>
	  <div class="list-cta-text  is-btn-animated">Add to List</div>
	</button>

	<!-- this is the list HTML   -->
	<div class="save-to-list-popup  is-btn-animated animation-up dark"
	  data-save-to-list-error="Can not get lists at this time. Please try again later."
	  data-product-name="Arriba Zasty Taco Flavour Tortilla Chips">
	  <div class="inner-container">
	  </div>

	</div>
</div>

</div>
				</div>
			</div>


	<div class="module-plus-minus-buttons small hidden ">
			<button type="button" class="btn cart-change-qty" data-change-type="minus" data-auid="decrease-product-quantity" alt="Minus" aria-label="Minus">
				<span class="icon-minimize"></span>
			</button>
			<div class="plus-minus-input-wrapper">
				<input class="input-qty cart-change-qty" aria-label="Enter manual quantity" type="text" name="qty" title="Change quantity in cart"
							data-unit-type="ea"
							value="1ea" data-change-type="equals"
							maxlength="7">

						<span class="input-qty-pretty">
							<span class="input-qty-pretty-value">1</span>
							<span class="input-qty-pretty-unit"></span>
						</span>
					</div>

			<button type="button" class="btn cart-change-qty" data-change-type="plus" data-auid="increase-product-quantity" alt="Plus" aria-label="Plus">
				<span class="icon-plus-sign"></span>
			</button>

			<p class="deal-limit-reached hidden">Deal Limit Reached</p>

			<div class="tooltip-qty-error tooltip-qty-limit hidden">
				<p>
					Limit to
					&nbsp;
					999
					&nbsp;each&nbsp;
					per customer.</p>
			</div>
			<div class="tooltip-qty-error tooltip-round-error hidden">
				<p>
					We do not have this in the weight you wanted. We've rounded your order to the nearest weight increment we stock.</p>
			</div>
		</div>
	</form>

<!-- End Template: AddToCartSmall -->

</div>
</div>
																<div class="item content-tile">
















































































<div class="module-grocery-product quickview-simple  clicked" data-quickview-ajax-url="/p/20987658_EA/quickViewProduct" data-product-id="20987658_EA"  data-product-price="$4.48">



		<span class="subtitle"></span>


	<div class="product-page-hotspot">
	    <div class="product-cell quickview-button">
	  	    <div class="product-image ">

	  		    <img src="https://assets.shop.loblaws.ca/products/20987658/b1/en/front/20987658_front_a01.png" onerror="this.src='https://assets.shop.loblaws.ca/products/NoImage/b1/en/front/NoImage_front_a01_@2.png';" alt="Paqui Very Verde Good Tortilla Chips" />


	  			        <span class="sticker deal">
	  				        <span class="deal-badge">




	  				            <span class="module-deal-badge module-deal-badge-grid simple-save-unit "
	  						        data-deal-type="2 FOR $8.00"
	  						        data-ajax-promo-url="/simpleDeal/deals/product-tile?productCode=20987658_EA"
	  						        data-deal-id="20987658_EA">
	  						        <span class="deal-type">2 FOR $8.00</span>









	<span class="deal-expiry">
		Exp. 05/13
	</span>


	  				            </span>
	  			            </span>
	  		            </span>













	  		    <div class="hover-text-container">
	  			    <button href="#" tabindex="0" class="hover-text " aria-label="Quick View for Paqui Very Verde Good Tortilla Chips.">Quick View</button>
	  		    </div>
	  	    </div>
	    </div>

	    <div class="product-in-cart">
	  	    <div class="wrapper-product-in-cart">
	  		    <span>
	  			    In Cart
	  		    </span>
	  	    </div>
	    </div>

	    <div class="product-info">
	  	    <div class="product-name-wrapper">
	  		    <a href="/Food/Pantry/Chips-%26-Salty-Snacks/Potato-Chips/Paqui-Paqui-Very-Verde-Good-Tortilla-Chips/p/20987658_EA" class="product-name" aria-label="Product page for Paqui Very Verde Good Tortilla Chips" >
	  			    <span class="js-product-entry-brand">Paqui&nbsp;</span>



	  			    <span class="js-product-entry-name">Paqui Very Verde Good Tortilla Chips</span>

	  			    <span class="js-product-entry-size-detail">(155 g)</span>

	  		    </a>
	  	    </div>











		<span class="ad-match-badge  hidden">Ad Match</span>











	  	    <div class="price">
			    <div class="price-wrapper no-discount  ">
				    <span class="reg-price  " aria-label="Regular Price: $4.48">
					    <span class="reg-price-text">$4.48</span>

					    <sup class="reg-price-unit">ea</sup>
				    </span>
				    <span class="sale-price hidden" aria-label="Sale Price:">
					    <span class="sale-price-text"></span>
					    <sup class="sale-price-unit">ea</sup>
				    </span>

				    <span class="secondary-price hidden">

					    <span class="secondary-price-text" aria-label="Secondary Price:"></span>
				    </span>
			    </div>
	  	    </div>

	  	    <div class="qty">
	  		    <span class="reg-qty  ">



		  		<span class="sr-only">Sale Price Per Unit:</span>
        $2.89
        /
        100
        g


	</span>

	<span class="sale-qty hidden">



		  		<span class="sr-only">Sale Price Per Unit:</span>
        $2.89
        /
        100
        g


	</span>

	<span class="secondary-qty hidden">

	  	<span class="secondary-qty-text"></span>
	</span>
	  	    </div>
	    </div>





	</div>
	<form class="form-product  quickview-btn-simple"
	  data-product-id="20987658_EA"
	  data-min-qty="1.0"
	  data-max-qty="999.0"
	  data-unit-type="ea"
	  data-cart-qty="1"
	  data-default-qty="1"
	  novalidate="novalidate"
	  promoCode=""
	  promoNumber=""
	  data-is-customized="false"
	  data-cart-url="/cart/product/20987658_EA"
	  data-csrf-token="9af9e160-7d7f-4cdf-9627-4f0808aa8853"
	  data-is-weighted-product="false">

	<div class="module-add-to-cart " data-change-type="plus" data-auto-edit="true" data-auto-add="true"
		 data-cart-ajax-url="/cart/updateCart">
		<div class="wrapper-add-to-cart-btn">
					<div class="module-add-to-cart-button-small">
							<button type="button" class="btn btn-secondary btn-add-to-cart " data-auid="add-to-cart-button" data-has-pts-badge="false" aria-label="Add Paqui Very Verde Good Tortilla Chips to cart">
										<span class="icon-cart"></span>
										<span class="add-to-cart-text">
											Add</span>
									</button>
									<button type="button" class="btn btn-secondary btn-edit-cart hidden " aria-label="Edit Cart">
										<span class="qty-in-cart"></span>
										<span class="edit-cart-text">
											<spring code="product.edit.text" />"
										</span>
									</button>
								<div class="add-list-parent add-list-module  bottom-add-list-module ">
	<button class="btn btn-inline-link btn-save-to-list  dark is-btn-animated"
	  data-login-url="/account/login?productCode=20987658_EA"
	  data-ajax-url="/restful/lists/all?productCode=20987658_EA"
	  data-user-guest="N"
	  data-user-guest="N" data-product-code="20987658_EA"
	  data-delete-item="false"
	  aria-label="Add Paqui Very Verde Good Tortilla Chips to a List">
	  <span class="glyphicon glyphicon-th-list"></span>
	  <div class="list-cta-text  is-btn-animated">Add to List</div>
	</button>

	<!-- this is the list HTML   -->
	<div class="save-to-list-popup  is-btn-animated animation-up dark"
	  data-save-to-list-error="Can not get lists at this time. Please try again later."
	  data-product-name="Paqui Very Verde Good Tortilla Chips">
	  <div class="inner-container">
	  </div>

	</div>
</div>

</div>
				</div>
			</div>


	<div class="module-plus-minus-buttons small hidden ">
			<button type="button" class="btn cart-change-qty" data-change-type="minus" data-auid="decrease-product-quantity" alt="Minus" aria-label="Minus">
				<span class="icon-minimize"></span>
			</button>
			<div class="plus-minus-input-wrapper">
				<input class="input-qty cart-change-qty" aria-label="Enter manual quantity" type="text" name="qty" title="Change quantity in cart"
							data-unit-type="ea"
							value="1ea" data-change-type="equals"
							maxlength="7">

						<span class="input-qty-pretty">
							<span class="input-qty-pretty-value">1</span>
							<span class="input-qty-pretty-unit"></span>
						</span>
					</div>

			<button type="button" class="btn cart-change-qty" data-change-type="plus" data-auid="increase-product-quantity" alt="Plus" aria-label="Plus">
				<span class="icon-plus-sign"></span>
			</button>

			<p class="deal-limit-reached hidden">Deal Limit Reached</p>

			<div class="tooltip-qty-error tooltip-qty-limit hidden">
				<p>
					Limit to
					&nbsp;
					999
					&nbsp;each&nbsp;
					per customer.</p>
			</div>
			<div class="tooltip-qty-error tooltip-round-error hidden">
				<p>
					We do not have this in the weight you wanted. We've rounded your order to the nearest weight increment we stock.</p>
			</div>
		</div>
	</form>

<!-- End Template: AddToCartSmall -->

</div>
</div>
																<div class="item content-tile">
















































































<div class="module-grocery-product quickview-simple  clicked" data-quickview-ajax-url="/p/20733354001_EA/quickViewProduct" data-product-id="20733354001_EA"  data-product-price="$7.98">



		<span class="subtitle"></span>


	<div class="product-page-hotspot">
	    <div class="product-cell quickview-button">
	  	    <div class="product-image ">

	  		    <img src="https://assets.shop.loblaws.ca/products/20733354001/b1/en/front/20733354001_front_a01.png" onerror="this.src='https://assets.shop.loblaws.ca/products/NoImage/b1/en/front/NoImage_front_a01_@2.png';" alt="Organic Kale Chips, Better than Cheddar" />













	  		    <div class="hover-text-container">
	  			    <button href="#" tabindex="0" class="hover-text " aria-label="Quick View for Organic Kale Chips, Better than Cheddar.">Quick View</button>
	  		    </div>
	  	    </div>
	    </div>

	    <div class="product-in-cart">
	  	    <div class="wrapper-product-in-cart">
	  		    <span>
	  			    In Cart
	  		    </span>
	  	    </div>
	    </div>

	    <div class="product-info">
	  	    <div class="product-name-wrapper">
	  		    <a href="/Food/Pantry/Chips-%26-Salty-Snacks/Potato-Chips/Solar-Raw-Food-Organic-Kale-Chips%2C-Better-than-Cheddar/p/20733354001_EA" class="product-name" aria-label="Product page for Organic Kale Chips, Better than Cheddar" >
	  			    <span class="js-product-entry-brand">Solar Raw Food&nbsp;</span>



	  			    <span class="js-product-entry-name">Organic Kale Chips, Better than Cheddar</span>

	  			    <span class="js-product-entry-size-detail">(100 g)</span>

	  		    </a>
	  	    </div>











		<span class="ad-match-badge  hidden">Ad Match</span>











	  	    <div class="price">
			    <div class="price-wrapper no-discount  ">
				    <span class="reg-price  " aria-label="Regular Price: $7.98">
					    <span class="reg-price-text">$7.98</span>

					    <sup class="reg-price-unit">ea</sup>
				    </span>
				    <span class="sale-price hidden" aria-label="Sale Price:">
					    <span class="sale-price-text"></span>
					    <sup class="sale-price-unit">ea</sup>
				    </span>

				    <span class="secondary-price hidden">

					    <span class="secondary-price-text" aria-label="Secondary Price:"></span>
				    </span>
			    </div>
	  	    </div>

	  	    <div class="qty">
	  		    <span class="reg-qty  ">



		  		<span class="sr-only">Sale Price Per Unit:</span>
        $7.98
        /
        100
        g


	</span>

	<span class="sale-qty hidden">



		  		<span class="sr-only">Sale Price Per Unit:</span>
        $7.98
        /
        100
        g


	</span>

	<span class="secondary-qty hidden">

	  	<span class="secondary-qty-text"></span>
	</span>
	  	    </div>
	    </div>





	</div>
	<form class="form-product  quickview-btn-simple"
	  data-product-id="20733354001_EA"
	  data-min-qty="1.0"
	  data-max-qty="999.0"
	  data-unit-type="ea"
	  data-cart-qty="1"
	  data-default-qty="1"
	  novalidate="novalidate"
	  promoCode=""
	  promoNumber=""
	  data-is-customized="false"
	  data-cart-url="/cart/product/20733354001_EA"
	  data-csrf-token="9af9e160-7d7f-4cdf-9627-4f0808aa8853"
	  data-is-weighted-product="false">

	<div class="module-add-to-cart " data-change-type="plus" data-auto-edit="true" data-auto-add="true"
		 data-cart-ajax-url="/cart/updateCart">
		<div class="wrapper-add-to-cart-btn">
					<div class="module-add-to-cart-button-small">
							<button type="button" class="btn btn-secondary btn-add-to-cart " data-auid="add-to-cart-button" data-has-pts-badge="false" aria-label="Add Organic Kale Chips, Better than Cheddar to cart">
										<span class="icon-cart"></span>
										<span class="add-to-cart-text">
											Add</span>
									</button>
									<button type="button" class="btn btn-secondary btn-edit-cart hidden " aria-label="Edit Cart">
										<span class="qty-in-cart"></span>
										<span class="edit-cart-text">
											<spring code="product.edit.text" />"
										</span>
									</button>
								<div class="add-list-parent add-list-module  bottom-add-list-module ">
	<button class="btn btn-inline-link btn-save-to-list  dark is-btn-animated"
	  data-login-url="/account/login?productCode=20733354001_EA"
	  data-ajax-url="/restful/lists/all?productCode=20733354001_EA"
	  data-user-guest="N"
	  data-user-guest="N" data-product-code="20733354001_EA"
	  data-delete-item="false"
	  aria-label="Add Organic Kale Chips, Better than Cheddar to a List">
	  <span class="glyphicon glyphicon-th-list"></span>
	  <div class="list-cta-text  is-btn-animated">Add to List</div>
	</button>

	<!-- this is the list HTML   -->
	<div class="save-to-list-popup  is-btn-animated animation-up dark"
	  data-save-to-list-error="Can not get lists at this time. Please try again later."
	  data-product-name="Organic Kale Chips, Better than Cheddar">
	  <div class="inner-container">
	  </div>

	</div>
</div>

</div>
				</div>
			</div>


	<div class="module-plus-minus-buttons small hidden ">
			<button type="button" class="btn cart-change-qty" data-change-type="minus" data-auid="decrease-product-quantity" alt="Minus" aria-label="Minus">
				<span class="icon-minimize"></span>
			</button>
			<div class="plus-minus-input-wrapper">
				<input class="input-qty cart-change-qty" aria-label="Enter manual quantity" type="text" name="qty" title="Change quantity in cart"
							data-unit-type="ea"
							value="1ea" data-change-type="equals"
							maxlength="7">

						<span class="input-qty-pretty">
							<span class="input-qty-pretty-value">1</span>
							<span class="input-qty-pretty-unit"></span>
						</span>
					</div>

			<button type="button" class="btn cart-change-qty" data-change-type="plus" data-auid="increase-product-quantity" alt="Plus" aria-label="Plus">
				<span class="icon-plus-sign"></span>
			</button>

			<p class="deal-limit-reached hidden">Deal Limit Reached</p>

			<div class="tooltip-qty-error tooltip-qty-limit hidden">
				<p>
					Limit to
					&nbsp;
					999
					&nbsp;each&nbsp;
					per customer.</p>
			</div>
			<div class="tooltip-qty-error tooltip-round-error hidden">
				<p>
					We do not have this in the weight you wanted. We've rounded your order to the nearest weight increment we stock.</p>
			</div>
		</div>
	</form>

<!-- End Template: AddToCartSmall -->

</div>
</div>
																</div>
														</div>
											<div class="row row-currently-showing">
													<p>
														Showing
														&nbsp
														<span class="range">1-60</span>
														&nbsp
														of
														&nbsp284</p>
												</div>
												<div class="row-content row show-more">
													<div class="show-more-line"></div>
													<div class="show-more-text">
														<button class="btn-inline-link btn-show-more"
																data-ajax-url="/plp/RCSS001008010001?loadMore=true&sort=popularity&filters=" data-total-items="284"
																data-items-counter="60">
															Load
															&nbsp
															<span class="load-more-btn">60</span>
															&nbsp
															More
															&nbsp
															<span class="icon-arrow-down"></span>
														</button>
													</div>
												</div>
											</div>
								</div>
							</div>
						</div>
					</div>











<div class="module-filter-flyout" data-ajax-url="RCSS001008010001">

	<div class="filter-heading">

		<button type="button" class="btn-link btn-close-filters">
			<span class="icon-close"></span>
		</button>

		<div class="wrapper">
			<div class="wrapper-see-filter-results">
				<button type="button" class="btn-primary btn-see-filter-results" data-ajax-url="RCSS001008010001/facets">
					SEE
					&nbsp;<span class="count">284</span>
					&nbsp;RESULTS
				</button>
			</div>
			<div class="wrapper-clear-filters">
				<a type="button" class="btn-link btn-clear-filters" href="RCSS001008010001">
					Clear All Filters
					&nbsp;(<span class="count">0</span>)
				</a>
			</div>
		</div>
	</div>
	<div class="panel-group filter-options">
		<div class="wrapper-filters first-column">




















	<div class="wrapper-panel">
		<div class="panel-heading filter-heading" data-analytics-component-name="Category Filter Flyout Facet">
			<h5 class="panel-title filter-title collapsed" data-target=".filter-Promotion" data-parent=".filter-Promotion" data-toggle="collapse">
				Promotion
				<span class="icon-minimize"></span>
				<span class="icon-plus-sign"></span>
			</h5>
		</div>
		<div class="panel-collapse collapse filter-Promotion" data-panel="filter-Promotion">
			<ul class="button-group">

					<li class="item">

						<button class="btn-filter-item btn btn-link"
							data-filter="promotions:Multi-Buy" data-filter-name="Multi-Buy">
							Multi-Buy
							<span class="number">(122)</span>
							<span class="icon-checkmark"></span>
						</button>

					</li>

					<li class="item">

						<button class="btn-filter-item btn btn-link"
							data-filter="promotions:Price Reduction" data-filter-name="Price Reduction">
							Price Reduction
							<span class="number">(38)</span>
							<span class="icon-checkmark"></span>
						</button>

					</li>


			</ul>
		</div>
	</div>











	<div class="wrapper-panel">
		<div class="panel-heading filter-heading" data-analytics-component-name="Category Filter Flyout Facet">
			<h5 class="panel-title filter-title collapsed" data-target=".filter-Price-Ranges" data-parent=".filter-Price-Ranges" data-toggle="collapse">
				Price Ranges
				<span class="icon-minimize"></span>
				<span class="icon-plus-sign"></span>
			</h5>
		</div>
		<div class="panel-collapse collapse filter-Price-Ranges" data-panel="filter-Price-Ranges">
			<ul class="button-group">

					<li class="item">

						<button class="btn-filter-item btn btn-link"
							data-filter="price+ranges:$0-$4.99" data-filter-name="$0-$4.99">
							$0-$4.99
							<span class="number">(265)</span>
							<span class="icon-checkmark"></span>
						</button>

					</li>

					<li class="item">

						<button class="btn-filter-item btn btn-link"
							data-filter="price+ranges:$5-$9.99" data-filter-name="$5-$9.99">
							$5-$9.99
							<span class="number">(17)</span>
							<span class="icon-checkmark"></span>
						</button>

					</li>

					<li class="item">

						<button class="btn-filter-item btn btn-link"
							data-filter="price+ranges:$10-$14.99" data-filter-name="$10-$14.99">
							$10-$14.99
							<span class="number">(2)</span>
							<span class="icon-checkmark"></span>
						</button>

					</li>


			</ul>
		</div>
	</div>











	<div class="wrapper-panel">
		<div class="panel-heading filter-heading" data-analytics-component-name="Category Filter Flyout Facet">
			<h5 class="panel-title filter-title collapsed" data-target=".filter-Brand" data-parent=".filter-Brand" data-toggle="collapse">
				Brand
				<span class="icon-minimize"></span>
				<span class="icon-plus-sign"></span>
			</h5>
		</div>
		<div class="panel-collapse collapse filter-Brand" data-panel="filter-Brand">
			<ul class="button-group">

					<li class="item">

						<button class="btn-filter-item btn btn-link"
							data-filter="productBrand:Old Dutch" data-filter-name="Old Dutch">
							Old Dutch
							<span class="number">(33)</span>
							<span class="icon-checkmark"></span>
						</button>

					</li>

					<li class="item">

						<button class="btn-filter-item btn btn-link"
							data-filter="productBrand:President's Choice" data-filter-name="President's Choice">
							President's Choice
							<span class="number">(30)</span>
							<span class="icon-checkmark"></span>
						</button>

					</li>

					<li class="item">

						<button class="btn-filter-item btn btn-link"
							data-filter="productBrand:Lay's" data-filter-name="Lay's">
							Lay's
							<span class="number">(24)</span>
							<span class="icon-checkmark"></span>
						</button>

					</li>

					<li class="item">

						<button class="btn-filter-item btn btn-link"
							data-filter="productBrand:No Name" data-filter-name="No Name">
							No Name
							<span class="number">(21)</span>
							<span class="icon-checkmark"></span>
						</button>

					</li>

					<li class="item">

						<button class="btn-filter-item btn btn-link"
							data-filter="productBrand:Pringles" data-filter-name="Pringles">
							Pringles
							<span class="number">(19)</span>
							<span class="icon-checkmark"></span>
						</button>

					</li>

					<li class="item">

						<button class="btn-filter-item btn btn-link"
							data-filter="productBrand:Kettle" data-filter-name="Kettle">
							Kettle
							<span class="number">(18)</span>
							<span class="icon-checkmark"></span>
						</button>

					</li>

					<li class="item">

						<button class="btn-filter-item btn btn-link"
							data-filter="productBrand:Miss Vickies" data-filter-name="Miss Vickies">
							Miss Vickies
							<span class="number">(16)</span>
							<span class="icon-checkmark"></span>
						</button>

					</li>

					<li class="item">

						<button class="btn-filter-item btn btn-link"
							data-filter="productBrand:Doritos" data-filter-name="Doritos">
							Doritos
							<span class="number">(14)</span>
							<span class="icon-checkmark"></span>
						</button>

					</li>

					<li class="item">

						<button class="btn-filter-item btn btn-link"
							data-filter="productBrand:Tostitos" data-filter-name="Tostitos">
							Tostitos
							<span class="number">(11)</span>
							<span class="icon-checkmark"></span>
						</button>

					</li>

					<li class="item">

						<button class="btn-filter-item btn btn-link"
							data-filter="productBrand:Que Pasa" data-filter-name="Que Pasa">
							Que Pasa
							<span class="number">(8)</span>
							<span class="icon-checkmark"></span>
						</button>

					</li>

					<li class="item">

						<button class="btn-filter-item btn btn-link"
							data-filter="productBrand:Terra" data-filter-name="Terra">
							Terra
							<span class="number">(6)</span>
							<span class="icon-checkmark"></span>
						</button>

					</li>

					<li class="item">

						<button class="btn-filter-item btn btn-link"
							data-filter="productBrand:Paqui" data-filter-name="Paqui">
							Paqui
							<span class="number">(4)</span>
							<span class="icon-checkmark"></span>
						</button>

					</li>

					<li class="item">

						<button class="btn-filter-item btn btn-link"
							data-filter="productBrand:The Good Bean" data-filter-name="The Good Bean">
							The Good Bean
							<span class="number">(4)</span>
							<span class="icon-checkmark"></span>
						</button>

					</li>

					<li class="item">

						<button class="btn-filter-item btn btn-link"
							data-filter="productBrand:Bugles" data-filter-name="Bugles">
							Bugles
							<span class="number">(3)</span>
							<span class="icon-checkmark"></span>
						</button>

					</li>

					<li class="item">

						<button class="btn-filter-item btn btn-link"
							data-filter="productBrand:Enjoy Life" data-filter-name="Enjoy Life">
							Enjoy Life
							<span class="number">(3)</span>
							<span class="icon-checkmark"></span>
						</button>

					</li>

					<li class="item">

						<button class="btn-filter-item btn btn-link"
							data-filter="productBrand:Fritos" data-filter-name="Fritos">
							Fritos
							<span class="number">(3)</span>
							<span class="icon-checkmark"></span>
						</button>

					</li>

					<li class="item">

						<button class="btn-filter-item btn btn-link"
							data-filter="productBrand:Humpty Dumpty" data-filter-name="Humpty Dumpty">
							Humpty Dumpty
							<span class="number">(3)</span>
							<span class="icon-checkmark"></span>
						</button>

					</li>

					<li class="item">

						<button class="btn-filter-item btn btn-link"
							data-filter="productBrand:Sensible Portions" data-filter-name="Sensible Portions">
							Sensible Portions
							<span class="number">(3)</span>
							<span class="icon-checkmark"></span>
						</button>

					</li>

					<li class="item">

						<button class="btn-filter-item btn btn-link"
							data-filter="productBrand:Sunchips" data-filter-name="Sunchips">
							Sunchips
							<span class="number">(3)</span>
							<span class="icon-checkmark"></span>
						</button>

					</li>

					<li class="item">

						<button class="btn-filter-item btn btn-link"
							data-filter="productBrand:Beanfields" data-filter-name="Beanfields">
							Beanfields
							<span class="number">(2)</span>
							<span class="icon-checkmark"></span>
						</button>

					</li>

					<li class="item">

						<button class="btn-filter-item btn btn-link"
							data-filter="productBrand:Boulder Canyon" data-filter-name="Boulder Canyon">
							Boulder Canyon
							<span class="number">(2)</span>
							<span class="icon-checkmark"></span>
						</button>

					</li>

					<li class="item">

						<button class="btn-filter-item btn btn-link"
							data-filter="productBrand:Calbee" data-filter-name="Calbee">
							Calbee
							<span class="number">(2)</span>
							<span class="icon-checkmark"></span>
						</button>

					</li>

					<li class="item">

						<button class="btn-filter-item btn btn-link"
							data-filter="productBrand:Hawkins" data-filter-name="Hawkins">
							Hawkins
							<span class="number">(2)</span>
							<span class="icon-checkmark"></span>
						</button>

					</li>

					<li class="item">

						<button class="btn-filter-item btn btn-link"
							data-filter="productBrand:Munchies" data-filter-name="Munchies">
							Munchies
							<span class="number">(2)</span>
							<span class="icon-checkmark"></span>
						</button>

					</li>

					<li class="item">

						<button class="btn-filter-item btn btn-link"
							data-filter="productBrand:No Name Club Pack" data-filter-name="No Name Club Pack">
							No Name Club Pack
							<span class="number">(2)</span>
							<span class="icon-checkmark"></span>
						</button>

					</li>

					<li class="item">

						<button class="btn-filter-item btn btn-link"
							data-filter="productBrand:Popchips" data-filter-name="Popchips">
							Popchips
							<span class="number">(2)</span>
							<span class="icon-checkmark"></span>
						</button>

					</li>

					<li class="item">

						<button class="btn-filter-item btn btn-link"
							data-filter="productBrand:Simply 7" data-filter-name="Simply 7">
							Simply 7
							<span class="number">(2)</span>
							<span class="icon-checkmark"></span>
						</button>

					</li>

					<li class="item">

						<button class="btn-filter-item btn btn-link"
							data-filter="productBrand:Baken-Ets" data-filter-name="Baken-Ets">
							Baken-Ets
							<span class="number">(1)</span>
							<span class="icon-checkmark"></span>
						</button>

					</li>

					<li class="item">

						<button class="btn-filter-item btn btn-link"
							data-filter="productBrand:Fortress" data-filter-name="Fortress">
							Fortress
							<span class="number">(1)</span>
							<span class="icon-checkmark"></span>
						</button>

					</li>

					<li class="item">

						<button class="btn-filter-item btn btn-link"
							data-filter="productBrand:Fresh Is Best Salsa & Co" data-filter-name="Fresh Is Best Salsa & Co">
							Fresh Is Best Salsa & Co
							<span class="number">(1)</span>
							<span class="icon-checkmark"></span>
						</button>

					</li>

					<li class="item">

						<button class="btn-filter-item btn btn-link"
							data-filter="productBrand:Haldiram" data-filter-name="Haldiram">
							Haldiram
							<span class="number">(1)</span>
							<span class="icon-checkmark"></span>
						</button>

					</li>

					<li class="item">

						<button class="btn-filter-item btn btn-link"
							data-filter="productBrand:Hostess" data-filter-name="Hostess">
							Hostess
							<span class="number">(1)</span>
							<span class="icon-checkmark"></span>
						</button>

					</li>

					<li class="item">

						<button class="btn-filter-item btn btn-link"
							data-filter="productBrand:Jack n' Jill" data-filter-name="Jack n' Jill">
							Jack n' Jill
							<span class="number">(1)</span>
							<span class="icon-checkmark"></span>
						</button>

					</li>

					<li class="item">

						<button class="btn-filter-item btn btn-link"
							data-filter="productBrand:Lesser Evil" data-filter-name="Lesser Evil">
							Lesser Evil
							<span class="number">(1)</span>
							<span class="icon-checkmark"></span>
						</button>

					</li>

					<li class="item">

						<button class="btn-filter-item btn btn-link"
							data-filter="productBrand:Nong Shim" data-filter-name="Nong Shim">
							Nong Shim
							<span class="number">(1)</span>
							<span class="icon-checkmark"></span>
						</button>

					</li>

					<li class="item">

						<button class="btn-filter-item btn btn-link"
							data-filter="productBrand:PC  Club Pack" data-filter-name="PC  Club Pack">
							PC  Club Pack
							<span class="number">(1)</span>
							<span class="icon-checkmark"></span>
						</button>

					</li>

					<li class="item">

						<button class="btn-filter-item btn btn-link"
							data-filter="productBrand:Rooster" data-filter-name="Rooster">
							Rooster
							<span class="number">(1)</span>
							<span class="icon-checkmark"></span>
						</button>

					</li>

					<li class="item">

						<button class="btn-filter-item btn btn-link"
							data-filter="productBrand:Six Fortune" data-filter-name="Six Fortune">
							Six Fortune
							<span class="number">(1)</span>
							<span class="icon-checkmark"></span>
						</button>

					</li>

					<li class="item">

						<button class="btn-filter-item btn btn-link"
							data-filter="productBrand:Solar Raw Food" data-filter-name="Solar Raw Food">
							Solar Raw Food
							<span class="number">(1)</span>
							<span class="icon-checkmark"></span>
						</button>

					</li>


			</ul>
		</div>
	</div>











	<div class="wrapper-panel">
		<div class="panel-heading filter-heading" data-analytics-component-name="Category Filter Flyout Facet">
			<h5 class="panel-title filter-title collapsed" data-target=".filter-Guiding-Stars" data-parent=".filter-Guiding-Stars" data-toggle="collapse">
				Guiding Stars
				<span class="icon-minimize"></span>
				<span class="icon-plus-sign"></span>
			</h5>
		</div>
		<div class="panel-collapse collapse filter-Guiding-Stars" data-panel="filter-Guiding-Stars">
			<ul class="button-group">

					<li class="item">

						<button class="btn-filter-item btn btn-link"
							data-filter="guidingstarsrating:1" data-filter-name="1">
							1
							<span class="number">(75)</span>
							<span class="icon-checkmark"></span>
						</button>

					</li>

					<li class="item">

						<button class="btn-filter-item btn btn-link"
							data-filter="guidingstarsrating:2" data-filter-name="2">
							2
							<span class="number">(7)</span>
							<span class="icon-checkmark"></span>
						</button>

					</li>


			</ul>
		</div>
	</div>












		</div>
		<div class="wrapper-filters second-column">
			<!-- left empty intentionally -->
		</div>
	</div>
</div>
</div>
				</div>
			<!-- Begin Template: SortFlyout -->
<div class="module-sort-flyout" data-sort-type="popularity">

	<ul class="sort-options">

		<li class="sort-item">
					<a href="RCSS001008010001?filters=&sort=recommended" class="btn-link btn-sort-item">

						Relevance</a>
				</li>

			<li class="sort-item">
					<a href="RCSS001008010001?filters=&sort=popularity" class="btn-link btn-sort-item">

						Top Sellers<span class="icon-checkmark sort-selected"></span>
						</a>
				</li>

			<li class="sort-item">
					<a href="RCSS001008010001?filters=&sort=price-asc" class="btn-link btn-sort-item">

						Price (Low to High)</a>
				</li>

			<li class="sort-item">
					<a href="RCSS001008010001?filters=&sort=price-desc" class="btn-link btn-sort-item">

						Price (High to Low)</a>
				</li>

			<li class="sort-item">
					<a href="RCSS001008010001?filters=&sort=title-asc" class="btn-link btn-sort-item">

						A-Z (alphabetical)</a>
				</li>

			</ul>

</div>
<!-- End Template: SortFlyout -->
</div>
	</div>
</div>
				<div data-auid="footer">
			<div class="yCmsContentSlot">
<div class="container module-footer" id="footer-quicklink" role="contentinfo">
	<div class="row top-line">
		<div class="footer-base-line"></div>
	</div>
	<div class="row footer-list">
		<div class="link-menu visible-sm">
					<span class="footer-quick-links-menu">
					<button type="button" class="btn btn-inline-link collapsed" data-toggle="collapse" data-target=".QuickLinks">Quick Links</button>
				</span>

				<div class="module-footer-quick-link collapse QuickLinks">
						<ul class="footer-dropdown">
							<li>
                                                <a class="btn-inline-link weeklyflyer" href="/deals/flyer?icta=click:quick-links:weekly-flyer" target="">Weekly Flyer</a>
                                            </li>
										<li>
                                                <a class="btn-inline-link clickncollect" href="/?icta=click:quick-links:click-and-collect" target="">Online Grocery</a>
                                            </li>
										<li>
                                                <a class="btn-inline-link storelocator" href="/store-locator?icta=click:quick-links:store-locator" target="">Store Locator</a>
                                            </li>
										<li>
                                                <a class="btn-inline-link item_9nzz" href="/invite?icid=footer_invite" target="">Refer a Friend</a>
                                            </li>
										<li>
                                                <a class="btn-inline-link item_902q" href="/delivery" target="">Delivery</a>
                                            </li>
										</ul>
					</div>
					<div class="module-footer-quick-link hidden-sm">
						<ul class="footer-dropdown">
							<li>
                                                <a class="btn-inline-link weeklyflyer" href="/deals/flyer?icta=click:quick-links:weekly-flyer" target="">Weekly Flyer</a>
                                            </li>
										<li>
                                                <a class="btn-inline-link clickncollect" href="/?icta=click:quick-links:click-and-collect" target="">Online Grocery</a>
                                            </li>
										<li>
                                                <a class="btn-inline-link storelocator" href="/store-locator?icta=click:quick-links:store-locator" target="">Store Locator</a>
                                            </li>
										<li>
                                                <a class="btn-inline-link item_9nzz" href="/invite?icid=footer_invite" target="">Refer a Friend</a>
                                            </li>
										<li>
                                                <a class="btn-inline-link item_902q" href="/delivery" target="">Delivery</a>
                                            </li>
										</ul>
					</div>
				</div>

				<div class="link-menu hidden-sm">
					<span class="footer-quick-links-menu">
					<div class="link-list-title">Quick Links</div>
				</span>

				<div class="module-footer-quick-link collapse QuickLinks">
						<ul class="footer-dropdown">
							<li>
                                                <a class="btn-inline-link weeklyflyer" href="/deals/flyer?icta=click:quick-links:weekly-flyer" target="">Weekly Flyer<span class="sr-only">Quick Links</span></a>
                                            </li>
										=
							<li>
                                                <a class="btn-inline-link clickncollect" href="/?icta=click:quick-links:click-and-collect" target="">Online Grocery<span class="sr-only">Quick Links</span></a>
                                            </li>
										=
							<li>
                                                <a class="btn-inline-link storelocator" href="/store-locator?icta=click:quick-links:store-locator" target="">Store Locator<span class="sr-only">Quick Links</span></a>
                                            </li>
										=
							<li>
                                                <a class="btn-inline-link item_9nzz" href="/invite?icid=footer_invite" target="">Refer a Friend<span class="sr-only">Quick Links</span></a>
                                            </li>
										=
							<li>
                                                <a class="btn-inline-link item_902q" href="/delivery" target="">Delivery<span class="sr-only">Quick Links</span></a>
                                            </li>
										=
							</ul>
					</div>
					<div class="module-footer-quick-link hidden-sm">
						<ul class="footer-dropdown">
							<li>
                                                <a class="btn-inline-link weeklyflyer" href="/deals/flyer?icta=click:quick-links:weekly-flyer" target="">Weekly Flyer<span class="sr-only">Quick Links</span></a>
                                            </li>
										<li>
                                                <a class="btn-inline-link clickncollect" href="/?icta=click:quick-links:click-and-collect" target="">Online Grocery<span class="sr-only">Quick Links</span></a>
                                            </li>
										<li>
                                                <a class="btn-inline-link storelocator" href="/store-locator?icta=click:quick-links:store-locator" target="">Store Locator<span class="sr-only">Quick Links</span></a>
                                            </li>
										<li>
                                                <a class="btn-inline-link item_9nzz" href="/invite?icid=footer_invite" target="">Refer a Friend<span class="sr-only">Quick Links</span></a>
                                            </li>
										<li>
                                                <a class="btn-inline-link item_902q" href="/delivery" target="">Delivery<span class="sr-only">Quick Links</span></a>
                                            </li>
										</ul>
					</div>
				</div>

				<div class="dotted-divider visible-sm"></div>

			<div class="link-menu visible-sm">
					<span class="footer-quick-links-menu">
					<button type="button" class="btn btn-inline-link collapsed" data-toggle="collapse" data-target=".Orders">Orders</button>
				</span>

				<div class="module-footer-quick-link collapse Orders">
						<ul class="footer-dropdown">
							<li>
                                                <a class="btn-inline-link substitutions" href="/faq#faq-faqAvailable" target="">Substitutions</a>
                                            </li>
										<li>
                                                <a class="btn-inline-link retrunsnexcchanges" href="/faq#faq-faqReturns" target="">Returns & Exchanges</a>
                                            </li>
										<li>
                                                <a class="btn-inline-link paymentnprocess" href="/faq#faq-faqCard" target="">Payments & Process</a>
                                            </li>
										</ul>
					</div>
					<div class="module-footer-quick-link hidden-sm">
						<ul class="footer-dropdown">
							<li>
                                                <a class="btn-inline-link substitutions" href="/faq#faq-faqAvailable" target="">Substitutions</a>
                                            </li>
										<li>
                                                <a class="btn-inline-link retrunsnexcchanges" href="/faq#faq-faqReturns" target="">Returns & Exchanges</a>
                                            </li>
										<li>
                                                <a class="btn-inline-link paymentnprocess" href="/faq#faq-faqCard" target="">Payments & Process</a>
                                            </li>
										</ul>
					</div>
				</div>

				<div class="link-menu hidden-sm">
					<span class="footer-quick-links-menu">
					<div class="link-list-title">Orders</div>
				</span>

				<div class="module-footer-quick-link collapse Orders">
						<ul class="footer-dropdown">
							<li>
                                                <a class="btn-inline-link substitutions" href="/faq#faq-faqAvailable" target="">Substitutions<span class="sr-only">Orders</span></a>
                                            </li>
										=
							<li>
                                                <a class="btn-inline-link retrunsnexcchanges" href="/faq#faq-faqReturns" target="">Returns & Exchanges<span class="sr-only">Orders</span></a>
                                            </li>
										=
							<li>
                                                <a class="btn-inline-link paymentnprocess" href="/faq#faq-faqCard" target="">Payments & Process<span class="sr-only">Orders</span></a>
                                            </li>
										=
							</ul>
					</div>
					<div class="module-footer-quick-link hidden-sm">
						<ul class="footer-dropdown">
							<li>
                                                <a class="btn-inline-link substitutions" href="/faq#faq-faqAvailable" target="">Substitutions<span class="sr-only">Orders</span></a>
                                            </li>
										<li>
                                                <a class="btn-inline-link retrunsnexcchanges" href="/faq#faq-faqReturns" target="">Returns & Exchanges<span class="sr-only">Orders</span></a>
                                            </li>
										<li>
                                                <a class="btn-inline-link paymentnprocess" href="/faq#faq-faqCard" target="">Payments & Process<span class="sr-only">Orders</span></a>
                                            </li>
										</ul>
					</div>
				</div>

				<div class="dotted-divider visible-sm"></div>

			<div class="link-menu last-child visible-sm">
					<span class="footer-quick-links-menu">
					<button type="button" class="btn btn-inline-link collapsed" data-toggle="collapse" data-target=".About">About</button>
				</span>

				<div class="module-footer-quick-link collapse About">
						<ul class="footer-dropdown">
							<li>
                                                <a class="btn-inline-link contactus" href="/contact-us" target="">Contact Us</a>
                                            </li>
										<li>
                                                <a class="btn-inline-link faqs" href="/faq" target="">FAQs</a>
                                            </li>
										<li>
                                                <a class="btn-inline-link item_3yqw" href="/about" target="">Who We Are</a>
                                            </li>
										<li>
                                                <a class="btn-inline-link item_69b4" href="/seafood-responsibility" target="">Seafood Responsibility</a>
                                            </li>
										<li>
                                                <a class="btn-inline-link aboutclickandcollect" href="/online-grocery-shopping" target="">About Online Shopping</a>
                                            </li>
										<li>
                                                <a class="btn-inline-link item_a0c9" href="/pcexpress" target="">About <em>PC Express</em> Locations</a>
                                            </li>
										</ul>
					</div>
					<div class="module-footer-quick-link hidden-sm">
						<ul class="footer-dropdown">
							<li>
                                                <a class="btn-inline-link contactus" href="/contact-us" target="">Contact Us</a>
                                            </li>
										<li>
                                                <a class="btn-inline-link faqs" href="/faq" target="">FAQs</a>
                                            </li>
										<li>
                                                <a class="btn-inline-link item_3yqw" href="/about" target="">Who We Are</a>
                                            </li>
										<li>
                                                <a class="btn-inline-link item_69b4" href="/seafood-responsibility" target="">Seafood Responsibility</a>
                                            </li>
										<li>
                                                <a class="btn-inline-link aboutclickandcollect" href="/online-grocery-shopping" target="">About Online Shopping</a>
                                            </li>
										<li>
                                                <a class="btn-inline-link item_a0c9" href="/pcexpress" target="">About <em>PC Express</em> Locations</a>
                                            </li>
										</ul>
					</div>
				</div>

				<div class="link-menu last-child hidden-sm">
					<span class="footer-quick-links-menu">
					<div class="link-list-title">About</div>
				</span>

				<div class="module-footer-quick-link collapse About">
						<ul class="footer-dropdown">
							<li>
                                                <a class="btn-inline-link contactus" href="/contact-us" target="">Contact Us<span class="sr-only">About</span></a>
                                            </li>
										=
							<li>
                                                <a class="btn-inline-link faqs" href="/faq" target="">FAQs<span class="sr-only">About</span></a>
                                            </li>
										=
							<li>
                                                <a class="btn-inline-link item_3yqw" href="/about" target="">Who We Are<span class="sr-only">About</span></a>
                                            </li>
										=
							<li>
                                                <a class="btn-inline-link item_69b4" href="/seafood-responsibility" target="">Seafood Responsibility<span class="sr-only">About</span></a>
                                            </li>
										=
							<li>
                                                <a class="btn-inline-link aboutclickandcollect" href="/online-grocery-shopping" target="">About Online Shopping<span class="sr-only">About</span></a>
                                            </li>
										=
							<li>
                                                <a class="btn-inline-link item_a0c9" href="/pcexpress" target="">About <em>PC Express</em> Locations<span class="sr-only">About</span></a>
                                            </li>
										=
							</ul>
					</div>
					<div class="module-footer-quick-link hidden-sm">
						<ul class="footer-dropdown">
							<li>
                                                <a class="btn-inline-link contactus" href="/contact-us" target="">Contact Us<span class="sr-only">About</span></a>
                                            </li>
										<li>
                                                <a class="btn-inline-link faqs" href="/faq" target="">FAQs<span class="sr-only">About</span></a>
                                            </li>
										<li>
                                                <a class="btn-inline-link item_3yqw" href="/about" target="">Who We Are<span class="sr-only">About</span></a>
                                            </li>
										<li>
                                                <a class="btn-inline-link item_69b4" href="/seafood-responsibility" target="">Seafood Responsibility<span class="sr-only">About</span></a>
                                            </li>
										<li>
                                                <a class="btn-inline-link aboutclickandcollect" href="/online-grocery-shopping" target="">About Online Shopping<span class="sr-only">About</span></a>
                                            </li>
										<li>
                                                <a class="btn-inline-link item_a0c9" href="/pcexpress" target="">About <em>PC Express</em> Locations<span class="sr-only">About</span></a>
                                            </li>
										</ul>
					</div>
				</div>

				<div class="dotted-divider visible-sm"></div>

			</div>

<div class="row footer-list hidden-sm">
	<div class="dotted-divider"></div>
</div>
</div><div class="container module-footer" role="contentinfo">
	<div class="row footer-conditions">

		<div class="footer-terms">
			<a href="/privacy-policy" class="btn btn-inline-link">Privacy Policy</a>

						 |
						<a href="/termsofuse" class="btn btn-inline-link">Terms of Use</a>

						 |
						<a href="http://www.loblaw.ca/en/careers.html" class="btn btn-inline-link">Careers</a>

						 |
						<a href="/accessibility" class="btn btn-inline-link">Accessibility</a>
						</div>

		<div class="footer-copyright">
			<p>© Loblaws Inc. All Rights Reserved</p>
		</div>

	</div>
</div></div></div>
	<div class="container module-co-brand-footer">
	<div class="yCmsContentSlot">
<div class="wrapper-co-brand-footer visible-lg">
	<div class="row tab-nav">
		<ul class="nav nav-tabs nav-co-brand-tabs">
			<li>
				<div class="co-brand-tab-nav" data-toggle="tab" data-auid="partnerstores" data-target=".partner-stores">Partner Stores</div>
			</li>
			<li>
				<div class="co-brand-tab-nav" data-toggle="tab" data-auid="presidentschoice" data-target=".presidents-choice">President's Choice</div>
			</li>
			<li>
				<div class="co-brand-tab-nav" data-toggle="tab" data-auid="community" data-target=".community">Community</div>
			</li>
		</ul>
	</div>
	<div class="row tab-content">

		<div class="tab-pane fade partner-stores container">







<div class="row row-co-brand co-brand-nav">















			<div class="section no-subheading

			col-lg-2">


				<ul class="row">


						<h4 class="heading-co-brand">
							Western Region
						</h4>





					<ul class="row">















								<li class="co-brand-nav-link"><a href="http://www.boxfoodstores.ca/">Box</a></li>
















								<li class="co-brand-nav-link"><a href="http://www.extrafoods.ca/">Extra Foods</a></li>
















								<li class="co-brand-nav-link"><a href="http://www.loblaws.ca/en_CA/city-market-store-list-page.html">Loblaws City Market</a></li>
















								<li class="co-brand-nav-link"><a href="http://www.nofrills.ca/">No Frills</a></li>
















								<li class="co-brand-nav-link"><a href="http://www.realcanadiansuperstore.ca/">Real Canadian Superstore</a></li>
















								<li class="co-brand-nav-link"><a href="http://www.yourindependentgrocer.ca/">Your Independent Grocer</a></li>
















								<li class="co-brand-nav-link"><a href="http://www.wholesaleclub.ca/">Wholesale Club</a></li>









































































































































































































































































































































































































































































































































































































































































































































































































































































































































































































































































































































































































































































































































































































































































					</ul>
				</ul>
			</div>













			<div class="section col-lg-2">


				<ul class="row">


						<h4 class="heading-co-brand">
							Central Region
						</h4>



						<h5 class="subheading-co-brand">
							Ontario
						</h5>



					<ul class="row">















								<li class="co-brand-nav-link"><a href="http://www.bloorstreetmarket.ca/">Bloor Street Market</a></li>
















								<li class="co-brand-nav-link"><a href="http://www.boxfoodstores.ca/">Box</a></li>
















								<li class="co-brand-nav-link"><a href="http://www.extrafoods.ca/">Extra Foods</a></li>
















								<li class="co-brand-nav-link"><a href="http://www.fortinos.ca/">Fortinos</a></li>
















								<li class="co-brand-nav-link"><a href="http://www.independentcitymarket.ca/en_CA.html">Independent City Market</a></li>
















								<li class="co-brand-nav-link"><a href="http://www.loblaws.ca/en_CA.html">Loblaws</a></li>
















								<li class="co-brand-nav-link"><a href="http://www.nofrills.ca/">No Frills</a></li>
















								<li class="co-brand-nav-link"><a href="http://www.realcanadiansuperstore.ca/">Real Canadian Superstore</a></li>
















								<li class="co-brand-nav-link"><a href="http://www.valumart.ca/">Valu-mart</a></li>
















								<li class="co-brand-nav-link"><a href="http://www.yourindependentgrocer.ca/">Your Independent Grocer</a></li>
















								<li class="co-brand-nav-link"><a href="http://www.zehrs.ca/">Zehrs Markets</a></li>
















								<li class="co-brand-nav-link"><a href="http://www.wholesaleclub.ca/">Wholesale Club</a></li>






























































































































































































































































































































































































































































































































































































































































































































































































































































































































































































































































































































































































































































































































































































					</ul>
				</ul>
			</div>













			<div class="section no-heading


			col-lg-2">


				<ul class="row">




						<h5 class="subheading-co-brand">
							Québec
						</h5>



					<ul class="row">















								<li class="co-brand-nav-link"><a href="http://www.maxi.ca/">Maxi/Maxi & Cie</a></li>
















								<li class="co-brand-nav-link"><a href="http://www.provigo.ca/en_CA.html">Provigo</a></li>
















								<li class="co-brand-nav-link"><a href="http://www.wholesaleclub.ca/">Wholesale Club</a></li>





































































































































































































































































































































































































































































































































































































































































































































































































































































































































































































































































































































































































































































































































































































































































































































					</ul>
				</ul>
			</div>













			<div class="section no-subheading

			col-lg-2">


				<ul class="row">


						<h4 class="heading-co-brand">
							Atlantic Region
						</h4>





					<ul class="row">















								<li class="co-brand-nav-link"><a href="http://www.atlanticsuperstore.ca/">Atlantic Superstore</a></li>
















								<li class="co-brand-nav-link"><a href="http://www.newfoundlandgrocerystores.ca/">Dominion Stores</a></li>
















								<li class="co-brand-nav-link"><a href="http://www.nofrills.ca/">No Frills</a></li>
















								<li class="co-brand-nav-link"><a href="http://www.saveeasy.ca/">Save Easy</a></li>
















								<li class="co-brand-nav-link"><a href="http://www.yourindependentgrocer.ca/">Your Independent Grocer</a></li>
















								<li class="co-brand-nav-link"><a href="http://www.wholesaleclub.ca/">Wholesale Club</a></li>
























































































































































































































































































































































































































































































































































































































































































































































































































































































































































































































































































































































































































































































































































































































































































					</ul>
				</ul>
			</div>













			<div class="section no-subheading

			col-lg-2">


				<ul class="row">


						<h4 class="heading-co-brand">
							Other Partner Stores
						</h4>





					<ul class="row">















								<li class="co-brand-nav-link"><a href="https://www.joefresh.com/ca">Joe Fresh</a></li>
















								<li class="co-brand-nav-link"><a href="https://www.photolab.ca/en-CA">Photo Lab</a></li>




















































































































































































































































































































































































































































































































































































































































































































































































































































































































































































































































































































































































































































































































































































































































































































































					</ul>
				</ul>
			</div>



























</div></div>


		<div class="tab-pane fade presidents-choice container">
			<div class="row row-co-brand">
				<div class="co-brand-nav first">
					<h4 class="heading-co-brand">Departments</h4>
						<div class="container container-store-links">
						<ul class="row">
							<li class="co-brand-nav-link"><a href="http://www.presidentschoice.ca/en_CA/products.html" target="_blank">PC<sup>®</sup> Products</a></li>
							<li class="co-brand-nav-link"><a href="http://www.pccookingschool.ca" target="_blank">PC<sup>®</sup> Cooking School</a></li>
							<li class="co-brand-nav-link"><a href="http://www.pcfinancial.ca/" target="_blank">PC<sup>®</sup> Financial</a></li>
							<li class="co-brand-nav-link"><a href="http://www.pcinsurance.ca/" target="_blank">PC<sup>®</sup> Insurance</a></li>
							<li class="co-brand-nav-link"><a href="http://www.pcmobile.ca" target="_blank">PC<sup>®</sup> Mobile</a></li>
							<li class="co-brand-nav-link"><a href="http://www.presidentschoice.ca/en_CA/familypage/gift-cards.html" target="_blank">PC<sup>®</sup> Gift Cards</a></li>
							</ul>
					</div>
				</div>
				<div class="co-brand-nav last">
					<h4 class="heading-co-brand">Ideas You'll Love</h4>
						<div class="container container-store-links">
						<ul class="row">
							<li class="co-brand-nav-link"><a href="http://www.presidentschoice.ca/en_CA/recipes.html" target="_blank">Recipes</a></li>
							<li class="co-brand-nav-link"><a href="http://www.presidentschoice.ca/en_CA/articles.html" target="_blank">Smart Tips</a></li>
							<li class="co-brand-nav-link"><a href="http://www.presidentschoice.ca/en_CA/videos.html" target="_blank">Videos</a></li>
							</ul>
					</div>
				</div>
			</div>
		</div>

		<div class="tab-pane fade community container">
			<div class="row row-co-brand">
				<div class="co-brand-nav">
					<div class="container container-community-links">
						<ul class="row">
							<li class="co-brand-nav-link"><a href="http://www.presidentschoice.ca/en_CA/community/pccc.html" target="_blank">President's Choice<sup>®</sup> Children's Charity</a></li>
							</ul>
					</div>
				</div>
			</div>
		</div>
	</div>

</div>
<div class="wrapper-co-brand-footer hidden-lg">
	<div class="co-brand-panel-group co-brand-accordion">
		<div class="panel accordion-group panel-partner-stores">
			<div class="panel-heading">
				<div class="panel-title" data-toggle="collapse" data-auid="partnerstores-collapse" data-target=".panel-collapse.partner-stores" data-parent=".co-brand-panel-group">
					<h4>Partner Stores</h4>
				</div>
			</div>

			<div class="panel-collapse container collapse partner-stores">
				<div class="panel-body row partner-stores-body">







<div class="row row-co-brand co-brand-nav">















			<div class="section no-subheading">


				<ul class="row">


						<h4 class="heading-co-brand">
							Western Region
						</h4>





					<ul class="row">















								<li class="co-brand-nav-link"><a href="http://www.boxfoodstores.ca/">Box</a></li>
















								<li class="co-brand-nav-link"><a href="http://www.extrafoods.ca/">Extra Foods</a></li>
















								<li class="co-brand-nav-link"><a href="http://www.loblaws.ca/en_CA/city-market-store-list-page.html">Loblaws City Market</a></li>
















								<li class="co-brand-nav-link"><a href="http://www.nofrills.ca/">No Frills</a></li>
















								<li class="co-brand-nav-link"><a href="http://www.realcanadiansuperstore.ca/">Real Canadian Superstore</a></li>
















								<li class="co-brand-nav-link"><a href="http://www.yourindependentgrocer.ca/">Your Independent Grocer</a></li>
















								<li class="co-brand-nav-link"><a href="http://www.wholesaleclub.ca/">Wholesale Club</a></li>









































































































































































































































































































































































































































































































































































































































































































































































































































































































































































































































































































































































































































































































































































































































































					</ul>
				</ul>
			</div>













			<div class="section ">


				<ul class="row">


						<h4 class="heading-co-brand">
							Central Region
						</h4>



						<h5 class="subheading-co-brand">
							Ontario
						</h5>



					<ul class="row">















								<li class="co-brand-nav-link"><a href="http://www.bloorstreetmarket.ca/">Bloor Street Market</a></li>
















								<li class="co-brand-nav-link"><a href="http://www.boxfoodstores.ca/">Box</a></li>
















								<li class="co-brand-nav-link"><a href="http://www.extrafoods.ca/">Extra Foods</a></li>
















								<li class="co-brand-nav-link"><a href="http://www.fortinos.ca/">Fortinos</a></li>
















								<li class="co-brand-nav-link"><a href="http://www.independentcitymarket.ca/en_CA.html">Independent City Market</a></li>
















								<li class="co-brand-nav-link"><a href="http://www.loblaws.ca/en_CA.html">Loblaws</a></li>
















								<li class="co-brand-nav-link"><a href="http://www.nofrills.ca/">No Frills</a></li>
















								<li class="co-brand-nav-link"><a href="http://www.realcanadiansuperstore.ca/">Real Canadian Superstore</a></li>
















								<li class="co-brand-nav-link"><a href="http://www.valumart.ca/">Valu-mart</a></li>
















								<li class="co-brand-nav-link"><a href="http://www.yourindependentgrocer.ca/">Your Independent Grocer</a></li>
















								<li class="co-brand-nav-link"><a href="http://www.zehrs.ca/">Zehrs Markets</a></li>
















								<li class="co-brand-nav-link"><a href="http://www.wholesaleclub.ca/">Wholesale Club</a></li>






























































































































































































































































































































































































































































































































































































































































































































































































































































































































































































































































































































































































































































































































































































					</ul>
				</ul>
			</div>













			<div class="section no-heading">


				<ul class="row">




						<h5 class="subheading-co-brand">
							Québec
						</h5>



					<ul class="row">















								<li class="co-brand-nav-link"><a href="http://www.maxi.ca/">Maxi/Maxi & Cie</a></li>
















								<li class="co-brand-nav-link"><a href="http://www.provigo.ca/en_CA.html">Provigo</a></li>
















								<li class="co-brand-nav-link"><a href="http://www.wholesaleclub.ca/">Wholesale Club</a></li>





































































































































































































































































































































































































































































































































































































































































































































































































































































































































































































































































































































































































































































































































































































































































































































					</ul>
				</ul>
			</div>













			<div class="section no-subheading">


				<ul class="row">


						<h4 class="heading-co-brand">
							Atlantic Region
						</h4>





					<ul class="row">















								<li class="co-brand-nav-link"><a href="http://www.atlanticsuperstore.ca/">Atlantic Superstore</a></li>
















								<li class="co-brand-nav-link"><a href="http://www.newfoundlandgrocerystores.ca/">Dominion Stores</a></li>
















								<li class="co-brand-nav-link"><a href="http://www.nofrills.ca/">No Frills</a></li>
















								<li class="co-brand-nav-link"><a href="http://www.saveeasy.ca/">Save Easy</a></li>
















								<li class="co-brand-nav-link"><a href="http://www.yourindependentgrocer.ca/">Your Independent Grocer</a></li>
















								<li class="co-brand-nav-link"><a href="http://www.wholesaleclub.ca/">Wholesale Club</a></li>
























































































































































































































































































































































































































































































































































































































































































































































































































































































































































































































































































































































































































































































































































































































































































					</ul>
				</ul>
			</div>













			<div class="section no-subheading">


				<ul class="row">


						<h4 class="heading-co-brand">
							Other Partner Stores
						</h4>





					<ul class="row">















								<li class="co-brand-nav-link"><a href="https://www.joefresh.com/ca">Joe Fresh</a></li>
















								<li class="co-brand-nav-link"><a href="https://www.photolab.ca/en-CA">Photo Lab</a></li>




















































































































































































































































































































































































































































































































































































































































































































































































































































































































































































































































































































































































































































































































































































































































































































































					</ul>
				</ul>
			</div>



























</div></div>
			</div>
		</div>
		<div class="panel accordion-group panel-presidents-choice">
			<div class="panel-heading">
				<div class="panel-title" data-toggle="collapse" data-auid="presidentschoice-collapse" data-target=".panel-collapse.presidents-choice" data-parent=".co-brand-panel-group">
					<h4>President's Choice</h4>
				</div>
			</div>
			<div class="panel-collapse container collapse presidents-choice">
				<div class="panel-body row presidents-choice-body">
					<div class="co-brand-nav first">
						<h4 class="heading-co-brand">Departments</h4>
							<ul>
							<li class="co-brand-nav-link"><a href="http://www.presidentschoice.ca/en_CA/products.html" >PC<sup>®</sup> Products</a></li>
							<li class="co-brand-nav-link"><a href="http://www.pccookingschool.ca" >PC<sup>®</sup> Cooking School</a></li>
							<li class="co-brand-nav-link"><a href="http://www.pcfinancial.ca/" >PC<sup>®</sup> Financial</a></li>
							<li class="co-brand-nav-link"><a href="http://www.pcinsurance.ca/" >PC<sup>®</sup> Insurance</a></li>
							<li class="co-brand-nav-link"><a href="http://www.pcmobile.ca" >PC<sup>®</sup> Mobile</a></li>
							<li class="co-brand-nav-link"><a href="http://www.presidentschoice.ca/en_CA/familypage/gift-cards.html" >PC<sup>®</sup> Gift Cards</a></li>
							</ul>
					</div>
					<div class="co-brand-nav last">
						<h4 class="heading-co-brand">Ideas You'll Love</h4>
							<div class="container container-store-links">
							<ul class="row">
								<li class="co-brand-nav-link"><a href="http://www.presidentschoice.ca/en_CA/recipes.html" >Recipes</a></li>
								<li class="co-brand-nav-link"><a href="http://www.presidentschoice.ca/en_CA/articles.html" >Smart Tips</a></li>
								<li class="co-brand-nav-link"><a href="http://www.presidentschoice.ca/en_CA/videos.html" >Videos</a></li>
								</ul>
						</div>
					</div>
				</div>
			</div>
		</div>
		<div class="panel accordion-group panel-community">
			<div class="panel-heading">
				<div class="panel-title last" data-toggle="collapse" data-auid="community-collapse" data-target=".panel-collapse.community" data-parent=".co-brand-panel-group">
					<h4>Community</h4>
				</div>
			</div>
			<div class="panel-collapse collapse community">
				<div class="panel-body row community-body">
					<div class="co-brand-nav">
						<h4 class="heading-co-brand"></h4>
							<div class="container container-store-links">
							<ul class="row">
								<li class="co-brand-nav-link"><a href="http://www.presidentschoice.ca/en_CA/community/pccc.html" >President's Choice<sup>®</sup> Children's Charity</a></li>
								</ul>
						</div>
					</div>
				</div>
			</div>
		</div>
	</div>
</div>

</div></div>

<!--- Tooltip player -->
</div>
		</div>
		<div class="js-store-selector"
			data-save-ajax-url="/booking/save?CSRFToken=9af9e160-7d7f-4cdf-9627-4f0808aa8853&cartId=531001059037773"
			data-validation-ajax-url="/booking/validate?CSRFToken=9af9e160-7d7f-4cdf-9627-4f0808aa8853"
			data-all-stores-url="/store-locator/v2/locations/all"
			data-loading-text="Saving your store..."></div>

		<form name="accessiblityForm">
				<input type="hidden" id="accesibility_refreshScreenReaderBufferField" name="accesibility_refreshScreenReaderBufferField" value="" />
			</form>

			<div id="ariaStatusMsg" class="skip" role="status" aria-relevant="text" aria-live="polite"></div>
			<script>
            			window['adrum-start-time'] = new Date().getTime();
            			window['adrum-app-key'] = 'AD-AAB-AAC-WMD';
            		</script>
            		<script async src="/media/javascripts/vendor/adrum.js"></script>
            		<script src="https://assets.adobedtm.com/ec12e179889c41354087f1ac19e02839d7c19f0e/satelliteLib-105d18abadb6163816bb52f11c640058778e502a.js"></script>
            <script type="text/javascript" src=""></script>



    <script async src="https://d2jjzw81hqbuqv.cloudfront.net/integration/clients/superstore-v4.min.js"></script>
    <script>
        window._talkableq = window._talkableq || [];
        window._talkableq.unshift(['init', { site_id: 'superstore' }]);
        window._talkableq.push(['authenticate_customer', {
            email: 'fizzyted@gmail.com',
            first_name: 'Samuel',
            last_name: 'Walker'
        }]);


            window._talkableq.push(['register_affiliate', {}]);




    </script>

<!-- [Last modified 14/11/2018 @ 22:30:17] -->


			<footer>
				<script src="/media/javascripts/require.js"></script>
				<script src="/media/javascripts/main.js"></script>

				<script type="text/javascript" data-page='pages/subcategory'>
					if (typeof window._satellite === 'undefined') {
						console.warn('Adobe DTM is not loaded');
						window._satellite = {
							track: function () { },
							pageBottom: function () { },
							setVar: function () { }
						};
					}

					if (typeof window.pageAnalyticsCache === 'undefined') {
						window.pageAnalyticsCache = {};
					}

					require.config({
						urlArgs : 'f13c0ee30fb48458200b6c207ad97140'
					});
					require(['global'], function(__global) {});

					</script>










<script type="text/javascript">

	window.translatedMessages = {
		addToCartFail: "Could not add <a href='{{url}}'>{{product}}</a> to your Shopping Cart. <a href='#' class='refresh_page'>Click here to refresh the page</a>",
		globalErrorRefresh: "Refresh the Page",
		globalErrorGeneric: "Sorry, something went wrong.",

		deleteText: "Delete product {0}",
		orderPlaced: "Order Placed",
		quantityText: "Qty:",
		viewOrder: "View Order",
		minSpend: "Spend at least $30.00 before discounts to check out.",
		checkout: "CHECKOUT",
		editCart: "EDIT CART",
		timeslotExpiry: "Time-slot expiring in {0} minute(s). Please place order to reserve your time-slot.",
		timeslotDismiss: "Dismiss",
		orderPickup: "Order in progress, <a href='/livecart/preparing-order/order/{0}'>click here</a> for order and pickup details.",
		subTotal: "Subtotal",
		selectStoreForAccuratePrices: "Please select a store from the Store Locator for accurate product data",
		noStoreMatchesThatFilter: "No stores match your search criteria.  Please revise your search and try again.",
		bookingUnavailableForNewSelectedStore: "Your selected booking is unavailable at your present store. Please select again.",
		creditCardAboutToExpire: "Your primary credit card will expire on {0}. Please update information by the expiry date to continue using this card.",
	    shopScanInProgress: "You cannot add items to your cart as you currently have a Shop & Scan order in progress. In order to add items to the cart, you must exit Shop & Scan mode."
	};

	if (typeof _satellite !== 'undefined') {
		_satellite.pageBottom();
	}



</script></footer>

			</body>
	</html>
