<div class="item">
		









































	
	
		
		
		
		
			
		
	





























<div class="module-grocery-product quickview-simple  clicked" data-quickview-ajax-url="/p/20667893_EA/quickViewProduct" data-product-id="20667893_EA"  data-product-price="$3.28">
    
	
	
		<span class="subtitle"></span>
	

	<div class="product-page-hotspot">
	    <div class="product-cell quickview-button">
	  	    <div class="product-image ">
                
	  		    <img src="https://assets.shop.loblaws.ca/products/20667893/b1/en/front/20667893_front_a01.png" onerror="this.src='https://assets.shop.loblaws.ca/products/NoImage/b1/en/front/NoImage_front_a01_@2.png';" alt="Banana Chips, Spicy" />
                
	  			    
	  	        
                
                    
                

	  		    

	  		    

	  		    

	  		    <div class="hover-text-container">
	  			    <button href="#" tabindex="0" class="hover-text " aria-label="Quick View for Banana Chips, Spicy.">Quick View</button>
	  		    </div>
	  	    </div>
	    </div>

	    <div class="product-in-cart">
	  	    <div class="wrapper-product-in-cart">
	  		    <span>
	  			    In Cart
	  		    </span>
	  	    </div>
	    </div>

	    <div class="product-info">
	  	    <div class="product-name-wrapper">
	  		    <a href="/Food/Pantry/Chips-%26-Salty-Snacks/Potato-Chips/Banana-Chips%2C-Spicy/p/20667893_EA" class="product-name" aria-label="Product page for Banana Chips, Spicy" >
	  			    

	  			    

	  			    <span class="js-product-entry-name">Banana Chips, Spicy</span>

	  			    <span class="js-product-entry-size-detail">(341 g)</span>

	  		    </a>
	  	    </div>
	  	    
	  	    
	  		    
	  		    
	  			    



	
	
		
		<span class="ad-match-badge  hidden">Ad Match</span>
	

	  				
	  			        
	  					
	  				        
	  					
	  				
	  		    
	  	    

	  	    <div class="price">
			    <div class="price-wrapper no-discount  ">
				    <span class="reg-price  " aria-label="Regular Price: $3.28">
					    <span class="reg-price-text">$3.28</span>
					    
					    <sup class="reg-price-unit">ea</sup>
				    </span>
				    <span class="sale-price hidden" aria-label="Sale Price:">
					    <span class="sale-price-text"></span>
					    <sup class="sale-price-unit">ea</sup>
				    </span>
				    
				    <span class="secondary-price hidden">
					    
					    <span class="secondary-price-text" aria-label="Secondary Price:"></span>
				    </span>
			    </div>
	  	    </div>

	  	    <div class="qty">
	  		    <span class="reg-qty  ">
		
			
		  	
		  		<span class="sr-only">Sale Price Per Unit:</span>
        $0.96
        /
        100
        g
		  	
	  	
	</span>

	<span class="sale-qty hidden">
		
			
		  	
		  		<span class="sr-only">Sale Price Per Unit:</span>
        $0.96
        /
        100
        g
		  	
	  	
	</span>

	<span class="secondary-qty hidden">
		
	  	<span class="secondary-qty-text"></span>
	</span>
	  	    </div>
	    </div>


	    

	    
	</div>
	<form class="form-product  quickview-btn-simple"
	  data-product-id="20667893_EA"
	  data-min-qty="1.0"
	  data-max-qty="999.0"
	  data-unit-type="ea"
	  data-cart-qty="1"
	  data-default-qty="1"
	  novalidate="novalidate"
	  promoCode=""
	  promoNumber=""
	  data-is-customized="false"
	  data-cart-url="/cart/product/20667893_EA"
	  data-csrf-token="5582ec01-90c0-448b-b4f7-e2cf68d9f8a0"
	  data-is-weighted-product="false">

	<div class="module-add-to-cart " data-change-type="plus" data-auto-edit="true" data-auto-add="true"
		 data-cart-ajax-url="/cart/updateCart">
		<div class="wrapper-add-to-cart-btn">
					<div class="module-add-to-cart-button-small">
							<button type="button" class="btn btn-secondary btn-add-to-cart " data-auid="add-to-cart-button" data-has-pts-badge="false" aria-label="Add Banana Chips, Spicy to cart">
										<span class="icon-cart"></span>
										<span class="add-to-cart-text">
											Add</span>
									</button>
									<button type="button" class="btn btn-secondary btn-edit-cart hidden " aria-label="Edit Cart">
										<span class="qty-in-cart"></span>
										<span class="edit-cart-text">
											<spring code="product.edit.text" />"
										</span>
									</button>
								<div class="add-list-parent add-list-module  bottom-add-list-module ">
	<button class="btn btn-inline-link btn-save-to-list  dark is-btn-animated" 
	  data-login-url="/account/login?productCode=20667893_EA" 
	  data-ajax-url="/restful/lists/all?productCode=20667893_EA" 
	  data-user-guest="Y" 
	  data-user-guest="Y" data-product-code="20667893_EA" 
	  data-delete-item="false"
	  aria-label="Add Banana Chips, Spicy to a List">
	  <span class="glyphicon glyphicon-th-list"></span>
	  <div class="list-cta-text  is-btn-animated">Add to List</div>
	</button>
	 
	<!-- this is the list HTML   -->
	<div class="save-to-list-popup  is-btn-animated animation-up dark" 
	  data-save-to-list-error="Can not get lists at this time. Please try again later."
	  data-product-name="Banana Chips, Spicy">
	  <div class="inner-container">
	  </div>
	  
	</div>
</div>





<script id="tmpl-product-list-grid" type="text/x-dot-template">
<ul>
{{~it.shoppingListData :entry:index }}
	{{? entry.added }}
			<li class="already-added">
			<div class="no-link item-label">
			
			<span class="category-list-name">{{=entry.shoppingListName}}</span>
			</div><span class="glyphicon glyphicon-ok"></span></li>
	{{??}}
			<li class="has-item-label-link"><a data-shopping-list-name="{{=entry.shoppingListName}}" 
			 class="item-label"
			 data-submit-message="{{!entry.addMessage}}"
			 href="/restful/lists/{{=entry.shoppingListCode}}/product/{{=it.productCode}}?CSRFToken={{=it.csrf}}">{{=entry.shoppingListName}}</a></li>
	{{?}}
{{~}}
<li class="create-new trigger-modal" data-modal-content-id="create-list-modal-content" data-productcode="{{=it.productCode}}"><a href="#">Create New List</a></li>
</ul>
</script>

<!-- Begin Template: createListModal -->
<script type="text/x-dot-template" class="modal-content" id="create-list-modal-content">
		<div class="wrapper-new-list-popup">
			<div class="new-list-popup-container">
				<h1>
					Create a new list</h1>
				<div class="subhead">
					Lists are a great way to organize your shopping needs. After you create a list, they can be found in the "My Favourites" page.</div>
				{{? it.productcode }}
					<form class="container form-create-list" novalidate="novalidate" method="POST" commandName="shoppingListForm" action="/restful/lists/{{=it.productcode}}?CSRFToken=5582ec01-90c0-448b-b4f7-e2cf68d9f8a0" data-ajax-url="/restful/lists/{{=it.productcode}}?CSRFToken=5582ec01-90c0-448b-b4f7-e2cf68d9f8a0" data-server-error-message="Sorry, something went wrong. Please try again later.">
				{{??}}
					<form class="container form-create-list" novalidate="novalidate" method="POST" commandName="shoppingListForm" action="/restful/lists/?CSRFToken=5582ec01-90c0-448b-b4f7-e2cf68d9f8a0" data-ajax-url="/restful/lists/?CSRFToken=5582ec01-90c0-448b-b4f7-e2cf68d9f8a0" data-server-error-message="Sorry, something went wrong. Please try again later.">
				{{?}}
					<div class="row-error">
						<div>
							<span class='warning server-warning'>
							</span>
						</div>
					</div>
					<input id="name" name="name" class="form-control input-list-name" type="text" autocomplete="off"
						autofocus
						placeholder="Enter a name" path="name" maxlength="160"
						required="true" data-msg-required="Please enter name for list." />
		
					<textarea id="description" name="description" class="form-control input-list-desc" type="text"
						placeholder="Add a description (optional)" path="description" maxlength="160"></textarea>
		
					<button type="submit" class="btn btn-primary save-list input-submitter-submit">
						Save</button>
		
					<a href="javascript:void(0)" class="cancel-new-list modal-close">
						Cancel</a>
				</form>
			</div>
		</div>
</script>

<!-- End Template: createListModal --></div>
				</div>
			</div>


	<div class="module-plus-minus-buttons small hidden ">
			<button type="button" class="btn cart-change-qty" data-change-type="minus" data-auid="decrease-product-quantity" alt="Minus" aria-label="Minus">
				<span class="icon-minimize"></span>
			</button>
			<div class="plus-minus-input-wrapper">
				<input class="input-qty cart-change-qty" aria-label="Enter manual quantity" type="text" name="qty" title="Change quantity in cart"
							data-unit-type="ea"
							value="1ea" data-change-type="equals"
							maxlength="7">

						<span class="input-qty-pretty">
							<span class="input-qty-pretty-value">1</span>
							<span class="input-qty-pretty-unit"></span>
						</span>
					</div>

			<button type="button" class="btn cart-change-qty" data-change-type="plus" data-auid="increase-product-quantity" alt="Plus" aria-label="Plus">
				<span class="icon-plus-sign"></span>
			</button>

			<p class="deal-limit-reached hidden">Deal Limit Reached</p>

			<div class="tooltip-qty-error tooltip-qty-limit hidden">
				<p>
					Limit to
					&nbsp;
					999
					&nbsp;each&nbsp;
					per customer.</p>
			</div>
			<div class="tooltip-qty-error tooltip-round-error hidden">
				<p>
					We do not have this in the weight you wanted. We've rounded your order to the nearest weight increment we stock.</p>
			</div>
		</div>
	</form>

<!-- End Template: AddToCartSmall -->

</div>
</div>
<div class="item">
		









































	
	
		
		
		
		
			
		
	





























<div class="module-grocery-product quickview-simple  clicked" data-quickview-ajax-url="/p/20340361_EA/quickViewProduct" data-product-id="20340361_EA"  data-product-price="$1.18">
    
	
	
		<span class="subtitle"></span>
	

	<div class="product-page-hotspot">
	    <div class="product-cell quickview-button">
	  	    <div class="product-image ">
                
	  		    <img src="https://assets.shop.loblaws.ca/products/20340361/b1/en/front/20340361_front_a01.png" onerror="this.src='https://assets.shop.loblaws.ca/products/NoImage/b1/en/front/NoImage_front_a01_@2.png';" alt="Potato Chips, Ketchup" />
                
	  			    
	  	        
                
                    
                

	  		    

	  		    

	  		    

	  		    <div class="hover-text-container">
	  			    <button href="#" tabindex="0" class="hover-text " aria-label="Quick View for Potato Chips, Ketchup.">Quick View</button>
	  		    </div>
	  	    </div>
	    </div>

	    <div class="product-in-cart">
	  	    <div class="wrapper-product-in-cart">
	  		    <span>
	  			    In Cart
	  		    </span>
	  	    </div>
	    </div>

	    <div class="product-info">
	  	    <div class="product-name-wrapper">
	  		    <a href="/Food/Pantry/Chips-%26-Salty-Snacks/Potato-Chips/Potato-Chips%2C-Ketchup/p/20340361_EA" class="product-name" aria-label="Product page for Potato Chips, Ketchup" >
	  			    <span class="js-product-entry-brand">No Name&nbsp;</span>

	  			    

	  			    <span class="js-product-entry-name">Potato Chips, Ketchup</span>

	  			    <span class="js-product-entry-size-detail">(200 g)</span>

	  		    </a>
	  	    </div>
	  	    
	  	    
	  		    
	  		    
	  			    



	
	
		
		<span class="ad-match-badge  hidden">Ad Match</span>
	

	  				
	  			        
	  					
	  				        
	  					
	  				
	  		    
	  	    

	  	    <div class="price">
			    <div class="price-wrapper no-discount  ">
				    <span class="reg-price  " aria-label="Regular Price: $1.18">
					    <span class="reg-price-text">$1.18</span>
					    
					    <sup class="reg-price-unit">ea</sup>
				    </span>
				    <span class="sale-price hidden" aria-label="Sale Price:">
					    <span class="sale-price-text"></span>
					    <sup class="sale-price-unit">ea</sup>
				    </span>
				    
				    <span class="secondary-price hidden">
					    
					    <span class="secondary-price-text" aria-label="Secondary Price:"></span>
				    </span>
			    </div>
	  	    </div>

	  	    <div class="qty">
	  		    <span class="reg-qty  ">
		
			
		  	
		  		<span class="sr-only">Sale Price Per Unit:</span>
        $0.59
        /
        100
        g
		  	
	  	
	</span>

	<span class="sale-qty hidden">
		
			
		  	
		  		<span class="sr-only">Sale Price Per Unit:</span>
        $0.59
        /
        100
        g
		  	
	  	
	</span>

	<span class="secondary-qty hidden">
		
	  	<span class="secondary-qty-text"></span>
	</span>
	  	    </div>
	    </div>


	    

	    
	</div>
	<form class="form-product  quickview-btn-simple"
	  data-product-id="20340361_EA"
	  data-min-qty="1.0"
	  data-max-qty="999.0"
	  data-unit-type="ea"
	  data-cart-qty="1"
	  data-default-qty="1"
	  novalidate="novalidate"
	  promoCode=""
	  promoNumber=""
	  data-is-customized="false"
	  data-cart-url="/cart/product/20340361_EA"
	  data-csrf-token="5582ec01-90c0-448b-b4f7-e2cf68d9f8a0"
	  data-is-weighted-product="false">

	<div class="module-add-to-cart " data-change-type="plus" data-auto-edit="true" data-auto-add="true"
		 data-cart-ajax-url="/cart/updateCart">
		<div class="wrapper-add-to-cart-btn">
					<div class="module-add-to-cart-button-small">
							<button type="button" class="btn btn-secondary btn-add-to-cart " data-auid="add-to-cart-button" data-has-pts-badge="false" aria-label="Add Potato Chips, Ketchup to cart">
										<span class="icon-cart"></span>
										<span class="add-to-cart-text">
											Add</span>
									</button>
									<button type="button" class="btn btn-secondary btn-edit-cart hidden " aria-label="Edit Cart">
										<span class="qty-in-cart"></span>
										<span class="edit-cart-text">
											<spring code="product.edit.text" />"
										</span>
									</button>
								<div class="add-list-parent add-list-module  bottom-add-list-module ">
	<button class="btn btn-inline-link btn-save-to-list  dark is-btn-animated" 
	  data-login-url="/account/login?productCode=20340361_EA" 
	  data-ajax-url="/restful/lists/all?productCode=20340361_EA" 
	  data-user-guest="Y" 
	  data-user-guest="Y" data-product-code="20340361_EA" 
	  data-delete-item="false"
	  aria-label="Add Potato Chips, Ketchup to a List">
	  <span class="glyphicon glyphicon-th-list"></span>
	  <div class="list-cta-text  is-btn-animated">Add to List</div>
	</button>
	 
	<!-- this is the list HTML   -->
	<div class="save-to-list-popup  is-btn-animated animation-up dark" 
	  data-save-to-list-error="Can not get lists at this time. Please try again later."
	  data-product-name="Potato Chips, Ketchup">
	  <div class="inner-container">
	  </div>
	  
	</div>
</div>

</div>
				</div>
			</div>


	<div class="module-plus-minus-buttons small hidden ">
			<button type="button" class="btn cart-change-qty" data-change-type="minus" data-auid="decrease-product-quantity" alt="Minus" aria-label="Minus">
				<span class="icon-minimize"></span>
			</button>
			<div class="plus-minus-input-wrapper">
				<input class="input-qty cart-change-qty" aria-label="Enter manual quantity" type="text" name="qty" title="Change quantity in cart"
							data-unit-type="ea"
							value="1ea" data-change-type="equals"
							maxlength="7">

						<span class="input-qty-pretty">
							<span class="input-qty-pretty-value">1</span>
							<span class="input-qty-pretty-unit"></span>
						</span>
					</div>

			<button type="button" class="btn cart-change-qty" data-change-type="plus" data-auid="increase-product-quantity" alt="Plus" aria-label="Plus">
				<span class="icon-plus-sign"></span>
			</button>

			<p class="deal-limit-reached hidden">Deal Limit Reached</p>

			<div class="tooltip-qty-error tooltip-qty-limit hidden">
				<p>
					Limit to
					&nbsp;
					999
					&nbsp;each&nbsp;
					per customer.</p>
			</div>
			<div class="tooltip-qty-error tooltip-round-error hidden">
				<p>
					We do not have this in the weight you wanted. We've rounded your order to the nearest weight increment we stock.</p>
			</div>
		</div>
	</form>

<!-- End Template: AddToCartSmall -->

</div>
</div>
<div class="item">
		









































	
	
		
		
		
		
			
		
	





























<div class="module-grocery-product quickview-simple  clicked" data-quickview-ajax-url="/p/21049379_EA/quickViewProduct" data-product-id="21049379_EA"  data-product-price="$3.27">
    
	
	
		<span class="subtitle"></span>
	

	<div class="product-page-hotspot">
	    <div class="product-cell quickview-button">
	  	    <div class="product-image ">
                
	  		    <img src="https://assets.shop.loblaws.ca/products/21049379/b1/en/front/21049379_front_a01.png" onerror="this.src='https://assets.shop.loblaws.ca/products/NoImage/b1/en/front/NoImage_front_a01_@2.png';" alt="Potato Chips, All Dressed" />
                
	  			    
	  	        
                
                    
                

	  		    

	  		    

	  		    

	  		    <div class="hover-text-container">
	  			    <button href="#" tabindex="0" class="hover-text " aria-label="Quick View for Potato Chips, All Dressed.">Quick View</button>
	  		    </div>
	  	    </div>
	    </div>

	    <div class="product-in-cart">
	  	    <div class="wrapper-product-in-cart">
	  		    <span>
	  			    In Cart
	  		    </span>
	  	    </div>
	    </div>

	    <div class="product-info">
	  	    <div class="product-name-wrapper">
	  		    <a href="/Food/Pantry/Chips-%26-Salty-Snacks/Potato-Chips/Ruffles-Potato-Chips%2C-All-Dressed/p/21049379_EA" class="product-name" aria-label="Product page for Potato Chips, All Dressed" >
	  			    

	  			    

	  			    <span class="js-product-entry-name">Potato Chips, All Dressed</span>

	  			    <span class="js-product-entry-size-detail">(220 g)</span>

	  		    </a>
	  	    </div>
	  	    
	  	    
	  		    
	  		    
	  			    



	
	
		
		<span class="ad-match-badge  hidden">Ad Match</span>
	

	  				
	  			        
	  					
	  				        
	  					
	  				
	  		    
	  	    

	  	    <div class="price">
			    <div class="price-wrapper no-discount  ">
				    <span class="reg-price  " aria-label="Regular Price: $3.27">
					    <span class="reg-price-text">$3.27</span>
					    
					    <sup class="reg-price-unit">ea</sup>
				    </span>
				    <span class="sale-price hidden" aria-label="Sale Price:">
					    <span class="sale-price-text"></span>
					    <sup class="sale-price-unit">ea</sup>
				    </span>
				    
				    <span class="secondary-price hidden">
					    
					    <span class="secondary-price-text" aria-label="Secondary Price:"></span>
				    </span>
			    </div>
	  	    </div>

	  	    <div class="qty">
	  		    <span class="reg-qty  ">
		
			
		  	
		  		<span class="sr-only">Sale Price Per Unit:</span>
        $1.49
        /
        100
        g
		  	
	  	
	</span>

	<span class="sale-qty hidden">
		
			
		  	
		  		<span class="sr-only">Sale Price Per Unit:</span>
        $1.49
        /
        100
        g
		  	
	  	
	</span>

	<span class="secondary-qty hidden">
		
	  	<span class="secondary-qty-text"></span>
	</span>
	  	    </div>
	    </div>


	    

	    
	</div>
	<form class="form-product  quickview-btn-simple"
	  data-product-id="21049379_EA"
	  data-min-qty="1.0"
	  data-max-qty="999.0"
	  data-unit-type="ea"
	  data-cart-qty="1"
	  data-default-qty="1"
	  novalidate="novalidate"
	  promoCode=""
	  promoNumber=""
	  data-is-customized="false"
	  data-cart-url="/cart/product/21049379_EA"
	  data-csrf-token="5582ec01-90c0-448b-b4f7-e2cf68d9f8a0"
	  data-is-weighted-product="false">

	<div class="module-add-to-cart " data-change-type="plus" data-auto-edit="true" data-auto-add="true"
		 data-cart-ajax-url="/cart/updateCart">
		<div class="wrapper-add-to-cart-btn">
					<div class="module-add-to-cart-button-small">
							<button type="button" class="btn btn-secondary btn-add-to-cart " data-auid="add-to-cart-button" data-has-pts-badge="false" aria-label="Add Potato Chips, All Dressed to cart">
										<span class="icon-cart"></span>
										<span class="add-to-cart-text">
											Add</span>
									</button>
									<button type="button" class="btn btn-secondary btn-edit-cart hidden " aria-label="Edit Cart">
										<span class="qty-in-cart"></span>
										<span class="edit-cart-text">
											<spring code="product.edit.text" />"
										</span>
									</button>
								<div class="add-list-parent add-list-module  bottom-add-list-module ">
	<button class="btn btn-inline-link btn-save-to-list  dark is-btn-animated" 
	  data-login-url="/account/login?productCode=21049379_EA" 
	  data-ajax-url="/restful/lists/all?productCode=21049379_EA" 
	  data-user-guest="Y" 
	  data-user-guest="Y" data-product-code="21049379_EA" 
	  data-delete-item="false"
	  aria-label="Add Potato Chips, All Dressed to a List">
	  <span class="glyphicon glyphicon-th-list"></span>
	  <div class="list-cta-text  is-btn-animated">Add to List</div>
	</button>
	 
	<!-- this is the list HTML   -->
	<div class="save-to-list-popup  is-btn-animated animation-up dark" 
	  data-save-to-list-error="Can not get lists at this time. Please try again later."
	  data-product-name="Potato Chips, All Dressed">
	  <div class="inner-container">
	  </div>
	  
	</div>
</div>

</div>
				</div>
			</div>


	<div class="module-plus-minus-buttons small hidden ">
			<button type="button" class="btn cart-change-qty" data-change-type="minus" data-auid="decrease-product-quantity" alt="Minus" aria-label="Minus">
				<span class="icon-minimize"></span>
			</button>
			<div class="plus-minus-input-wrapper">
				<input class="input-qty cart-change-qty" aria-label="Enter manual quantity" type="text" name="qty" title="Change quantity in cart"
							data-unit-type="ea"
							value="1ea" data-change-type="equals"
							maxlength="7">

						<span class="input-qty-pretty">
							<span class="input-qty-pretty-value">1</span>
							<span class="input-qty-pretty-unit"></span>
						</span>
					</div>

			<button type="button" class="btn cart-change-qty" data-change-type="plus" data-auid="increase-product-quantity" alt="Plus" aria-label="Plus">
				<span class="icon-plus-sign"></span>
			</button>

			<p class="deal-limit-reached hidden">Deal Limit Reached</p>

			<div class="tooltip-qty-error tooltip-qty-limit hidden">
				<p>
					Limit to
					&nbsp;
					999
					&nbsp;each&nbsp;
					per customer.</p>
			</div>
			<div class="tooltip-qty-error tooltip-round-error hidden">
				<p>
					We do not have this in the weight you wanted. We've rounded your order to the nearest weight increment we stock.</p>
			</div>
		</div>
	</form>

<!-- End Template: AddToCartSmall -->

</div>
</div>
<div class="item">
		






































	




	
	
		
		
		
		
			
		
	





























<div class="module-grocery-product quickview-simple  clicked" data-quickview-ajax-url="/p/21014238_EA/quickViewProduct" data-product-id="21014238_EA"  data-product-price="$3.98">
    
	
	
		<span class="subtitle"></span>
	

	<div class="product-page-hotspot">
	    <div class="product-cell quickview-button">
	  	    <div class="product-image ">
                
	  		    <img src="https://assets.shop.loblaws.ca/products/21014238/b1/en/front/21014238_front_a01.png" onerror="this.src='https://assets.shop.loblaws.ca/products/NoImage/b1/en/front/NoImage_front_a01_@2.png';" alt="Simply Popped Microwave Pop Corn" />
                
	  			    
	  			        <span class="sticker deal">
	  				        <span class="deal-badge">
	  				            
	  			                
	  				            

	  				            <span class="module-deal-badge module-deal-badge-grid simple-save-unit "
	  						        data-deal-type="$3.98 LIMIT 4"
	  						        data-ajax-promo-url="/simpleDeal/deals/product-tile?productCode=21014238_EA"
	  						        data-deal-id="21014238_EA">
	  						        <span class="deal-type">$3.98 LIMIT 4</span>
	  						            








	<span class="deal-expiry">
		Exp. 12/27
	</span>

	  					                
	  				            </span>
	  			            </span>
	  		            </span>
	  			        
	  	            
	  	        
                
                    
                

	  		    

	  		    

	  		    

	  		    <div class="hover-text-container">
	  			    <button href="#" tabindex="0" class="hover-text " aria-label="Quick View for Simply Popped Microwave Pop Corn.">Quick View</button>
	  		    </div>
	  	    </div>
	    </div>

	    <div class="product-in-cart">
	  	    <div class="wrapper-product-in-cart">
	  		    <span>
	  			    In Cart
	  		    </span>
	  	    </div>
	    </div>

	    <div class="product-info">
	  	    <div class="product-name-wrapper">
	  		    <a href="/Food/Pantry/Chips-%26-Salty-Snacks/Potato-Chips/Jolly-Time-Simply-Popped-Microwave-Pop-Corn/p/21014238_EA" class="product-name" aria-label="Product page for Simply Popped Microwave Pop Corn" >
	  			    

	  			    

	  			    <span class="js-product-entry-name">Simply Popped Microwave Pop Corn</span>

	  			    <span class="js-product-entry-size-detail">(510 g)</span>

	  		    </a>
	  	    </div>
	  	    
	  	    
	  		    
	  		    
	  			    



	
	
		
		<span class="ad-match-badge  hidden">Ad Match</span>
	

	  				
	  			        
	  					
	  				        
	  					
	  				
	  		    
	  	    

	  	    <div class="price">
			    <div class="price-wrapper no-discount promo-alert ">
				    <span class="reg-price  price-alert" aria-label="Regular Price: $3.98">
					    <span class="reg-price-text">$3.98</span>
					    
					    <sup class="reg-price-unit">ea</sup>
				    </span>
				    <span class="sale-price hidden" aria-label="Sale Price:">
					    <span class="sale-price-text"></span>
					    <sup class="sale-price-unit">ea</sup>
				    </span>
				    
				    <span class="secondary-price hidden">
					    
					    <span class="secondary-price-text" aria-label="Secondary Price:"></span>
				    </span>
			    </div>
	  	    </div>

	  	    <div class="qty">
	  		    <span class="reg-qty  price-alert">
		
			
		  	
		  		<span class="sr-only">Sale Price Per Unit:</span>
        $0.78
        /
        100
        g
		  	
	  	
	</span>

	<span class="sale-qty hidden">
		
			
		  	
		  		<span class="sr-only">Sale Price Per Unit:</span>
        $0.78
        /
        100
        g
		  	
	  	
	</span>

	<span class="secondary-qty hidden">
		
	  	<span class="secondary-qty-text"></span>
	</span>
	  	    </div>
	    </div>


	    

	    
	</div>
	<form class="form-product  quickview-btn-simple"
	  data-product-id="21014238_EA"
	  data-min-qty="1.0"
	  data-max-qty="999.0"
	  data-unit-type="ea"
	  data-cart-qty="1"
	  data-default-qty="1"
	  novalidate="novalidate"
	  promoCode=""
	  promoNumber=""
	  data-is-customized="false"
	  data-cart-url="/cart/product/21014238_EA"
	  data-csrf-token="5582ec01-90c0-448b-b4f7-e2cf68d9f8a0"
	  data-is-weighted-product="false">

	<div class="module-add-to-cart " data-change-type="plus" data-auto-edit="true" data-auto-add="true"
		 data-cart-ajax-url="/cart/updateCart">
		<div class="wrapper-add-to-cart-btn">
					<div class="module-add-to-cart-button-small">
							<button type="button" class="btn btn-secondary btn-add-to-cart " data-auid="add-to-cart-button" data-has-pts-badge="false" aria-label="Add Simply Popped Microwave Pop Corn to cart">
										<span class="icon-cart"></span>
										<span class="add-to-cart-text">
											Add</span>
									</button>
									<button type="button" class="btn btn-secondary btn-edit-cart hidden " aria-label="Edit Cart">
										<span class="qty-in-cart"></span>
										<span class="edit-cart-text">
											<spring code="product.edit.text" />"
										</span>
									</button>
								<div class="add-list-parent add-list-module  bottom-add-list-module ">
	<button class="btn btn-inline-link btn-save-to-list  dark is-btn-animated" 
	  data-login-url="/account/login?productCode=21014238_EA" 
	  data-ajax-url="/restful/lists/all?productCode=21014238_EA" 
	  data-user-guest="Y" 
	  data-user-guest="Y" data-product-code="21014238_EA" 
	  data-delete-item="false"
	  aria-label="Add Simply Popped Microwave Pop Corn to a List">
	  <span class="glyphicon glyphicon-th-list"></span>
	  <div class="list-cta-text  is-btn-animated">Add to List</div>
	</button>
	 
	<!-- this is the list HTML   -->
	<div class="save-to-list-popup  is-btn-animated animation-up dark" 
	  data-save-to-list-error="Can not get lists at this time. Please try again later."
	  data-product-name="Simply Popped Microwave Pop Corn">
	  <div class="inner-container">
	  </div>
	  
	</div>
</div>

</div>
				</div>
			</div>


	<div class="module-plus-minus-buttons small hidden ">
			<button type="button" class="btn cart-change-qty" data-change-type="minus" data-auid="decrease-product-quantity" alt="Minus" aria-label="Minus">
				<span class="icon-minimize"></span>
			</button>
			<div class="plus-minus-input-wrapper">
				<input class="input-qty cart-change-qty" aria-label="Enter manual quantity" type="text" name="qty" title="Change quantity in cart"
							data-unit-type="ea"
							value="1ea" data-change-type="equals"
							maxlength="7">

						<span class="input-qty-pretty">
							<span class="input-qty-pretty-value">1</span>
							<span class="input-qty-pretty-unit"></span>
						</span>
					</div>

			<button type="button" class="btn cart-change-qty" data-change-type="plus" data-auid="increase-product-quantity" alt="Plus" aria-label="Plus">
				<span class="icon-plus-sign"></span>
			</button>

			<p class="deal-limit-reached hidden">Deal Limit Reached</p>

			<div class="tooltip-qty-error tooltip-qty-limit hidden">
				<p>
					Limit to
					&nbsp;
					999
					&nbsp;each&nbsp;
					per customer.</p>
			</div>
			<div class="tooltip-qty-error tooltip-round-error hidden">
				<p>
					We do not have this in the weight you wanted. We've rounded your order to the nearest weight increment we stock.</p>
			</div>
		</div>
	</form>

<!-- End Template: AddToCartSmall -->

</div>
</div>
<div class="item">
		









































	
	
		
		
		
		
			
		
	





























<div class="module-grocery-product quickview-simple  clicked" data-quickview-ajax-url="/p/20972782_EA/quickViewProduct" data-product-id="20972782_EA"  data-product-price="$4.58">
    
	
	
		<span class="subtitle"></span>
	

	<div class="product-page-hotspot">
	    <div class="product-cell quickview-button">
	  	    <div class="product-image ">
                
	  		    <img src="https://assets.shop.loblaws.ca/products/20972782/b1/en/front/20972782_front_a01.png" onerror="this.src='https://assets.shop.loblaws.ca/products/NoImage/b1/en/front/NoImage_front_a01_@2.png';" alt="Potato Chips, Regular" />
                
	  			    
	  	        
                
                    
                

	  		    

	  		    

	  		    

	  		    <div class="hover-text-container">
	  			    <button href="#" tabindex="0" class="hover-text " aria-label="Quick View for Potato Chips, Regular.">Quick View</button>
	  		    </div>
	  	    </div>
	    </div>

	    <div class="product-in-cart">
	  	    <div class="wrapper-product-in-cart">
	  		    <span>
	  			    In Cart
	  		    </span>
	  	    </div>
	    </div>

	    <div class="product-info">
	  	    <div class="product-name-wrapper">
	  		    <a href="/Food/Pantry/Chips-%26-Salty-Snacks/Potato-Chips/Ruffles-Potato-Chips%2C-Regular/p/20972782_EA" class="product-name" aria-label="Product page for Potato Chips, Regular" >
	  			    

	  			    

	  			    <span class="js-product-entry-name">Potato Chips, Regular</span>

	  			    <span class="js-product-entry-size-detail">(380 g)</span>

	  		    </a>
	  	    </div>
	  	    
	  	    
	  		    
	  		    
	  			    



	
	
		
		<span class="ad-match-badge  hidden">Ad Match</span>
	

	  				
	  			        
	  					
	  				        
	  					
	  				
	  		    
	  	    

	  	    <div class="price">
			    <div class="price-wrapper no-discount  ">
				    <span class="reg-price  " aria-label="Regular Price: $4.58">
					    <span class="reg-price-text">$4.58</span>
					    
					    <sup class="reg-price-unit">ea</sup>
				    </span>
				    <span class="sale-price hidden" aria-label="Sale Price:">
					    <span class="sale-price-text"></span>
					    <sup class="sale-price-unit">ea</sup>
				    </span>
				    
				    <span class="secondary-price hidden">
					    
					    <span class="secondary-price-text" aria-label="Secondary Price:"></span>
				    </span>
			    </div>
	  	    </div>

	  	    <div class="qty">
	  		    <span class="reg-qty  ">
		
			
		  	
		  		<span class="sr-only">Sale Price Per Unit:</span>
        $1.21
        /
        100
        g
		  	
	  	
	</span>

	<span class="sale-qty hidden">
		
			
		  	
		  		<span class="sr-only">Sale Price Per Unit:</span>
        $1.21
        /
        100
        g
		  	
	  	
	</span>

	<span class="secondary-qty hidden">
		
	  	<span class="secondary-qty-text"></span>
	</span>
	  	    </div>
	    </div>


	    

	    
	</div>
	<form class="form-product  quickview-btn-simple"
	  data-product-id="20972782_EA"
	  data-min-qty="1.0"
	  data-max-qty="999.0"
	  data-unit-type="ea"
	  data-cart-qty="1"
	  data-default-qty="1"
	  novalidate="novalidate"
	  promoCode=""
	  promoNumber=""
	  data-is-customized="false"
	  data-cart-url="/cart/product/20972782_EA"
	  data-csrf-token="5582ec01-90c0-448b-b4f7-e2cf68d9f8a0"
	  data-is-weighted-product="false">

	<div class="module-add-to-cart " data-change-type="plus" data-auto-edit="true" data-auto-add="true"
		 data-cart-ajax-url="/cart/updateCart">
		<div class="wrapper-add-to-cart-btn">
					<div class="module-add-to-cart-button-small">
							<button type="button" class="btn btn-secondary btn-add-to-cart " data-auid="add-to-cart-button" data-has-pts-badge="false" aria-label="Add Potato Chips, Regular to cart">
										<span class="icon-cart"></span>
										<span class="add-to-cart-text">
											Add</span>
									</button>
									<button type="button" class="btn btn-secondary btn-edit-cart hidden " aria-label="Edit Cart">
										<span class="qty-in-cart"></span>
										<span class="edit-cart-text">
											<spring code="product.edit.text" />"
										</span>
									</button>
								<div class="add-list-parent add-list-module  bottom-add-list-module ">
	<button class="btn btn-inline-link btn-save-to-list  dark is-btn-animated" 
	  data-login-url="/account/login?productCode=20972782_EA" 
	  data-ajax-url="/restful/lists/all?productCode=20972782_EA" 
	  data-user-guest="Y" 
	  data-user-guest="Y" data-product-code="20972782_EA" 
	  data-delete-item="false"
	  aria-label="Add Potato Chips, Regular to a List">
	  <span class="glyphicon glyphicon-th-list"></span>
	  <div class="list-cta-text  is-btn-animated">Add to List</div>
	</button>
	 
	<!-- this is the list HTML   -->
	<div class="save-to-list-popup  is-btn-animated animation-up dark" 
	  data-save-to-list-error="Can not get lists at this time. Please try again later."
	  data-product-name="Potato Chips, Regular">
	  <div class="inner-container">
	  </div>
	  
	</div>
</div>

</div>
				</div>
			</div>


	<div class="module-plus-minus-buttons small hidden ">
			<button type="button" class="btn cart-change-qty" data-change-type="minus" data-auid="decrease-product-quantity" alt="Minus" aria-label="Minus">
				<span class="icon-minimize"></span>
			</button>
			<div class="plus-minus-input-wrapper">
				<input class="input-qty cart-change-qty" aria-label="Enter manual quantity" type="text" name="qty" title="Change quantity in cart"
							data-unit-type="ea"
							value="1ea" data-change-type="equals"
							maxlength="7">

						<span class="input-qty-pretty">
							<span class="input-qty-pretty-value">1</span>
							<span class="input-qty-pretty-unit"></span>
						</span>
					</div>

			<button type="button" class="btn cart-change-qty" data-change-type="plus" data-auid="increase-product-quantity" alt="Plus" aria-label="Plus">
				<span class="icon-plus-sign"></span>
			</button>

			<p class="deal-limit-reached hidden">Deal Limit Reached</p>

			<div class="tooltip-qty-error tooltip-qty-limit hidden">
				<p>
					Limit to
					&nbsp;
					999
					&nbsp;each&nbsp;
					per customer.</p>
			</div>
			<div class="tooltip-qty-error tooltip-round-error hidden">
				<p>
					We do not have this in the weight you wanted. We've rounded your order to the nearest weight increment we stock.</p>
			</div>
		</div>
	</form>

<!-- End Template: AddToCartSmall -->

</div>
</div>
<div class="item">
		









































	
	
		
		
		
		
			
		
	





























<div class="module-grocery-product quickview-simple  clicked" data-quickview-ajax-url="/p/20943961_EA/quickViewProduct" data-product-id="20943961_EA"  data-product-price="$6.28">
    
	
	
		<span class="subtitle"></span>
	

	<div class="product-page-hotspot">
	    <div class="product-cell quickview-button">
	  	    <div class="product-image ">
                
	  		    <img src="https://assets.shop.loblaws.ca/products/20943961/b1/en/front/20943961_front_a01.png" onerror="this.src='https://assets.shop.loblaws.ca/products/NoImage/b1/en/front/NoImage_front_a01_@2.png';" alt="Rip-L Chips" />
                
	  			    
	  	        
                
                    
                

	  		    

	  		    

	  		    

	  		    <div class="hover-text-container">
	  			    <button href="#" tabindex="0" class="hover-text " aria-label="Quick View for Rip-L Chips.">Quick View</button>
	  		    </div>
	  	    </div>
	    </div>

	    <div class="product-in-cart">
	  	    <div class="wrapper-product-in-cart">
	  		    <span>
	  			    In Cart
	  		    </span>
	  	    </div>
	    </div>

	    <div class="product-info">
	  	    <div class="product-name-wrapper">
	  		    <a href="/Food/Pantry/Chips-%26-Salty-Snacks/Potato-Chips/Old-Dutch-RIP-L-Rip-L-Chips/p/20943961_EA" class="product-name" aria-label="Product page for Rip-L Chips" >
	  			    <span class="js-product-entry-brand">Old Dutch&nbsp;</span>

	  			    

	  			    <span class="js-product-entry-name">Rip-L Chips</span>

	  			    <span class="js-product-entry-size-detail">(600 g)</span>

	  		    </a>
	  	    </div>
	  	    
	  	    
	  		    
	  		    
	  			    



	
	
		
		<span class="ad-match-badge  hidden">Ad Match</span>
	

	  				
	  			        
	  					
	  				        
	  					
	  				
	  		    
	  	    

	  	    <div class="price">
			    <div class="price-wrapper no-discount  ">
				    <span class="reg-price  " aria-label="Regular Price: $6.28">
					    <span class="reg-price-text">$6.28</span>
					    
					    <sup class="reg-price-unit">ea</sup>
				    </span>
				    <span class="sale-price hidden" aria-label="Sale Price:">
					    <span class="sale-price-text"></span>
					    <sup class="sale-price-unit">ea</sup>
				    </span>
				    
				    <span class="secondary-price hidden">
					    
					    <span class="secondary-price-text" aria-label="Secondary Price:"></span>
				    </span>
			    </div>
	  	    </div>

	  	    <div class="qty">
	  		    <span class="reg-qty  ">
		
			
		  	
		  		<span class="sr-only">Sale Price Per Unit:</span>
        $1.05
        /
        100
        g
		  	
	  	
	</span>

	<span class="sale-qty hidden">
		
			
		  	
		  		<span class="sr-only">Sale Price Per Unit:</span>
        $1.05
        /
        100
        g
		  	
	  	
	</span>

	<span class="secondary-qty hidden">
		
	  	<span class="secondary-qty-text"></span>
	</span>
	  	    </div>
	    </div>


	    

	    
	</div>
	<form class="form-product  quickview-btn-simple"
	  data-product-id="20943961_EA"
	  data-min-qty="1.0"
	  data-max-qty="999.0"
	  data-unit-type="ea"
	  data-cart-qty="1"
	  data-default-qty="1"
	  novalidate="novalidate"
	  promoCode=""
	  promoNumber=""
	  data-is-customized="false"
	  data-cart-url="/cart/product/20943961_EA"
	  data-csrf-token="5582ec01-90c0-448b-b4f7-e2cf68d9f8a0"
	  data-is-weighted-product="false">

	<div class="module-add-to-cart " data-change-type="plus" data-auto-edit="true" data-auto-add="true"
		 data-cart-ajax-url="/cart/updateCart">
		<div class="wrapper-add-to-cart-btn">
					<div class="module-add-to-cart-button-small">
							<button type="button" class="btn btn-secondary btn-add-to-cart " data-auid="add-to-cart-button" data-has-pts-badge="false" aria-label="Add Rip-L Chips to cart">
										<span class="icon-cart"></span>
										<span class="add-to-cart-text">
											Add</span>
									</button>
									<button type="button" class="btn btn-secondary btn-edit-cart hidden " aria-label="Edit Cart">
										<span class="qty-in-cart"></span>
										<span class="edit-cart-text">
											<spring code="product.edit.text" />"
										</span>
									</button>
								<div class="add-list-parent add-list-module  bottom-add-list-module ">
	<button class="btn btn-inline-link btn-save-to-list  dark is-btn-animated" 
	  data-login-url="/account/login?productCode=20943961_EA" 
	  data-ajax-url="/restful/lists/all?productCode=20943961_EA" 
	  data-user-guest="Y" 
	  data-user-guest="Y" data-product-code="20943961_EA" 
	  data-delete-item="false"
	  aria-label="Add Rip-L Chips to a List">
	  <span class="glyphicon glyphicon-th-list"></span>
	  <div class="list-cta-text  is-btn-animated">Add to List</div>
	</button>
	 
	<!-- this is the list HTML   -->
	<div class="save-to-list-popup  is-btn-animated animation-up dark" 
	  data-save-to-list-error="Can not get lists at this time. Please try again later."
	  data-product-name="Rip-L Chips">
	  <div class="inner-container">
	  </div>
	  
	</div>
</div>

</div>
				</div>
			</div>


	<div class="module-plus-minus-buttons small hidden ">
			<button type="button" class="btn cart-change-qty" data-change-type="minus" data-auid="decrease-product-quantity" alt="Minus" aria-label="Minus">
				<span class="icon-minimize"></span>
			</button>
			<div class="plus-minus-input-wrapper">
				<input class="input-qty cart-change-qty" aria-label="Enter manual quantity" type="text" name="qty" title="Change quantity in cart"
							data-unit-type="ea"
							value="1ea" data-change-type="equals"
							maxlength="7">

						<span class="input-qty-pretty">
							<span class="input-qty-pretty-value">1</span>
							<span class="input-qty-pretty-unit"></span>
						</span>
					</div>

			<button type="button" class="btn cart-change-qty" data-change-type="plus" data-auid="increase-product-quantity" alt="Plus" aria-label="Plus">
				<span class="icon-plus-sign"></span>
			</button>

			<p class="deal-limit-reached hidden">Deal Limit Reached</p>

			<div class="tooltip-qty-error tooltip-qty-limit hidden">
				<p>
					Limit to
					&nbsp;
					999
					&nbsp;each&nbsp;
					per customer.</p>
			</div>
			<div class="tooltip-qty-error tooltip-round-error hidden">
				<p>
					We do not have this in the weight you wanted. We've rounded your order to the nearest weight increment we stock.</p>
			</div>
		</div>
	</form>

<!-- End Template: AddToCartSmall -->

</div>
</div>
<div class="item">
		









































	
	
		
		
		
		
			
		
	





























<div class="module-grocery-product quickview-simple  clicked" data-quickview-ajax-url="/p/21158726_EA/quickViewProduct" data-product-id="21158726_EA"  data-product-price="$4.49">
    
	
	
		<span class="subtitle"></span>
	

	<div class="product-page-hotspot">
	    <div class="product-cell quickview-button">
	  	    <div class="product-image ">
                
	  		    <img src="https://assets.shop.loblaws.ca/products/21158726/b1/en/front/21158726_front_a01.png" onerror="this.src='https://assets.shop.loblaws.ca/products/NoImage/b1/en/front/NoImage_front_a01_@2.png';" alt="Gourmet Popcorn Simply Salted" />
                
	  			    
	  	        
                
                    
                

	  		    

	  		    

	  		    

	  		    <div class="hover-text-container">
	  			    <button href="#" tabindex="0" class="hover-text " aria-label="Quick View for Gourmet Popcorn Simply Salted.">Quick View</button>
	  		    </div>
	  	    </div>
	    </div>

	    <div class="product-in-cart">
	  	    <div class="wrapper-product-in-cart">
	  		    <span>
	  			    In Cart
	  		    </span>
	  	    </div>
	    </div>

	    <div class="product-info">
	  	    <div class="product-name-wrapper">
	  		    <a href="/Food/Pantry/Chips-%26-Salty-Snacks/Potato-Chips/Orville-Gourmet-Popcorn-Simply-Salted/p/21158726_EA" class="product-name" aria-label="Product page for Gourmet Popcorn Simply Salted" >
	  			    <span class="js-product-entry-brand">Orville&nbsp;</span>

	  			    

	  			    <span class="js-product-entry-name">Gourmet Popcorn Simply Salted</span>

	  			    <span class="js-product-entry-size-detail">(492 g)</span>

	  		    </a>
	  	    </div>
	  	    
	  	    
	  		    
	  		    
	  			    



	
	
		
		<span class="ad-match-badge  hidden">Ad Match</span>
	

	  				
	  			        
	  					
	  				        
	  					
	  				
	  		    
	  	    

	  	    <div class="price">
			    <div class="price-wrapper no-discount  ">
				    <span class="reg-price  " aria-label="Regular Price: $4.49">
					    <span class="reg-price-text">$4.49</span>
					    
					    <sup class="reg-price-unit">ea</sup>
				    </span>
				    <span class="sale-price hidden" aria-label="Sale Price:">
					    <span class="sale-price-text"></span>
					    <sup class="sale-price-unit">ea</sup>
				    </span>
				    
				    <span class="secondary-price hidden">
					    
					    <span class="secondary-price-text" aria-label="Secondary Price:"></span>
				    </span>
			    </div>
	  	    </div>

	  	    <div class="qty">
	  		    <span class="reg-qty  ">
		
			
		  	
		  		<span class="sr-only">Sale Price Per Unit:</span>
        $0.91
        /
        100
        g
		  	
	  	
	</span>

	<span class="sale-qty hidden">
		
			
		  	
		  		<span class="sr-only">Sale Price Per Unit:</span>
        $0.91
        /
        100
        g
		  	
	  	
	</span>

	<span class="secondary-qty hidden">
		
	  	<span class="secondary-qty-text"></span>
	</span>
	  	    </div>
	    </div>


	    

	    
	</div>
	<form class="form-product  quickview-btn-simple"
	  data-product-id="21158726_EA"
	  data-min-qty="1.0"
	  data-max-qty="999.0"
	  data-unit-type="ea"
	  data-cart-qty="1"
	  data-default-qty="1"
	  novalidate="novalidate"
	  promoCode=""
	  promoNumber=""
	  data-is-customized="false"
	  data-cart-url="/cart/product/21158726_EA"
	  data-csrf-token="5582ec01-90c0-448b-b4f7-e2cf68d9f8a0"
	  data-is-weighted-product="false">

	<div class="module-add-to-cart " data-change-type="plus" data-auto-edit="true" data-auto-add="true"
		 data-cart-ajax-url="/cart/updateCart">
		<div class="wrapper-add-to-cart-btn">
					<div class="module-add-to-cart-button-small">
							<button type="button" class="btn btn-secondary btn-add-to-cart " data-auid="add-to-cart-button" data-has-pts-badge="false" aria-label="Add Gourmet Popcorn Simply Salted to cart">
										<span class="icon-cart"></span>
										<span class="add-to-cart-text">
											Add</span>
									</button>
									<button type="button" class="btn btn-secondary btn-edit-cart hidden " aria-label="Edit Cart">
										<span class="qty-in-cart"></span>
										<span class="edit-cart-text">
											<spring code="product.edit.text" />"
										</span>
									</button>
								<div class="add-list-parent add-list-module  bottom-add-list-module ">
	<button class="btn btn-inline-link btn-save-to-list  dark is-btn-animated" 
	  data-login-url="/account/login?productCode=21158726_EA" 
	  data-ajax-url="/restful/lists/all?productCode=21158726_EA" 
	  data-user-guest="Y" 
	  data-user-guest="Y" data-product-code="21158726_EA" 
	  data-delete-item="false"
	  aria-label="Add Gourmet Popcorn Simply Salted to a List">
	  <span class="glyphicon glyphicon-th-list"></span>
	  <div class="list-cta-text  is-btn-animated">Add to List</div>
	</button>
	 
	<!-- this is the list HTML   -->
	<div class="save-to-list-popup  is-btn-animated animation-up dark" 
	  data-save-to-list-error="Can not get lists at this time. Please try again later."
	  data-product-name="Gourmet Popcorn Simply Salted">
	  <div class="inner-container">
	  </div>
	  
	</div>
</div>

</div>
				</div>
			</div>


	<div class="module-plus-minus-buttons small hidden ">
			<button type="button" class="btn cart-change-qty" data-change-type="minus" data-auid="decrease-product-quantity" alt="Minus" aria-label="Minus">
				<span class="icon-minimize"></span>
			</button>
			<div class="plus-minus-input-wrapper">
				<input class="input-qty cart-change-qty" aria-label="Enter manual quantity" type="text" name="qty" title="Change quantity in cart"
							data-unit-type="ea"
							value="1ea" data-change-type="equals"
							maxlength="7">

						<span class="input-qty-pretty">
							<span class="input-qty-pretty-value">1</span>
							<span class="input-qty-pretty-unit"></span>
						</span>
					</div>

			<button type="button" class="btn cart-change-qty" data-change-type="plus" data-auid="increase-product-quantity" alt="Plus" aria-label="Plus">
				<span class="icon-plus-sign"></span>
			</button>

			<p class="deal-limit-reached hidden">Deal Limit Reached</p>

			<div class="tooltip-qty-error tooltip-qty-limit hidden">
				<p>
					Limit to
					&nbsp;
					999
					&nbsp;each&nbsp;
					per customer.</p>
			</div>
			<div class="tooltip-qty-error tooltip-round-error hidden">
				<p>
					We do not have this in the weight you wanted. We've rounded your order to the nearest weight increment we stock.</p>
			</div>
		</div>
	</form>

<!-- End Template: AddToCartSmall -->

</div>
</div>
<div class="item">
		






































	


	



	
	
		
		
		
		
			
		
	





























<div class="module-grocery-product quickview-simple  clicked" data-quickview-ajax-url="/p/20810497003_EA/quickViewProduct" data-product-id="20810497003_EA"  data-product-price="$1.68">
    
	
	
		<span class="subtitle"></span>
	

	<div class="product-page-hotspot">
	    <div class="product-cell quickview-button">
	  	    <div class="product-image ">
                
	  		    <img src="https://assets.shop.loblaws.ca/products/20810497003/b1/en/front/20810497003_front_a01.png" onerror="this.src='https://assets.shop.loblaws.ca/products/NoImage/b1/en/front/NoImage_front_a01_@2.png';" alt="Sea Salt And Malt Vinegar Flavour Kettle Cooked Potato Chips" />
                
	  			    
	  			        <span class="sticker deal">
	  				        <span class="deal-badge">
	  				            
	  			                
	  				            

	  				            <span class="module-deal-badge module-deal-badge-grid simple-save-unit "
	  						        data-deal-type="SAVE $0.80"
	  						        data-ajax-promo-url="/simpleDeal/deals/product-tile?productCode=20810497003_EA"
	  						        data-deal-id="20810497003_EA">
	  						        <span class="deal-type">SAVE $0.80</span>
	  						            








	<span class="deal-expiry">
		Exp. 01/03
	</span>

	  					                
	  				            </span>
	  			            </span>
	  		            </span>
	  			        
	  	            
	  	        
                
                    
                

	  		    

	  		    

	  		    

	  		    <div class="hover-text-container">
	  			    <button href="#" tabindex="0" class="hover-text " aria-label="Quick View for Sea Salt And Malt Vinegar Flavour Kettle Cooked Potato Chips.">Quick View</button>
	  		    </div>
	  	    </div>
	    </div>

	    <div class="product-in-cart">
	  	    <div class="wrapper-product-in-cart">
	  		    <span>
	  			    In Cart
	  		    </span>
	  	    </div>
	    </div>

	    <div class="product-info">
	  	    <div class="product-name-wrapper">
	  		    <a href="/Food/Pantry/Chips-%26-Salty-Snacks/Potato-Chips/Sea-Salt-And-Malt-Vinegar-Flavour-Kettle-Cooked-Potato-Chips/p/20810497003_EA" class="product-name" aria-label="Product page for Sea Salt And Malt Vinegar Flavour Kettle Cooked Potato Chips" >
	  			    <span class="js-product-entry-brand">President's Choice&nbsp;</span>

	  			    

	  			    <span class="js-product-entry-name">Sea Salt And Malt Vinegar Flavour Kettle Cooked Potato Chips</span>

	  			    <span class="js-product-entry-size-detail">(220 g)</span>

	  		    </a>
	  	    </div>
	  	    
	  	    
	  		    
	  		    
	  			    



	
	
		
		<span class="ad-match-badge  hidden">Ad Match</span>
	

	  				
	  			        
	  					
	  				        
	  					
	  				
	  		    
	  	    

	  	    <div class="price">
			    <div class="price-wrapper discount promo-alert ">
				    <span class="reg-price  price-alert" aria-label="Regular Price: $1.68">
					    <span class="reg-price-text">$1.68</span>
					    
					    <sup class="reg-price-unit">ea</sup>
				    </span>
				    <span class="sale-price hidden" aria-label="Sale Price:">
					    <span class="sale-price-text"></span>
					    <sup class="sale-price-unit">ea</sup>
				    </span>
				    
					    <span class="old-price" aria-label="Original Price: $2.48">
						    <span class="old-price-text">$2.48</span>
					    </span>
				    
				    <span class="secondary-price hidden">
					    
					    <span class="secondary-price-text" aria-label="Secondary Price:"></span>
				    </span>
			    </div>
	  	    </div>

	  	    <div class="qty">
	  		    <span class="reg-qty  price-alert">
		
			
		  	
		  		<span class="sr-only">Sale Price Per Unit:</span>
        $0.76
        /
        100
        g
		  	
	  	
	</span>

	<span class="sale-qty hidden">
		
			
		  	
		  		<span class="sr-only">Sale Price Per Unit:</span>
        $0.76
        /
        100
        g
		  	
	  	
	</span>

	<span class="secondary-qty hidden">
		
	  	<span class="secondary-qty-text"></span>
	</span>
	  	    </div>
	    </div>


	    

	    
	</div>
	<form class="form-product  quickview-btn-simple"
	  data-product-id="20810497003_EA"
	  data-min-qty="1.0"
	  data-max-qty="999.0"
	  data-unit-type="ea"
	  data-cart-qty="1"
	  data-default-qty="1"
	  novalidate="novalidate"
	  promoCode=""
	  promoNumber=""
	  data-is-customized="false"
	  data-cart-url="/cart/product/20810497003_EA"
	  data-csrf-token="5582ec01-90c0-448b-b4f7-e2cf68d9f8a0"
	  data-is-weighted-product="false">

	<div class="module-add-to-cart " data-change-type="plus" data-auto-edit="true" data-auto-add="true"
		 data-cart-ajax-url="/cart/updateCart">
		<div class="wrapper-add-to-cart-btn">
					<div class="module-add-to-cart-button-small">
							<button type="button" class="btn btn-secondary btn-add-to-cart " data-auid="add-to-cart-button" data-has-pts-badge="false" aria-label="Add Sea Salt And Malt Vinegar Flavour Kettle Cooked Potato Chips to cart">
										<span class="icon-cart"></span>
										<span class="add-to-cart-text">
											Add</span>
									</button>
									<button type="button" class="btn btn-secondary btn-edit-cart hidden " aria-label="Edit Cart">
										<span class="qty-in-cart"></span>
										<span class="edit-cart-text">
											<spring code="product.edit.text" />"
										</span>
									</button>
								<div class="add-list-parent add-list-module  bottom-add-list-module ">
	<button class="btn btn-inline-link btn-save-to-list  dark is-btn-animated" 
	  data-login-url="/account/login?productCode=20810497003_EA" 
	  data-ajax-url="/restful/lists/all?productCode=20810497003_EA" 
	  data-user-guest="Y" 
	  data-user-guest="Y" data-product-code="20810497003_EA" 
	  data-delete-item="false"
	  aria-label="Add Sea Salt And Malt Vinegar Flavour Kettle Cooked Potato Chips to a List">
	  <span class="glyphicon glyphicon-th-list"></span>
	  <div class="list-cta-text  is-btn-animated">Add to List</div>
	</button>
	 
	<!-- this is the list HTML   -->
	<div class="save-to-list-popup  is-btn-animated animation-up dark" 
	  data-save-to-list-error="Can not get lists at this time. Please try again later."
	  data-product-name="Sea Salt And Malt Vinegar Flavour Kettle Cooked Potato Chips">
	  <div class="inner-container">
	  </div>
	  
	</div>
</div>

</div>
				</div>
			</div>


	<div class="module-plus-minus-buttons small hidden ">
			<button type="button" class="btn cart-change-qty" data-change-type="minus" data-auid="decrease-product-quantity" alt="Minus" aria-label="Minus">
				<span class="icon-minimize"></span>
			</button>
			<div class="plus-minus-input-wrapper">
				<input class="input-qty cart-change-qty" aria-label="Enter manual quantity" type="text" name="qty" title="Change quantity in cart"
							data-unit-type="ea"
							value="1ea" data-change-type="equals"
							maxlength="7">

						<span class="input-qty-pretty">
							<span class="input-qty-pretty-value">1</span>
							<span class="input-qty-pretty-unit"></span>
						</span>
					</div>

			<button type="button" class="btn cart-change-qty" data-change-type="plus" data-auid="increase-product-quantity" alt="Plus" aria-label="Plus">
				<span class="icon-plus-sign"></span>
			</button>

			<p class="deal-limit-reached hidden">Deal Limit Reached</p>

			<div class="tooltip-qty-error tooltip-qty-limit hidden">
				<p>
					Limit to
					&nbsp;
					999
					&nbsp;each&nbsp;
					per customer.</p>
			</div>
			<div class="tooltip-qty-error tooltip-round-error hidden">
				<p>
					We do not have this in the weight you wanted. We've rounded your order to the nearest weight increment we stock.</p>
			</div>
		</div>
	</form>

<!-- End Template: AddToCartSmall -->

</div>
</div>
<div class="item">
		






































	


	



	
	
		
		
		
		
			
		
	





























<div class="module-grocery-product quickview-simple  clicked" data-quickview-ajax-url="/p/20841921001_EA/quickViewProduct" data-product-id="20841921001_EA"  data-product-price="$1.68">
    
	
	
		<span class="subtitle"></span>
	

	<div class="product-page-hotspot">
	    <div class="product-cell quickview-button">
	  	    <div class="product-image ">
                
	  		    <img src="https://assets.shop.loblaws.ca/products/20841921001/b1/en/front/20841921001_front_a01.png" onerror="this.src='https://assets.shop.loblaws.ca/products/NoImage/b1/en/front/NoImage_front_a01_@2.png';" alt="Thick Cut Potato Chips Original Flavour" />
                
	  			    
	  			        <span class="sticker deal">
	  				        <span class="deal-badge">
	  				            
	  			                
	  				            

	  				            <span class="module-deal-badge module-deal-badge-grid simple-save-unit "
	  						        data-deal-type="SAVE $0.20"
	  						        data-ajax-promo-url="/simpleDeal/deals/product-tile?productCode=20841921001_EA"
	  						        data-deal-id="20841921001_EA">
	  						        <span class="deal-type">SAVE $0.20</span>
	  						            








	<span class="deal-expiry">
		Exp. 01/03
	</span>

	  					                
	  				            </span>
	  			            </span>
	  		            </span>
	  			        
	  	            
	  	        
                
                    
                

	  		    

	  		    

	  		    

	  		    <div class="hover-text-container">
	  			    <button href="#" tabindex="0" class="hover-text " aria-label="Quick View for Thick Cut Potato Chips Original Flavour.">Quick View</button>
	  		    </div>
	  	    </div>
	    </div>

	    <div class="product-in-cart">
	  	    <div class="wrapper-product-in-cart">
	  		    <span>
	  			    In Cart
	  		    </span>
	  	    </div>
	    </div>

	    <div class="product-info">
	  	    <div class="product-name-wrapper">
	  		    <a href="/Food/Pantry/Chips-%26-Salty-Snacks/Potato-Chips/President%27s-Choice-Thick-Cut-Potato-Chips-Original-Flavour/p/20841921001_EA" class="product-name" aria-label="Product page for Thick Cut Potato Chips Original Flavour" >
	  			    <span class="js-product-entry-brand">President's Choice&nbsp;</span>

	  			    

	  			    <span class="js-product-entry-name">Thick Cut Potato Chips Original Flavour</span>

	  			    <span class="js-product-entry-size-detail">(200 g)</span>

	  		    </a>
	  	    </div>
	  	    
	  	    
	  		    
	  		    
	  			    



	
	
		
		<span class="ad-match-badge  hidden">Ad Match</span>
	

	  				
	  			        
	  					
	  				        
	  					
	  				
	  		    
	  	    

	  	    <div class="price">
			    <div class="price-wrapper discount promo-alert ">
				    <span class="reg-price  price-alert" aria-label="Regular Price: $1.68">
					    <span class="reg-price-text">$1.68</span>
					    
					    <sup class="reg-price-unit">ea</sup>
				    </span>
				    <span class="sale-price hidden" aria-label="Sale Price:">
					    <span class="sale-price-text"></span>
					    <sup class="sale-price-unit">ea</sup>
				    </span>
				    
					    <span class="old-price" aria-label="Original Price: $1.88">
						    <span class="old-price-text">$1.88</span>
					    </span>
				    
				    <span class="secondary-price hidden">
					    
					    <span class="secondary-price-text" aria-label="Secondary Price:"></span>
				    </span>
			    </div>
	  	    </div>

	  	    <div class="qty">
	  		    <span class="reg-qty  price-alert">
		
			
		  	
		  		<span class="sr-only">Sale Price Per Unit:</span>
        $0.84
        /
        100
        g
		  	
	  	
	</span>

	<span class="sale-qty hidden">
		
			
		  	
		  		<span class="sr-only">Sale Price Per Unit:</span>
        $0.84
        /
        100
        g
		  	
	  	
	</span>

	<span class="secondary-qty hidden">
		
	  	<span class="secondary-qty-text"></span>
	</span>
	  	    </div>
	    </div>


	    

	    
	</div>
	<form class="form-product  quickview-btn-simple"
	  data-product-id="20841921001_EA"
	  data-min-qty="1.0"
	  data-max-qty="999.0"
	  data-unit-type="ea"
	  data-cart-qty="1"
	  data-default-qty="1"
	  novalidate="novalidate"
	  promoCode=""
	  promoNumber=""
	  data-is-customized="false"
	  data-cart-url="/cart/product/20841921001_EA"
	  data-csrf-token="5582ec01-90c0-448b-b4f7-e2cf68d9f8a0"
	  data-is-weighted-product="false">

	<div class="module-add-to-cart " data-change-type="plus" data-auto-edit="true" data-auto-add="true"
		 data-cart-ajax-url="/cart/updateCart">
		<div class="wrapper-add-to-cart-btn">
					<div class="module-add-to-cart-button-small">
							<button type="button" class="btn btn-secondary btn-add-to-cart " data-auid="add-to-cart-button" data-has-pts-badge="false" aria-label="Add Thick Cut Potato Chips Original Flavour to cart">
										<span class="icon-cart"></span>
										<span class="add-to-cart-text">
											Add</span>
									</button>
									<button type="button" class="btn btn-secondary btn-edit-cart hidden " aria-label="Edit Cart">
										<span class="qty-in-cart"></span>
										<span class="edit-cart-text">
											<spring code="product.edit.text" />"
										</span>
									</button>
								<div class="add-list-parent add-list-module  bottom-add-list-module ">
	<button class="btn btn-inline-link btn-save-to-list  dark is-btn-animated" 
	  data-login-url="/account/login?productCode=20841921001_EA" 
	  data-ajax-url="/restful/lists/all?productCode=20841921001_EA" 
	  data-user-guest="Y" 
	  data-user-guest="Y" data-product-code="20841921001_EA" 
	  data-delete-item="false"
	  aria-label="Add Thick Cut Potato Chips Original Flavour to a List">
	  <span class="glyphicon glyphicon-th-list"></span>
	  <div class="list-cta-text  is-btn-animated">Add to List</div>
	</button>
	 
	<!-- this is the list HTML   -->
	<div class="save-to-list-popup  is-btn-animated animation-up dark" 
	  data-save-to-list-error="Can not get lists at this time. Please try again later."
	  data-product-name="Thick Cut Potato Chips Original Flavour">
	  <div class="inner-container">
	  </div>
	  
	</div>
</div>

</div>
				</div>
			</div>


	<div class="module-plus-minus-buttons small hidden ">
			<button type="button" class="btn cart-change-qty" data-change-type="minus" data-auid="decrease-product-quantity" alt="Minus" aria-label="Minus">
				<span class="icon-minimize"></span>
			</button>
			<div class="plus-minus-input-wrapper">
				<input class="input-qty cart-change-qty" aria-label="Enter manual quantity" type="text" name="qty" title="Change quantity in cart"
							data-unit-type="ea"
							value="1ea" data-change-type="equals"
							maxlength="7">

						<span class="input-qty-pretty">
							<span class="input-qty-pretty-value">1</span>
							<span class="input-qty-pretty-unit"></span>
						</span>
					</div>

			<button type="button" class="btn cart-change-qty" data-change-type="plus" data-auid="increase-product-quantity" alt="Plus" aria-label="Plus">
				<span class="icon-plus-sign"></span>
			</button>

			<p class="deal-limit-reached hidden">Deal Limit Reached</p>

			<div class="tooltip-qty-error tooltip-qty-limit hidden">
				<p>
					Limit to
					&nbsp;
					999
					&nbsp;each&nbsp;
					per customer.</p>
			</div>
			<div class="tooltip-qty-error tooltip-round-error hidden">
				<p>
					We do not have this in the weight you wanted. We've rounded your order to the nearest weight increment we stock.</p>
			</div>
		</div>
	</form>

<!-- End Template: AddToCartSmall -->

</div>
</div>
<div class="item">
		









































	
	
		
		
		
		
			
		
	





























<div class="module-grocery-product quickview-simple  clicked" data-quickview-ajax-url="/p/21050572_EA/quickViewProduct" data-product-id="21050572_EA"  data-product-price="$2.97">
    
	
	
		<span class="subtitle"></span>
	

	<div class="product-page-hotspot">
	    <div class="product-cell quickview-button">
	  	    <div class="product-image ">
                
	  		    <img src="https://assets.shop.loblaws.ca/products/21050572/b1/en/front/21050572_front_a01.png" onerror="this.src='https://assets.shop.loblaws.ca/products/NoImage/b1/en/front/NoImage_front_a01_@2.png';" alt="Tortilla Chips, Scoops!" />
                
	  			    
	  			        <span class="sticker deal">
	  				        <span class="deal-badge">
	  				            
	  			                
	  				            

	  				            <span class="module-deal-badge module-deal-badge-grid simple-save-unit "
	  						        data-deal-type="2 FOR $5.00"
	  						        data-ajax-promo-url="/simpleDeal/deals/product-tile?productCode=21050572_EA"
	  						        data-deal-id="21050572_EA">
	  						        <span class="deal-type">2 FOR $5.00</span>
	  						            








	<span class="deal-expiry">
		Exp. 12/19
	</span>

	  					                
	  				            </span>
	  			            </span>
	  		            </span>
	  			        
	  	            
	  	        
                
                    
                

	  		    

	  		    

	  		    

	  		    <div class="hover-text-container">
	  			    <button href="#" tabindex="0" class="hover-text " aria-label="Quick View for Tortilla Chips, Scoops!.">Quick View</button>
	  		    </div>
	  	    </div>
	    </div>

	    <div class="product-in-cart">
	  	    <div class="wrapper-product-in-cart">
	  		    <span>
	  			    In Cart
	  		    </span>
	  	    </div>
	    </div>

	    <div class="product-info">
	  	    <div class="product-name-wrapper">
	  		    <a href="/Food/Pantry/Chips-%26-Salty-Snacks/Tortilla-Chips/Tostitos-Tortilla-Chips%2C-Scoops%21/p/21050572_EA" class="product-name" aria-label="Product page for Tortilla Chips, Scoops!" >
	  			    <span class="js-product-entry-brand">Tostitos&nbsp;</span>

	  			    

	  			    <span class="js-product-entry-name">Tortilla Chips, Scoops!</span>

	  			    <span class="js-product-entry-size-detail">(215 g)</span>

	  		    </a>
	  	    </div>
	  	    
	  	    
	  		    
	  		    
	  			    



	
	
		
		<span class="ad-match-badge  hidden">Ad Match</span>
	

	  				
	  			        
	  					
	  				        
	  					
	  				
	  		    
	  	    

	  	    <div class="price">
			    <div class="price-wrapper no-discount  ">
				    <span class="reg-price  " aria-label="Regular Price: $2.97">
					    <span class="reg-price-text">$2.97</span>
					    
					    <sup class="reg-price-unit">ea</sup>
				    </span>
				    <span class="sale-price hidden" aria-label="Sale Price:">
					    <span class="sale-price-text"></span>
					    <sup class="sale-price-unit">ea</sup>
				    </span>
				    
				    <span class="secondary-price hidden">
					    
					    <span class="secondary-price-text" aria-label="Secondary Price:"></span>
				    </span>
			    </div>
	  	    </div>

	  	    <div class="qty">
	  		    <span class="reg-qty  ">
		
			
		  	
		  		<span class="sr-only">Sale Price Per Unit:</span>
        $1.38
        /
        100
        g
		  	
	  	
	</span>

	<span class="sale-qty hidden">
		
			
		  	
		  		<span class="sr-only">Sale Price Per Unit:</span>
        $1.38
        /
        100
        g
		  	
	  	
	</span>

	<span class="secondary-qty hidden">
		
	  	<span class="secondary-qty-text"></span>
	</span>
	  	    </div>
	    </div>


	    

	    
	</div>
	<form class="form-product  quickview-btn-simple"
	  data-product-id="21050572_EA"
	  data-min-qty="1.0"
	  data-max-qty="999.0"
	  data-unit-type="ea"
	  data-cart-qty="1"
	  data-default-qty="1"
	  novalidate="novalidate"
	  promoCode=""
	  promoNumber=""
	  data-is-customized="false"
	  data-cart-url="/cart/product/21050572_EA"
	  data-csrf-token="5582ec01-90c0-448b-b4f7-e2cf68d9f8a0"
	  data-is-weighted-product="false">

	<div class="module-add-to-cart " data-change-type="plus" data-auto-edit="true" data-auto-add="true"
		 data-cart-ajax-url="/cart/updateCart">
		<div class="wrapper-add-to-cart-btn">
					<div class="module-add-to-cart-button-small">
							<button type="button" class="btn btn-secondary btn-add-to-cart " data-auid="add-to-cart-button" data-has-pts-badge="false" aria-label="Add Tortilla Chips, Scoops! to cart">
										<span class="icon-cart"></span>
										<span class="add-to-cart-text">
											Add</span>
									</button>
									<button type="button" class="btn btn-secondary btn-edit-cart hidden " aria-label="Edit Cart">
										<span class="qty-in-cart"></span>
										<span class="edit-cart-text">
											<spring code="product.edit.text" />"
										</span>
									</button>
								<div class="add-list-parent add-list-module  bottom-add-list-module ">
	<button class="btn btn-inline-link btn-save-to-list  dark is-btn-animated" 
	  data-login-url="/account/login?productCode=21050572_EA" 
	  data-ajax-url="/restful/lists/all?productCode=21050572_EA" 
	  data-user-guest="Y" 
	  data-user-guest="Y" data-product-code="21050572_EA" 
	  data-delete-item="false"
	  aria-label="Add Tortilla Chips, Scoops! to a List">
	  <span class="glyphicon glyphicon-th-list"></span>
	  <div class="list-cta-text  is-btn-animated">Add to List</div>
	</button>
	 
	<!-- this is the list HTML   -->
	<div class="save-to-list-popup  is-btn-animated animation-up dark" 
	  data-save-to-list-error="Can not get lists at this time. Please try again later."
	  data-product-name="Tortilla Chips, Scoops!">
	  <div class="inner-container">
	  </div>
	  
	</div>
</div>

</div>
				</div>
			</div>


	<div class="module-plus-minus-buttons small hidden ">
			<button type="button" class="btn cart-change-qty" data-change-type="minus" data-auid="decrease-product-quantity" alt="Minus" aria-label="Minus">
				<span class="icon-minimize"></span>
			</button>
			<div class="plus-minus-input-wrapper">
				<input class="input-qty cart-change-qty" aria-label="Enter manual quantity" type="text" name="qty" title="Change quantity in cart"
							data-unit-type="ea"
							value="1ea" data-change-type="equals"
							maxlength="7">

						<span class="input-qty-pretty">
							<span class="input-qty-pretty-value">1</span>
							<span class="input-qty-pretty-unit"></span>
						</span>
					</div>

			<button type="button" class="btn cart-change-qty" data-change-type="plus" data-auid="increase-product-quantity" alt="Plus" aria-label="Plus">
				<span class="icon-plus-sign"></span>
			</button>

			<p class="deal-limit-reached hidden">Deal Limit Reached</p>

			<div class="tooltip-qty-error tooltip-qty-limit hidden">
				<p>
					Limit to
					&nbsp;
					999
					&nbsp;each&nbsp;
					per customer.</p>
			</div>
			<div class="tooltip-qty-error tooltip-round-error hidden">
				<p>
					We do not have this in the weight you wanted. We've rounded your order to the nearest weight increment we stock.</p>
			</div>
		</div>
	</form>

<!-- End Template: AddToCartSmall -->

</div>
</div>
<div class="item">
		









































	
	
		
		
		
		
			
		
	





























<div class="module-grocery-product quickview-simple  clicked" data-quickview-ajax-url="/p/20971861_EA/quickViewProduct" data-product-id="20971861_EA"  data-product-price="$4.58">
    
	
	
		<span class="subtitle"></span>
	

	<div class="product-page-hotspot">
	    <div class="product-cell quickview-button">
	  	    <div class="product-image ">
                
	  		    <img src="https://assets.shop.loblaws.ca/products/20971861/b1/en/front/20971861_front_a01.png" onerror="this.src='https://assets.shop.loblaws.ca/products/NoImage/b1/en/front/NoImage_front_a01_@2.png';" alt="Potato Chips, Classic" />
                
	  			    
	  	        
                
                    
                

	  		    

	  		    

	  		    

	  		    <div class="hover-text-container">
	  			    <button href="#" tabindex="0" class="hover-text " aria-label="Quick View for Potato Chips, Classic.">Quick View</button>
	  		    </div>
	  	    </div>
	    </div>

	    <div class="product-in-cart">
	  	    <div class="wrapper-product-in-cart">
	  		    <span>
	  			    In Cart
	  		    </span>
	  	    </div>
	    </div>

	    <div class="product-info">
	  	    <div class="product-name-wrapper">
	  		    <a href="/Food/Pantry/Chips-%26-Salty-Snacks/Potato-Chips/Lay%27s-Potato-Chips%2C-Classic/p/20971861_EA" class="product-name" aria-label="Product page for Potato Chips, Classic" >
	  			    <span class="js-product-entry-brand">Lay's&nbsp;</span>

	  			    

	  			    <span class="js-product-entry-name">Potato Chips, Classic</span>

	  			    <span class="js-product-entry-size-detail">(450 g)</span>

	  		    </a>
	  	    </div>
	  	    
	  	    
	  		    
	  		    
	  			    



	
	
		
		<span class="ad-match-badge  hidden">Ad Match</span>
	

	  				
	  			        
	  					
	  				        
	  					
	  				
	  		    
	  	    

	  	    <div class="price">
			    <div class="price-wrapper no-discount  ">
				    <span class="reg-price  " aria-label="Regular Price: $4.58">
					    <span class="reg-price-text">$4.58</span>
					    
					    <sup class="reg-price-unit">ea</sup>
				    </span>
				    <span class="sale-price hidden" aria-label="Sale Price:">
					    <span class="sale-price-text"></span>
					    <sup class="sale-price-unit">ea</sup>
				    </span>
				    
				    <span class="secondary-price hidden">
					    
					    <span class="secondary-price-text" aria-label="Secondary Price:"></span>
				    </span>
			    </div>
	  	    </div>

	  	    <div class="qty">
	  		    <span class="reg-qty  ">
		
			
		  	
		  		<span class="sr-only">Sale Price Per Unit:</span>
        $1.02
        /
        100
        g
		  	
	  	
	</span>

	<span class="sale-qty hidden">
		
			
		  	
		  		<span class="sr-only">Sale Price Per Unit:</span>
        $1.02
        /
        100
        g
		  	
	  	
	</span>

	<span class="secondary-qty hidden">
		
	  	<span class="secondary-qty-text"></span>
	</span>
	  	    </div>
	    </div>


	    

	    
	</div>
	<form class="form-product  quickview-btn-simple"
	  data-product-id="20971861_EA"
	  data-min-qty="1.0"
	  data-max-qty="999.0"
	  data-unit-type="ea"
	  data-cart-qty="1"
	  data-default-qty="1"
	  novalidate="novalidate"
	  promoCode=""
	  promoNumber=""
	  data-is-customized="false"
	  data-cart-url="/cart/product/20971861_EA"
	  data-csrf-token="5582ec01-90c0-448b-b4f7-e2cf68d9f8a0"
	  data-is-weighted-product="false">

	<div class="module-add-to-cart " data-change-type="plus" data-auto-edit="true" data-auto-add="true"
		 data-cart-ajax-url="/cart/updateCart">
		<div class="wrapper-add-to-cart-btn">
					<div class="module-add-to-cart-button-small">
							<button type="button" class="btn btn-secondary btn-add-to-cart " data-auid="add-to-cart-button" data-has-pts-badge="false" aria-label="Add Potato Chips, Classic to cart">
										<span class="icon-cart"></span>
										<span class="add-to-cart-text">
											Add</span>
									</button>
									<button type="button" class="btn btn-secondary btn-edit-cart hidden " aria-label="Edit Cart">
										<span class="qty-in-cart"></span>
										<span class="edit-cart-text">
											<spring code="product.edit.text" />"
										</span>
									</button>
								<div class="add-list-parent add-list-module  bottom-add-list-module ">
	<button class="btn btn-inline-link btn-save-to-list  dark is-btn-animated" 
	  data-login-url="/account/login?productCode=20971861_EA" 
	  data-ajax-url="/restful/lists/all?productCode=20971861_EA" 
	  data-user-guest="Y" 
	  data-user-guest="Y" data-product-code="20971861_EA" 
	  data-delete-item="false"
	  aria-label="Add Potato Chips, Classic to a List">
	  <span class="glyphicon glyphicon-th-list"></span>
	  <div class="list-cta-text  is-btn-animated">Add to List</div>
	</button>
	 
	<!-- this is the list HTML   -->
	<div class="save-to-list-popup  is-btn-animated animation-up dark" 
	  data-save-to-list-error="Can not get lists at this time. Please try again later."
	  data-product-name="Potato Chips, Classic">
	  <div class="inner-container">
	  </div>
	  
	</div>
</div>

</div>
				</div>
			</div>


	<div class="module-plus-minus-buttons small hidden ">
			<button type="button" class="btn cart-change-qty" data-change-type="minus" data-auid="decrease-product-quantity" alt="Minus" aria-label="Minus">
				<span class="icon-minimize"></span>
			</button>
			<div class="plus-minus-input-wrapper">
				<input class="input-qty cart-change-qty" aria-label="Enter manual quantity" type="text" name="qty" title="Change quantity in cart"
							data-unit-type="ea"
							value="1ea" data-change-type="equals"
							maxlength="7">

						<span class="input-qty-pretty">
							<span class="input-qty-pretty-value">1</span>
							<span class="input-qty-pretty-unit"></span>
						</span>
					</div>

			<button type="button" class="btn cart-change-qty" data-change-type="plus" data-auid="increase-product-quantity" alt="Plus" aria-label="Plus">
				<span class="icon-plus-sign"></span>
			</button>

			<p class="deal-limit-reached hidden">Deal Limit Reached</p>

			<div class="tooltip-qty-error tooltip-qty-limit hidden">
				<p>
					Limit to
					&nbsp;
					999
					&nbsp;each&nbsp;
					per customer.</p>
			</div>
			<div class="tooltip-qty-error tooltip-round-error hidden">
				<p>
					We do not have this in the weight you wanted. We've rounded your order to the nearest weight increment we stock.</p>
			</div>
		</div>
	</form>

<!-- End Template: AddToCartSmall -->

</div>
</div>
<div class="item">
		









































	
	
		
		
		
		
			
		
	





























<div class="module-grocery-product quickview-simple  clicked" data-quickview-ajax-url="/p/20944617_EA/quickViewProduct" data-product-id="20944617_EA"  data-product-price="$3.27">
    
	
	
		<span class="subtitle"></span>
	

	<div class="product-page-hotspot">
	    <div class="product-cell quickview-button">
	  	    <div class="product-image ">
                
	  		    <img src="https://assets.shop.loblaws.ca/products/20944617/b1/en/front/20944617_front_a01.png" onerror="this.src='https://assets.shop.loblaws.ca/products/NoImage/b1/en/front/NoImage_front_a01_@2.png';" alt="Puffs Cheese Flavoured Snacks, Cheese" />
                
	  			    
	  	        
                
                    
                

	  		    

	  		    

	  		    

	  		    <div class="hover-text-container">
	  			    <button href="#" tabindex="0" class="hover-text " aria-label="Quick View for Puffs Cheese Flavoured Snacks, Cheese.">Quick View</button>
	  		    </div>
	  	    </div>
	    </div>

	    <div class="product-in-cart">
	  	    <div class="wrapper-product-in-cart">
	  		    <span>
	  			    In Cart
	  		    </span>
	  	    </div>
	    </div>

	    <div class="product-info">
	  	    <div class="product-name-wrapper">
	  		    <a href="/Food/Pantry/Chips-%26-Salty-Snacks/Tortilla-Chips/Cheetos-PUFFS-Puffs-Cheese-Flavoured-Snacks%2C-Cheese/p/20944617_EA" class="product-name" aria-label="Product page for Puffs Cheese Flavoured Snacks, Cheese" >
	  			    

	  			    

	  			    <span class="js-product-entry-name">Puffs Cheese Flavoured Snacks, Cheese</span>

	  			    <span class="js-product-entry-size-detail">(280 g)</span>

	  		    </a>
	  	    </div>
	  	    
	  	    
	  		    
	  		    
	  			    



	
	
		
		<span class="ad-match-badge  hidden">Ad Match</span>
	

	  				
	  			        
	  					
	  				        
	  					
	  				
	  		    
	  	    

	  	    <div class="price">
			    <div class="price-wrapper no-discount  ">
				    <span class="reg-price  " aria-label="Regular Price: $3.27">
					    <span class="reg-price-text">$3.27</span>
					    
					    <sup class="reg-price-unit">ea</sup>
				    </span>
				    <span class="sale-price hidden" aria-label="Sale Price:">
					    <span class="sale-price-text"></span>
					    <sup class="sale-price-unit">ea</sup>
				    </span>
				    
				    <span class="secondary-price hidden">
					    
					    <span class="secondary-price-text" aria-label="Secondary Price:"></span>
				    </span>
			    </div>
	  	    </div>

	  	    <div class="qty">
	  		    <span class="reg-qty  ">
		
			
		  	
		  		<span class="sr-only">Sale Price Per Unit:</span>
        $1.17
        /
        100
        g
		  	
	  	
	</span>

	<span class="sale-qty hidden">
		
			
		  	
		  		<span class="sr-only">Sale Price Per Unit:</span>
        $1.17
        /
        100
        g
		  	
	  	
	</span>

	<span class="secondary-qty hidden">
		
	  	<span class="secondary-qty-text"></span>
	</span>
	  	    </div>
	    </div>


	    

	    
	</div>
	<form class="form-product  quickview-btn-simple"
	  data-product-id="20944617_EA"
	  data-min-qty="1.0"
	  data-max-qty="999.0"
	  data-unit-type="ea"
	  data-cart-qty="1"
	  data-default-qty="1"
	  novalidate="novalidate"
	  promoCode=""
	  promoNumber=""
	  data-is-customized="false"
	  data-cart-url="/cart/product/20944617_EA"
	  data-csrf-token="5582ec01-90c0-448b-b4f7-e2cf68d9f8a0"
	  data-is-weighted-product="false">

	<div class="module-add-to-cart " data-change-type="plus" data-auto-edit="true" data-auto-add="true"
		 data-cart-ajax-url="/cart/updateCart">
		<div class="wrapper-add-to-cart-btn">
					<div class="module-add-to-cart-button-small">
							<button type="button" class="btn btn-secondary btn-add-to-cart " data-auid="add-to-cart-button" data-has-pts-badge="false" aria-label="Add Puffs Cheese Flavoured Snacks, Cheese to cart">
										<span class="icon-cart"></span>
										<span class="add-to-cart-text">
											Add</span>
									</button>
									<button type="button" class="btn btn-secondary btn-edit-cart hidden " aria-label="Edit Cart">
										<span class="qty-in-cart"></span>
										<span class="edit-cart-text">
											<spring code="product.edit.text" />"
										</span>
									</button>
								<div class="add-list-parent add-list-module  bottom-add-list-module ">
	<button class="btn btn-inline-link btn-save-to-list  dark is-btn-animated" 
	  data-login-url="/account/login?productCode=20944617_EA" 
	  data-ajax-url="/restful/lists/all?productCode=20944617_EA" 
	  data-user-guest="Y" 
	  data-user-guest="Y" data-product-code="20944617_EA" 
	  data-delete-item="false"
	  aria-label="Add Puffs Cheese Flavoured Snacks, Cheese to a List">
	  <span class="glyphicon glyphicon-th-list"></span>
	  <div class="list-cta-text  is-btn-animated">Add to List</div>
	</button>
	 
	<!-- this is the list HTML   -->
	<div class="save-to-list-popup  is-btn-animated animation-up dark" 
	  data-save-to-list-error="Can not get lists at this time. Please try again later."
	  data-product-name="Puffs Cheese Flavoured Snacks, Cheese">
	  <div class="inner-container">
	  </div>
	  
	</div>
</div>

</div>
				</div>
			</div>


	<div class="module-plus-minus-buttons small hidden ">
			<button type="button" class="btn cart-change-qty" data-change-type="minus" data-auid="decrease-product-quantity" alt="Minus" aria-label="Minus">
				<span class="icon-minimize"></span>
			</button>
			<div class="plus-minus-input-wrapper">
				<input class="input-qty cart-change-qty" aria-label="Enter manual quantity" type="text" name="qty" title="Change quantity in cart"
							data-unit-type="ea"
							value="1ea" data-change-type="equals"
							maxlength="7">

						<span class="input-qty-pretty">
							<span class="input-qty-pretty-value">1</span>
							<span class="input-qty-pretty-unit"></span>
						</span>
					</div>

			<button type="button" class="btn cart-change-qty" data-change-type="plus" data-auid="increase-product-quantity" alt="Plus" aria-label="Plus">
				<span class="icon-plus-sign"></span>
			</button>

			<p class="deal-limit-reached hidden">Deal Limit Reached</p>

			<div class="tooltip-qty-error tooltip-qty-limit hidden">
				<p>
					Limit to
					&nbsp;
					999
					&nbsp;each&nbsp;
					per customer.</p>
			</div>
			<div class="tooltip-qty-error tooltip-round-error hidden">
				<p>
					We do not have this in the weight you wanted. We've rounded your order to the nearest weight increment we stock.</p>
			</div>
		</div>
	</form>

<!-- End Template: AddToCartSmall -->

</div>
</div>
<div class="item">
		









































	
	
		
		
		
		
			
		
	





























<div class="module-grocery-product quickview-simple  clicked" data-quickview-ajax-url="/p/20763198_EA/quickViewProduct" data-product-id="20763198_EA"  data-product-price="$4.98">
    
	
	
		<span class="subtitle"></span>
	

	<div class="product-page-hotspot">
	    <div class="product-cell quickview-button">
	  	    <div class="product-image ">
                
	  		    <img src="https://assets.shop.loblaws.ca/products/20763198/b1/en/front/20763198_front_a01.png" onerror="this.src='https://assets.shop.loblaws.ca/products/NoImage/b1/en/front/NoImage_front_a01_@2.png';" alt="Potato Chips, Classic" />
                
	  			    
	  	        
                
                    
                

	  		    

	  		    

	  		    

	  		    <div class="hover-text-container">
	  			    <button href="#" tabindex="0" class="hover-text " aria-label="Quick View for Potato Chips, Classic.">Quick View</button>
	  		    </div>
	  	    </div>
	    </div>

	    <div class="product-in-cart">
	  	    <div class="wrapper-product-in-cart">
	  		    <span>
	  			    In Cart
	  		    </span>
	  	    </div>
	    </div>

	    <div class="product-info">
	  	    <div class="product-name-wrapper">
	  		    <a href="/Food/Pantry/Chips-%26-Salty-Snacks/Potato-Chips/Lay%27s-Potato-Chips%2C-Classic/p/20763198_EA" class="product-name" aria-label="Product page for Potato Chips, Classic" >
	  			    <span class="js-product-entry-brand">Lay's&nbsp;</span>

	  			    

	  			    <span class="js-product-entry-name">Potato Chips, Classic</span>

	  			    <span class="js-product-entry-size-detail">(475 g)</span>

	  		    </a>
	  	    </div>
	  	    
	  	    
	  		    
	  		    
	  			    



	
	
		
		<span class="ad-match-badge  hidden">Ad Match</span>
	

	  				
	  			        
	  					
	  				        
	  					
	  				
	  		    
	  	    

	  	    <div class="price">
			    <div class="price-wrapper no-discount  ">
				    <span class="reg-price  " aria-label="Regular Price: $4.98">
					    <span class="reg-price-text">$4.98</span>
					    
					    <sup class="reg-price-unit">ea</sup>
				    </span>
				    <span class="sale-price hidden" aria-label="Sale Price:">
					    <span class="sale-price-text"></span>
					    <sup class="sale-price-unit">ea</sup>
				    </span>
				    
				    <span class="secondary-price hidden">
					    
					    <span class="secondary-price-text" aria-label="Secondary Price:"></span>
				    </span>
			    </div>
	  	    </div>

	  	    <div class="qty">
	  		    <span class="reg-qty  ">
		
			
		  	
		  		<span class="sr-only">Sale Price Per Unit:</span>
        $1.05
        /
        100
        g
		  	
	  	
	</span>

	<span class="sale-qty hidden">
		
			
		  	
		  		<span class="sr-only">Sale Price Per Unit:</span>
        $1.05
        /
        100
        g
		  	
	  	
	</span>

	<span class="secondary-qty hidden">
		
	  	<span class="secondary-qty-text"></span>
	</span>
	  	    </div>
	    </div>


	    

	    
	</div>
	<form class="form-product  quickview-btn-simple"
	  data-product-id="20763198_EA"
	  data-min-qty="1.0"
	  data-max-qty="999.0"
	  data-unit-type="ea"
	  data-cart-qty="1"
	  data-default-qty="1"
	  novalidate="novalidate"
	  promoCode=""
	  promoNumber=""
	  data-is-customized="false"
	  data-cart-url="/cart/product/20763198_EA"
	  data-csrf-token="5582ec01-90c0-448b-b4f7-e2cf68d9f8a0"
	  data-is-weighted-product="false">

	<div class="module-add-to-cart " data-change-type="plus" data-auto-edit="true" data-auto-add="true"
		 data-cart-ajax-url="/cart/updateCart">
		<div class="wrapper-add-to-cart-btn">
					<div class="module-add-to-cart-button-small">
							<button type="button" class="btn btn-secondary btn-add-to-cart " data-auid="add-to-cart-button" data-has-pts-badge="false" aria-label="Add Potato Chips, Classic to cart">
										<span class="icon-cart"></span>
										<span class="add-to-cart-text">
											Add</span>
									</button>
									<button type="button" class="btn btn-secondary btn-edit-cart hidden " aria-label="Edit Cart">
										<span class="qty-in-cart"></span>
										<span class="edit-cart-text">
											<spring code="product.edit.text" />"
										</span>
									</button>
								<div class="add-list-parent add-list-module  bottom-add-list-module ">
	<button class="btn btn-inline-link btn-save-to-list  dark is-btn-animated" 
	  data-login-url="/account/login?productCode=20763198_EA" 
	  data-ajax-url="/restful/lists/all?productCode=20763198_EA" 
	  data-user-guest="Y" 
	  data-user-guest="Y" data-product-code="20763198_EA" 
	  data-delete-item="false"
	  aria-label="Add Potato Chips, Classic to a List">
	  <span class="glyphicon glyphicon-th-list"></span>
	  <div class="list-cta-text  is-btn-animated">Add to List</div>
	</button>
	 
	<!-- this is the list HTML   -->
	<div class="save-to-list-popup  is-btn-animated animation-up dark" 
	  data-save-to-list-error="Can not get lists at this time. Please try again later."
	  data-product-name="Potato Chips, Classic">
	  <div class="inner-container">
	  </div>
	  
	</div>
</div>

</div>
				</div>
			</div>


	<div class="module-plus-minus-buttons small hidden ">
			<button type="button" class="btn cart-change-qty" data-change-type="minus" data-auid="decrease-product-quantity" alt="Minus" aria-label="Minus">
				<span class="icon-minimize"></span>
			</button>
			<div class="plus-minus-input-wrapper">
				<input class="input-qty cart-change-qty" aria-label="Enter manual quantity" type="text" name="qty" title="Change quantity in cart"
							data-unit-type="ea"
							value="1ea" data-change-type="equals"
							maxlength="7">

						<span class="input-qty-pretty">
							<span class="input-qty-pretty-value">1</span>
							<span class="input-qty-pretty-unit"></span>
						</span>
					</div>

			<button type="button" class="btn cart-change-qty" data-change-type="plus" data-auid="increase-product-quantity" alt="Plus" aria-label="Plus">
				<span class="icon-plus-sign"></span>
			</button>

			<p class="deal-limit-reached hidden">Deal Limit Reached</p>

			<div class="tooltip-qty-error tooltip-qty-limit hidden">
				<p>
					Limit to
					&nbsp;
					999
					&nbsp;each&nbsp;
					per customer.</p>
			</div>
			<div class="tooltip-qty-error tooltip-round-error hidden">
				<p>
					We do not have this in the weight you wanted. We've rounded your order to the nearest weight increment we stock.</p>
			</div>
		</div>
	</form>

<!-- End Template: AddToCartSmall -->

</div>
</div>
<div class="item">
		









































	
	
		
		
		
		
			
		
	





























<div class="module-grocery-product quickview-simple  clicked" data-quickview-ajax-url="/p/20987658_EA/quickViewProduct" data-product-id="20987658_EA"  data-product-price="$4.48">
    
	
	
		<span class="subtitle"></span>
	

	<div class="product-page-hotspot">
	    <div class="product-cell quickview-button">
	  	    <div class="product-image ">
                
	  		    <img src="https://assets.shop.loblaws.ca/products/20987658/b1/en/front/20987658_front_a01.png" onerror="this.src='https://assets.shop.loblaws.ca/products/NoImage/b1/en/front/NoImage_front_a01_@2.png';" alt="Paqui Very Verde Good Tortilla Chips" />
                
	  			    
	  			        <span class="sticker deal">
	  				        <span class="deal-badge">
	  				            
	  			                
	  				            

	  				            <span class="module-deal-badge module-deal-badge-grid simple-save-unit "
	  						        data-deal-type="2 FOR $8.00"
	  						        data-ajax-promo-url="/simpleDeal/deals/product-tile?productCode=20987658_EA"
	  						        data-deal-id="20987658_EA">
	  						        <span class="deal-type">2 FOR $8.00</span>
	  						            








	<span class="deal-expiry">
		Exp. 05/13
	</span>

	  					                
	  				            </span>
	  			            </span>
	  		            </span>
	  			        
	  	            
	  	        
                
                    
                

	  		    

	  		    

	  		    

	  		    <div class="hover-text-container">
	  			    <button href="#" tabindex="0" class="hover-text " aria-label="Quick View for Paqui Very Verde Good Tortilla Chips.">Quick View</button>
	  		    </div>
	  	    </div>
	    </div>

	    <div class="product-in-cart">
	  	    <div class="wrapper-product-in-cart">
	  		    <span>
	  			    In Cart
	  		    </span>
	  	    </div>
	    </div>

	    <div class="product-info">
	  	    <div class="product-name-wrapper">
	  		    <a href="/Food/Pantry/Chips-%26-Salty-Snacks/Potato-Chips/Paqui-Paqui-Very-Verde-Good-Tortilla-Chips/p/20987658_EA" class="product-name" aria-label="Product page for Paqui Very Verde Good Tortilla Chips" >
	  			    <span class="js-product-entry-brand">Paqui&nbsp;</span>

	  			    

	  			    <span class="js-product-entry-name">Paqui Very Verde Good Tortilla Chips</span>

	  			    <span class="js-product-entry-size-detail">(155 g)</span>

	  		    </a>
	  	    </div>
	  	    
	  	    
	  		    
	  		    
	  			    



	
	
		
		<span class="ad-match-badge  hidden">Ad Match</span>
	

	  				
	  			        
	  					
	  				        
	  					
	  				
	  		    
	  	    

	  	    <div class="price">
			    <div class="price-wrapper no-discount  ">
				    <span class="reg-price  " aria-label="Regular Price: $4.48">
					    <span class="reg-price-text">$4.48</span>
					    
					    <sup class="reg-price-unit">ea</sup>
				    </span>
				    <span class="sale-price hidden" aria-label="Sale Price:">
					    <span class="sale-price-text"></span>
					    <sup class="sale-price-unit">ea</sup>
				    </span>
				    
				    <span class="secondary-price hidden">
					    
					    <span class="secondary-price-text" aria-label="Secondary Price:"></span>
				    </span>
			    </div>
	  	    </div>

	  	    <div class="qty">
	  		    <span class="reg-qty  ">
		
			
		  	
		  		<span class="sr-only">Sale Price Per Unit:</span>
        $2.89
        /
        100
        g
		  	
	  	
	</span>

	<span class="sale-qty hidden">
		
			
		  	
		  		<span class="sr-only">Sale Price Per Unit:</span>
        $2.89
        /
        100
        g
		  	
	  	
	</span>

	<span class="secondary-qty hidden">
		
	  	<span class="secondary-qty-text"></span>
	</span>
	  	    </div>
	    </div>


	    

	    
	</div>
	<form class="form-product  quickview-btn-simple"
	  data-product-id="20987658_EA"
	  data-min-qty="1.0"
	  data-max-qty="999.0"
	  data-unit-type="ea"
	  data-cart-qty="1"
	  data-default-qty="1"
	  novalidate="novalidate"
	  promoCode=""
	  promoNumber=""
	  data-is-customized="false"
	  data-cart-url="/cart/product/20987658_EA"
	  data-csrf-token="5582ec01-90c0-448b-b4f7-e2cf68d9f8a0"
	  data-is-weighted-product="false">

	<div class="module-add-to-cart " data-change-type="plus" data-auto-edit="true" data-auto-add="true"
		 data-cart-ajax-url="/cart/updateCart">
		<div class="wrapper-add-to-cart-btn">
					<div class="module-add-to-cart-button-small">
							<button type="button" class="btn btn-secondary btn-add-to-cart " data-auid="add-to-cart-button" data-has-pts-badge="false" aria-label="Add Paqui Very Verde Good Tortilla Chips to cart">
										<span class="icon-cart"></span>
										<span class="add-to-cart-text">
											Add</span>
									</button>
									<button type="button" class="btn btn-secondary btn-edit-cart hidden " aria-label="Edit Cart">
										<span class="qty-in-cart"></span>
										<span class="edit-cart-text">
											<spring code="product.edit.text" />"
										</span>
									</button>
								<div class="add-list-parent add-list-module  bottom-add-list-module ">
	<button class="btn btn-inline-link btn-save-to-list  dark is-btn-animated" 
	  data-login-url="/account/login?productCode=20987658_EA" 
	  data-ajax-url="/restful/lists/all?productCode=20987658_EA" 
	  data-user-guest="Y" 
	  data-user-guest="Y" data-product-code="20987658_EA" 
	  data-delete-item="false"
	  aria-label="Add Paqui Very Verde Good Tortilla Chips to a List">
	  <span class="glyphicon glyphicon-th-list"></span>
	  <div class="list-cta-text  is-btn-animated">Add to List</div>
	</button>
	 
	<!-- this is the list HTML   -->
	<div class="save-to-list-popup  is-btn-animated animation-up dark" 
	  data-save-to-list-error="Can not get lists at this time. Please try again later."
	  data-product-name="Paqui Very Verde Good Tortilla Chips">
	  <div class="inner-container">
	  </div>
	  
	</div>
</div>

</div>
				</div>
			</div>


	<div class="module-plus-minus-buttons small hidden ">
			<button type="button" class="btn cart-change-qty" data-change-type="minus" data-auid="decrease-product-quantity" alt="Minus" aria-label="Minus">
				<span class="icon-minimize"></span>
			</button>
			<div class="plus-minus-input-wrapper">
				<input class="input-qty cart-change-qty" aria-label="Enter manual quantity" type="text" name="qty" title="Change quantity in cart"
							data-unit-type="ea"
							value="1ea" data-change-type="equals"
							maxlength="7">

						<span class="input-qty-pretty">
							<span class="input-qty-pretty-value">1</span>
							<span class="input-qty-pretty-unit"></span>
						</span>
					</div>

			<button type="button" class="btn cart-change-qty" data-change-type="plus" data-auid="increase-product-quantity" alt="Plus" aria-label="Plus">
				<span class="icon-plus-sign"></span>
			</button>

			<p class="deal-limit-reached hidden">Deal Limit Reached</p>

			<div class="tooltip-qty-error tooltip-qty-limit hidden">
				<p>
					Limit to
					&nbsp;
					999
					&nbsp;each&nbsp;
					per customer.</p>
			</div>
			<div class="tooltip-qty-error tooltip-round-error hidden">
				<p>
					We do not have this in the weight you wanted. We've rounded your order to the nearest weight increment we stock.</p>
			</div>
		</div>
	</form>

<!-- End Template: AddToCartSmall -->

</div>
</div>
<div class="item">
		









































	
	
		
		
		
		
			
		
	





























<div class="module-grocery-product quickview-simple  clicked" data-quickview-ajax-url="/p/20961977_EA/quickViewProduct" data-product-id="20961977_EA"  data-product-price="$1.98">
    
	
	
		<span class="subtitle"></span>
	

	<div class="product-page-hotspot">
	    <div class="product-cell quickview-button">
	  	    <div class="product-image ">
                
	  		    <img src="https://assets.shop.loblaws.ca/products/20961977/b1/en/front/20961977_front_a01.png" onerror="this.src='https://assets.shop.loblaws.ca/products/NoImage/b1/en/front/NoImage_front_a01_@2.png';" alt="Baken-Ets Pork Rinds, Traditional Smoked" />
                
	  			    
	  			        <span class="sticker deal">
	  				        <span class="deal-badge">
	  				            
	  			                
	  				            

	  				            <span class="module-deal-badge module-deal-badge-grid simple-save-unit "
	  						        data-deal-type="2 FOR $3.54"
	  						        data-ajax-promo-url="/simpleDeal/deals/product-tile?productCode=20961977_EA"
	  						        data-deal-id="20961977_EA">
	  						        <span class="deal-type">2 FOR $3.54</span>
	  						            








	<span class="deal-expiry">
		Exp. 12/31
	</span>

	  					                
	  				            </span>
	  			            </span>
	  		            </span>
	  			        
	  	            
	  	        
                
                    
                

	  		    

	  		    

	  		    

	  		    <div class="hover-text-container">
	  			    <button href="#" tabindex="0" class="hover-text " aria-label="Quick View for Baken-Ets Pork Rinds, Traditional Smoked.">Quick View</button>
	  		    </div>
	  	    </div>
	    </div>

	    <div class="product-in-cart">
	  	    <div class="wrapper-product-in-cart">
	  		    <span>
	  			    In Cart
	  		    </span>
	  	    </div>
	    </div>

	    <div class="product-info">
	  	    <div class="product-name-wrapper">
	  		    <a href="/Food/Pantry/Chips-%26-Salty-Snacks/Potato-Chips/Baken-Ets-Baken-Ets-Pork-Rinds%2C-Traditional-Smoked/p/20961977_EA" class="product-name" aria-label="Product page for Baken-Ets Pork Rinds, Traditional Smoked" >
	  			    <span class="js-product-entry-brand">Baken-Ets&nbsp;</span>

	  			    

	  			    <span class="js-product-entry-name">Baken-Ets Pork Rinds, Traditional Smoked</span>

	  			    <span class="js-product-entry-size-detail">(70 g)</span>

	  		    </a>
	  	    </div>
	  	    
	  	    
	  		    
	  		    
	  			    



	
	
		
		<span class="ad-match-badge  hidden">Ad Match</span>
	

	  				
	  			        
	  					
	  				        
	  					
	  				
	  		    
	  	    

	  	    <div class="price">
			    <div class="price-wrapper no-discount  ">
				    <span class="reg-price  " aria-label="Regular Price: $1.98">
					    <span class="reg-price-text">$1.98</span>
					    
					    <sup class="reg-price-unit">ea</sup>
				    </span>
				    <span class="sale-price hidden" aria-label="Sale Price:">
					    <span class="sale-price-text"></span>
					    <sup class="sale-price-unit">ea</sup>
				    </span>
				    
				    <span class="secondary-price hidden">
					    
					    <span class="secondary-price-text" aria-label="Secondary Price:"></span>
				    </span>
			    </div>
	  	    </div>

	  	    <div class="qty">
	  		    <span class="reg-qty  ">
		
			
		  	
		  		<span class="sr-only">Sale Price Per Unit:</span>
        $2.83
        /
        100
        g
		  	
	  	
	</span>

	<span class="sale-qty hidden">
		
			
		  	
		  		<span class="sr-only">Sale Price Per Unit:</span>
        $2.83
        /
        100
        g
		  	
	  	
	</span>

	<span class="secondary-qty hidden">
		
	  	<span class="secondary-qty-text"></span>
	</span>
	  	    </div>
	    </div>


	    

	    
	</div>
	<form class="form-product  quickview-btn-simple"
	  data-product-id="20961977_EA"
	  data-min-qty="1.0"
	  data-max-qty="999.0"
	  data-unit-type="ea"
	  data-cart-qty="1"
	  data-default-qty="1"
	  novalidate="novalidate"
	  promoCode=""
	  promoNumber=""
	  data-is-customized="false"
	  data-cart-url="/cart/product/20961977_EA"
	  data-csrf-token="5582ec01-90c0-448b-b4f7-e2cf68d9f8a0"
	  data-is-weighted-product="false">

	<div class="module-add-to-cart " data-change-type="plus" data-auto-edit="true" data-auto-add="true"
		 data-cart-ajax-url="/cart/updateCart">
		<div class="wrapper-add-to-cart-btn">
					<div class="module-add-to-cart-button-small">
							<button type="button" class="btn btn-secondary btn-add-to-cart " data-auid="add-to-cart-button" data-has-pts-badge="false" aria-label="Add Baken-Ets Pork Rinds, Traditional Smoked to cart">
										<span class="icon-cart"></span>
										<span class="add-to-cart-text">
											Add</span>
									</button>
									<button type="button" class="btn btn-secondary btn-edit-cart hidden " aria-label="Edit Cart">
										<span class="qty-in-cart"></span>
										<span class="edit-cart-text">
											<spring code="product.edit.text" />"
										</span>
									</button>
								<div class="add-list-parent add-list-module  bottom-add-list-module ">
	<button class="btn btn-inline-link btn-save-to-list  dark is-btn-animated" 
	  data-login-url="/account/login?productCode=20961977_EA" 
	  data-ajax-url="/restful/lists/all?productCode=20961977_EA" 
	  data-user-guest="Y" 
	  data-user-guest="Y" data-product-code="20961977_EA" 
	  data-delete-item="false"
	  aria-label="Add Baken-Ets Pork Rinds, Traditional Smoked to a List">
	  <span class="glyphicon glyphicon-th-list"></span>
	  <div class="list-cta-text  is-btn-animated">Add to List</div>
	</button>
	 
	<!-- this is the list HTML   -->
	<div class="save-to-list-popup  is-btn-animated animation-up dark" 
	  data-save-to-list-error="Can not get lists at this time. Please try again later."
	  data-product-name="Baken-Ets Pork Rinds, Traditional Smoked">
	  <div class="inner-container">
	  </div>
	  
	</div>
</div>

</div>
				</div>
			</div>


	<div class="module-plus-minus-buttons small hidden ">
			<button type="button" class="btn cart-change-qty" data-change-type="minus" data-auid="decrease-product-quantity" alt="Minus" aria-label="Minus">
				<span class="icon-minimize"></span>
			</button>
			<div class="plus-minus-input-wrapper">
				<input class="input-qty cart-change-qty" aria-label="Enter manual quantity" type="text" name="qty" title="Change quantity in cart"
							data-unit-type="ea"
							value="1ea" data-change-type="equals"
							maxlength="7">

						<span class="input-qty-pretty">
							<span class="input-qty-pretty-value">1</span>
							<span class="input-qty-pretty-unit"></span>
						</span>
					</div>

			<button type="button" class="btn cart-change-qty" data-change-type="plus" data-auid="increase-product-quantity" alt="Plus" aria-label="Plus">
				<span class="icon-plus-sign"></span>
			</button>

			<p class="deal-limit-reached hidden">Deal Limit Reached</p>

			<div class="tooltip-qty-error tooltip-qty-limit hidden">
				<p>
					Limit to
					&nbsp;
					999
					&nbsp;each&nbsp;
					per customer.</p>
			</div>
			<div class="tooltip-qty-error tooltip-round-error hidden">
				<p>
					We do not have this in the weight you wanted. We've rounded your order to the nearest weight increment we stock.</p>
			</div>
		</div>
	</form>

<!-- End Template: AddToCartSmall -->

</div>
</div>
<div class="item">
		









































	
	
		
		
		
		
			
		
	





























<div class="module-grocery-product quickview-simple  clicked" data-quickview-ajax-url="/p/20650196_EA/quickViewProduct" data-product-id="20650196_EA"  data-product-price="$3.48">
    
	
	
		<span class="subtitle"></span>
	

	<div class="product-page-hotspot">
	    <div class="product-cell quickview-button">
	  	    <div class="product-image ">
                
	  		    <img src="https://assets.shop.loblaws.ca/products/20650196/b1/en/front/20650196_front_a01.png" onerror="this.src='https://assets.shop.loblaws.ca/products/NoImage/b1/en/front/NoImage_front_a01_@2.png';" alt="Veggie Chips" />
                
	  			    
	  			        <span class="sticker deal">
	  				        <span class="deal-badge">
	  				            
	  			                
	  				            

	  				            <span class="module-deal-badge module-deal-badge-grid simple-save-unit "
	  						        data-deal-type="2 FOR $5.00"
	  						        data-ajax-promo-url="/simpleDeal/deals/product-tile?productCode=20650196_EA"
	  						        data-deal-id="20650196_EA">
	  						        <span class="deal-type">2 FOR $5.00</span>
	  						            








	<span class="deal-expiry">
		Exp. 12/19
	</span>

	  					                
	  				            </span>
	  			            </span>
	  		            </span>
	  			        
	  	            
	  	        
                
                    
                

	  		    

	  		    

	  		    

	  		    <div class="hover-text-container">
	  			    <button href="#" tabindex="0" class="hover-text " aria-label="Quick View for Veggie Chips.">Quick View</button>
	  		    </div>
	  	    </div>
	    </div>

	    <div class="product-in-cart">
	  	    <div class="wrapper-product-in-cart">
	  		    <span>
	  			    In Cart
	  		    </span>
	  	    </div>
	    </div>

	    <div class="product-info">
	  	    <div class="product-name-wrapper">
	  		    <a href="/Food/Pantry/Chips-%26-Salty-Snacks/Potato-Chips/Veggie-Chips/p/20650196_EA" class="product-name" aria-label="Product page for Veggie Chips" >
	  			    <span class="js-product-entry-brand">Sensible Portions&nbsp;</span>

	  			    

	  			    <span class="js-product-entry-name">Veggie Chips</span>

	  			    <span class="js-product-entry-size-detail">(142 g)</span>

	  		    </a>
	  	    </div>
	  	    
	  	    
	  		    
	  		    
	  			    



	
	
		
		<span class="ad-match-badge  hidden">Ad Match</span>
	

	  				
	  			        
	  					
	  				        
	  					
	  				
	  		    
	  	    

	  	    <div class="price">
			    <div class="price-wrapper no-discount  ">
				    <span class="reg-price  " aria-label="Regular Price: $3.48">
					    <span class="reg-price-text">$3.48</span>
					    
					    <sup class="reg-price-unit">ea</sup>
				    </span>
				    <span class="sale-price hidden" aria-label="Sale Price:">
					    <span class="sale-price-text"></span>
					    <sup class="sale-price-unit">ea</sup>
				    </span>
				    
				    <span class="secondary-price hidden">
					    
					    <span class="secondary-price-text" aria-label="Secondary Price:"></span>
				    </span>
			    </div>
	  	    </div>

	  	    <div class="qty">
	  		    <span class="reg-qty  ">
		
			
		  	
		  		<span class="sr-only">Sale Price Per Unit:</span>
        $2.45
        /
        100
        g
		  	
	  	
	</span>

	<span class="sale-qty hidden">
		
			
		  	
		  		<span class="sr-only">Sale Price Per Unit:</span>
        $2.45
        /
        100
        g
		  	
	  	
	</span>

	<span class="secondary-qty hidden">
		
	  	<span class="secondary-qty-text"></span>
	</span>
	  	    </div>
	    </div>


	    

	    
	</div>
	<form class="form-product  quickview-btn-simple"
	  data-product-id="20650196_EA"
	  data-min-qty="1.0"
	  data-max-qty="999.0"
	  data-unit-type="ea"
	  data-cart-qty="1"
	  data-default-qty="1"
	  novalidate="novalidate"
	  promoCode=""
	  promoNumber=""
	  data-is-customized="false"
	  data-cart-url="/cart/product/20650196_EA"
	  data-csrf-token="5582ec01-90c0-448b-b4f7-e2cf68d9f8a0"
	  data-is-weighted-product="false">

	<div class="module-add-to-cart " data-change-type="plus" data-auto-edit="true" data-auto-add="true"
		 data-cart-ajax-url="/cart/updateCart">
		<div class="wrapper-add-to-cart-btn">
					<div class="module-add-to-cart-button-small">
							<button type="button" class="btn btn-secondary btn-add-to-cart " data-auid="add-to-cart-button" data-has-pts-badge="false" aria-label="Add Veggie Chips to cart">
										<span class="icon-cart"></span>
										<span class="add-to-cart-text">
											Add</span>
									</button>
									<button type="button" class="btn btn-secondary btn-edit-cart hidden " aria-label="Edit Cart">
										<span class="qty-in-cart"></span>
										<span class="edit-cart-text">
											<spring code="product.edit.text" />"
										</span>
									</button>
								<div class="add-list-parent add-list-module  bottom-add-list-module ">
	<button class="btn btn-inline-link btn-save-to-list  dark is-btn-animated" 
	  data-login-url="/account/login?productCode=20650196_EA" 
	  data-ajax-url="/restful/lists/all?productCode=20650196_EA" 
	  data-user-guest="Y" 
	  data-user-guest="Y" data-product-code="20650196_EA" 
	  data-delete-item="false"
	  aria-label="Add Veggie Chips to a List">
	  <span class="glyphicon glyphicon-th-list"></span>
	  <div class="list-cta-text  is-btn-animated">Add to List</div>
	</button>
	 
	<!-- this is the list HTML   -->
	<div class="save-to-list-popup  is-btn-animated animation-up dark" 
	  data-save-to-list-error="Can not get lists at this time. Please try again later."
	  data-product-name="Veggie Chips">
	  <div class="inner-container">
	  </div>
	  
	</div>
</div>

</div>
				</div>
			</div>


	<div class="module-plus-minus-buttons small hidden ">
			<button type="button" class="btn cart-change-qty" data-change-type="minus" data-auid="decrease-product-quantity" alt="Minus" aria-label="Minus">
				<span class="icon-minimize"></span>
			</button>
			<div class="plus-minus-input-wrapper">
				<input class="input-qty cart-change-qty" aria-label="Enter manual quantity" type="text" name="qty" title="Change quantity in cart"
							data-unit-type="ea"
							value="1ea" data-change-type="equals"
							maxlength="7">

						<span class="input-qty-pretty">
							<span class="input-qty-pretty-value">1</span>
							<span class="input-qty-pretty-unit"></span>
						</span>
					</div>

			<button type="button" class="btn cart-change-qty" data-change-type="plus" data-auid="increase-product-quantity" alt="Plus" aria-label="Plus">
				<span class="icon-plus-sign"></span>
			</button>

			<p class="deal-limit-reached hidden">Deal Limit Reached</p>

			<div class="tooltip-qty-error tooltip-qty-limit hidden">
				<p>
					Limit to
					&nbsp;
					999
					&nbsp;each&nbsp;
					per customer.</p>
			</div>
			<div class="tooltip-qty-error tooltip-round-error hidden">
				<p>
					We do not have this in the weight you wanted. We've rounded your order to the nearest weight increment we stock.</p>
			</div>
		</div>
	</form>

<!-- End Template: AddToCartSmall -->

</div>
</div>
<div class="item">
		









































	
	
		
		
		
		
			
		
	





























<div class="module-grocery-product quickview-simple  clicked" data-quickview-ajax-url="/p/20987680_EA/quickViewProduct" data-product-id="20987680_EA"  data-product-price="$4.48">
    
	
	
		<span class="subtitle"></span>
	

	<div class="product-page-hotspot">
	    <div class="product-cell quickview-button">
	  	    <div class="product-image ">
                
	  		    <img src="https://assets.shop.loblaws.ca/products/20987680/b1/en/front/20987680_front_a01.png" onerror="this.src='https://assets.shop.loblaws.ca/products/NoImage/b1/en/front/NoImage_front_a01_@2.png';" alt="Paqui Tortilla Chips, Nacho Cheese" />
                
	  			    
	  			        <span class="sticker deal">
	  				        <span class="deal-badge">
	  				            
	  			                
	  				            

	  				            <span class="module-deal-badge module-deal-badge-grid simple-save-unit "
	  						        data-deal-type="2 FOR $8.00"
	  						        data-ajax-promo-url="/simpleDeal/deals/product-tile?productCode=20987680_EA"
	  						        data-deal-id="20987680_EA">
	  						        <span class="deal-type">2 FOR $8.00</span>
	  						            








	<span class="deal-expiry">
		Exp. 05/13
	</span>

	  					                
	  				            </span>
	  			            </span>
	  		            </span>
	  			        
	  	            
	  	        
                
                    
                

	  		    

	  		    

	  		    

	  		    <div class="hover-text-container">
	  			    <button href="#" tabindex="0" class="hover-text " aria-label="Quick View for Paqui Tortilla Chips, Nacho Cheese.">Quick View</button>
	  		    </div>
	  	    </div>
	    </div>

	    <div class="product-in-cart">
	  	    <div class="wrapper-product-in-cart">
	  		    <span>
	  			    In Cart
	  		    </span>
	  	    </div>
	    </div>

	    <div class="product-info">
	  	    <div class="product-name-wrapper">
	  		    <a href="/Food/Pantry/Chips-%26-Salty-Snacks/Potato-Chips/Paqui-Paqui-Tortilla-Chips%2C-Nacho-Cheese/p/20987680_EA" class="product-name" aria-label="Product page for Paqui Tortilla Chips, Nacho Cheese" >
	  			    <span class="js-product-entry-brand">Paqui&nbsp;</span>

	  			    

	  			    <span class="js-product-entry-name">Paqui Tortilla Chips, Nacho Cheese</span>

	  			    <span class="js-product-entry-size-detail">(155 g)</span>

	  		    </a>
	  	    </div>
	  	    
	  	    
	  		    
	  		    
	  			    



	
	
		
		<span class="ad-match-badge  hidden">Ad Match</span>
	

	  				
	  			        
	  					
	  				        
	  					
	  				
	  		    
	  	    

	  	    <div class="price">
			    <div class="price-wrapper no-discount  ">
				    <span class="reg-price  " aria-label="Regular Price: $4.48">
					    <span class="reg-price-text">$4.48</span>
					    
					    <sup class="reg-price-unit">ea</sup>
				    </span>
				    <span class="sale-price hidden" aria-label="Sale Price:">
					    <span class="sale-price-text"></span>
					    <sup class="sale-price-unit">ea</sup>
				    </span>
				    
				    <span class="secondary-price hidden">
					    
					    <span class="secondary-price-text" aria-label="Secondary Price:"></span>
				    </span>
			    </div>
	  	    </div>

	  	    <div class="qty">
	  		    <span class="reg-qty  ">
		
			
		  	
		  		<span class="sr-only">Sale Price Per Unit:</span>
        $2.89
        /
        100
        g
		  	
	  	
	</span>

	<span class="sale-qty hidden">
		
			
		  	
		  		<span class="sr-only">Sale Price Per Unit:</span>
        $2.89
        /
        100
        g
		  	
	  	
	</span>

	<span class="secondary-qty hidden">
		
	  	<span class="secondary-qty-text"></span>
	</span>
	  	    </div>
	    </div>


	    

	    
	</div>
	<form class="form-product  quickview-btn-simple"
	  data-product-id="20987680_EA"
	  data-min-qty="1.0"
	  data-max-qty="999.0"
	  data-unit-type="ea"
	  data-cart-qty="1"
	  data-default-qty="1"
	  novalidate="novalidate"
	  promoCode=""
	  promoNumber=""
	  data-is-customized="false"
	  data-cart-url="/cart/product/20987680_EA"
	  data-csrf-token="5582ec01-90c0-448b-b4f7-e2cf68d9f8a0"
	  data-is-weighted-product="false">

	<div class="module-add-to-cart " data-change-type="plus" data-auto-edit="true" data-auto-add="true"
		 data-cart-ajax-url="/cart/updateCart">
		<div class="wrapper-add-to-cart-btn">
					<div class="module-add-to-cart-button-small">
							<button type="button" class="btn btn-secondary btn-add-to-cart " data-auid="add-to-cart-button" data-has-pts-badge="false" aria-label="Add Paqui Tortilla Chips, Nacho Cheese to cart">
										<span class="icon-cart"></span>
										<span class="add-to-cart-text">
											Add</span>
									</button>
									<button type="button" class="btn btn-secondary btn-edit-cart hidden " aria-label="Edit Cart">
										<span class="qty-in-cart"></span>
										<span class="edit-cart-text">
											<spring code="product.edit.text" />"
										</span>
									</button>
								<div class="add-list-parent add-list-module  bottom-add-list-module ">
	<button class="btn btn-inline-link btn-save-to-list  dark is-btn-animated" 
	  data-login-url="/account/login?productCode=20987680_EA" 
	  data-ajax-url="/restful/lists/all?productCode=20987680_EA" 
	  data-user-guest="Y" 
	  data-user-guest="Y" data-product-code="20987680_EA" 
	  data-delete-item="false"
	  aria-label="Add Paqui Tortilla Chips, Nacho Cheese to a List">
	  <span class="glyphicon glyphicon-th-list"></span>
	  <div class="list-cta-text  is-btn-animated">Add to List</div>
	</button>
	 
	<!-- this is the list HTML   -->
	<div class="save-to-list-popup  is-btn-animated animation-up dark" 
	  data-save-to-list-error="Can not get lists at this time. Please try again later."
	  data-product-name="Paqui Tortilla Chips, Nacho Cheese">
	  <div class="inner-container">
	  </div>
	  
	</div>
</div>

</div>
				</div>
			</div>


	<div class="module-plus-minus-buttons small hidden ">
			<button type="button" class="btn cart-change-qty" data-change-type="minus" data-auid="decrease-product-quantity" alt="Minus" aria-label="Minus">
				<span class="icon-minimize"></span>
			</button>
			<div class="plus-minus-input-wrapper">
				<input class="input-qty cart-change-qty" aria-label="Enter manual quantity" type="text" name="qty" title="Change quantity in cart"
							data-unit-type="ea"
							value="1ea" data-change-type="equals"
							maxlength="7">

						<span class="input-qty-pretty">
							<span class="input-qty-pretty-value">1</span>
							<span class="input-qty-pretty-unit"></span>
						</span>
					</div>

			<button type="button" class="btn cart-change-qty" data-change-type="plus" data-auid="increase-product-quantity" alt="Plus" aria-label="Plus">
				<span class="icon-plus-sign"></span>
			</button>

			<p class="deal-limit-reached hidden">Deal Limit Reached</p>

			<div class="tooltip-qty-error tooltip-qty-limit hidden">
				<p>
					Limit to
					&nbsp;
					999
					&nbsp;each&nbsp;
					per customer.</p>
			</div>
			<div class="tooltip-qty-error tooltip-round-error hidden">
				<p>
					We do not have this in the weight you wanted. We've rounded your order to the nearest weight increment we stock.</p>
			</div>
		</div>
	</form>

<!-- End Template: AddToCartSmall -->

</div>
</div>
<div class="item">
		









































	
	
		
		
		
		
			
		
	





























<div class="module-grocery-product quickview-simple  clicked" data-quickview-ajax-url="/p/20699445_EA/quickViewProduct" data-product-id="20699445_EA"  data-product-price="$9.48">
    
	
	
		<span class="subtitle"></span>
	

	<div class="product-page-hotspot">
	    <div class="product-cell quickview-button">
	  	    <div class="product-image ">
                
	  		    <img src="https://assets.shop.loblaws.ca/products/20699445/b1/en/front/20699445_front_a01.png" onerror="this.src='https://assets.shop.loblaws.ca/products/NoImage/b1/en/front/NoImage_front_a01_@2.png';" alt="Seasoned and Roasted Seaweed" />
                
	  			    
	  	        
                
                    
                

	  		    

	  		    

	  		    

	  		    <div class="hover-text-container">
	  			    <button href="#" tabindex="0" class="hover-text " aria-label="Quick View for Seasoned and Roasted Seaweed.">Quick View</button>
	  		    </div>
	  	    </div>
	    </div>

	    <div class="product-in-cart">
	  	    <div class="wrapper-product-in-cart">
	  		    <span>
	  			    In Cart
	  		    </span>
	  	    </div>
	    </div>

	    <div class="product-info">
	  	    <div class="product-name-wrapper">
	  		    <a href="/Food/Pantry/Chips-%26-Salty-Snacks/Pretzels-%26-Snack-Mixes/Seasoned-and-Roasted-Seaweed/p/20699445_EA" class="product-name" aria-label="Product page for Seasoned and Roasted Seaweed" >
	  			    

	  			    

	  			    <span class="js-product-entry-name">Seasoned and Roasted Seaweed</span>

	  			    <span class="js-product-entry-size-detail">(120 g)</span>

	  		    </a>
	  	    </div>
	  	    
	  	    
	  		    
	  		    
	  			    



	
	
		
		<span class="ad-match-badge  hidden">Ad Match</span>
	

	  				
	  			        
	  					
	  				        
	  					
	  				
	  		    
	  	    

	  	    <div class="price">
			    <div class="price-wrapper no-discount  ">
				    <span class="reg-price  " aria-label="Regular Price: $9.48">
					    <span class="reg-price-text">$9.48</span>
					    
					    <sup class="reg-price-unit">ea</sup>
				    </span>
				    <span class="sale-price hidden" aria-label="Sale Price:">
					    <span class="sale-price-text"></span>
					    <sup class="sale-price-unit">ea</sup>
				    </span>
				    
				    <span class="secondary-price hidden">
					    
					    <span class="secondary-price-text" aria-label="Secondary Price:"></span>
				    </span>
			    </div>
	  	    </div>

	  	    <div class="qty">
	  		    <span class="reg-qty  ">
		
			
		  	
		  		<span class="sr-only">Sale Price Per Unit:</span>
        $7.90
        /
        100
        g
		  	
	  	
	</span>

	<span class="sale-qty hidden">
		
			
		  	
		  		<span class="sr-only">Sale Price Per Unit:</span>
        $7.90
        /
        100
        g
		  	
	  	
	</span>

	<span class="secondary-qty hidden">
		
	  	<span class="secondary-qty-text"></span>
	</span>
	  	    </div>
	    </div>


	    

	    
	</div>
	<form class="form-product  quickview-btn-simple"
	  data-product-id="20699445_EA"
	  data-min-qty="1.0"
	  data-max-qty="999.0"
	  data-unit-type="ea"
	  data-cart-qty="1"
	  data-default-qty="1"
	  novalidate="novalidate"
	  promoCode=""
	  promoNumber=""
	  data-is-customized="false"
	  data-cart-url="/cart/product/20699445_EA"
	  data-csrf-token="5582ec01-90c0-448b-b4f7-e2cf68d9f8a0"
	  data-is-weighted-product="false">

	<div class="module-add-to-cart " data-change-type="plus" data-auto-edit="true" data-auto-add="true"
		 data-cart-ajax-url="/cart/updateCart">
		<div class="wrapper-add-to-cart-btn">
					<div class="module-add-to-cart-button-small">
							<button type="button" class="btn btn-secondary btn-add-to-cart " data-auid="add-to-cart-button" data-has-pts-badge="false" aria-label="Add Seasoned and Roasted Seaweed to cart">
										<span class="icon-cart"></span>
										<span class="add-to-cart-text">
											Add</span>
									</button>
									<button type="button" class="btn btn-secondary btn-edit-cart hidden " aria-label="Edit Cart">
										<span class="qty-in-cart"></span>
										<span class="edit-cart-text">
											<spring code="product.edit.text" />"
										</span>
									</button>
								<div class="add-list-parent add-list-module  bottom-add-list-module ">
	<button class="btn btn-inline-link btn-save-to-list  dark is-btn-animated" 
	  data-login-url="/account/login?productCode=20699445_EA" 
	  data-ajax-url="/restful/lists/all?productCode=20699445_EA" 
	  data-user-guest="Y" 
	  data-user-guest="Y" data-product-code="20699445_EA" 
	  data-delete-item="false"
	  aria-label="Add Seasoned and Roasted Seaweed to a List">
	  <span class="glyphicon glyphicon-th-list"></span>
	  <div class="list-cta-text  is-btn-animated">Add to List</div>
	</button>
	 
	<!-- this is the list HTML   -->
	<div class="save-to-list-popup  is-btn-animated animation-up dark" 
	  data-save-to-list-error="Can not get lists at this time. Please try again later."
	  data-product-name="Seasoned and Roasted Seaweed">
	  <div class="inner-container">
	  </div>
	  
	</div>
</div>

</div>
				</div>
			</div>


	<div class="module-plus-minus-buttons small hidden ">
			<button type="button" class="btn cart-change-qty" data-change-type="minus" data-auid="decrease-product-quantity" alt="Minus" aria-label="Minus">
				<span class="icon-minimize"></span>
			</button>
			<div class="plus-minus-input-wrapper">
				<input class="input-qty cart-change-qty" aria-label="Enter manual quantity" type="text" name="qty" title="Change quantity in cart"
							data-unit-type="ea"
							value="1ea" data-change-type="equals"
							maxlength="7">

						<span class="input-qty-pretty">
							<span class="input-qty-pretty-value">1</span>
							<span class="input-qty-pretty-unit"></span>
						</span>
					</div>

			<button type="button" class="btn cart-change-qty" data-change-type="plus" data-auid="increase-product-quantity" alt="Plus" aria-label="Plus">
				<span class="icon-plus-sign"></span>
			</button>

			<p class="deal-limit-reached hidden">Deal Limit Reached</p>

			<div class="tooltip-qty-error tooltip-qty-limit hidden">
				<p>
					Limit to
					&nbsp;
					999
					&nbsp;each&nbsp;
					per customer.</p>
			</div>
			<div class="tooltip-qty-error tooltip-round-error hidden">
				<p>
					We do not have this in the weight you wanted. We've rounded your order to the nearest weight increment we stock.</p>
			</div>
		</div>
	</form>

<!-- End Template: AddToCartSmall -->

</div>
</div>
<div class="item">
		









































	
	
		
		
		
		
			
		
	





























<div class="module-grocery-product quickview-simple  clicked" data-quickview-ajax-url="/p/20354105_EA/quickViewProduct" data-product-id="20354105_EA"  data-product-price="$3.88">
    
	
	
		<span class="subtitle"></span>
	

	<div class="product-page-hotspot">
	    <div class="product-cell quickview-button">
	  	    <div class="product-image ">
                
	  		    <img src="https://assets.shop.loblaws.ca/products/20354105/b1/en/front/20354105_front_a01.png" onerror="this.src='https://assets.shop.loblaws.ca/products/NoImage/b1/en/front/NoImage_front_a01_@2.png';" alt="Monster Noodle Snack, Chicken" />
                
	  			    
	  			        <span class="sticker deal">
	  				        <span class="deal-badge">
	  				            
	  			                
	  				            

	  				            <span class="module-deal-badge module-deal-badge-grid simple-save-unit "
	  						        data-deal-type="2 FOR $6.96"
	  						        data-ajax-promo-url="/simpleDeal/deals/product-tile?productCode=20354105_EA"
	  						        data-deal-id="20354105_EA">
	  						        <span class="deal-type">2 FOR $6.96</span>
	  						            








	<span class="deal-expiry">
		Exp. 12/31
	</span>

	  					                
	  				            </span>
	  			            </span>
	  		            </span>
	  			        
	  	            
	  	        
                
                    
                

	  		    

	  		    

	  		    

	  		    <div class="hover-text-container">
	  			    <button href="#" tabindex="0" class="hover-text " aria-label="Quick View for Monster Noodle Snack, Chicken.">Quick View</button>
	  		    </div>
	  	    </div>
	    </div>

	    <div class="product-in-cart">
	  	    <div class="wrapper-product-in-cart">
	  		    <span>
	  			    In Cart
	  		    </span>
	  	    </div>
	    </div>

	    <div class="product-info">
	  	    <div class="product-name-wrapper">
	  		    <a href="/Food/Pantry/Chips-%26-Salty-Snacks/Pretzels-%26-Snack-Mixes/Monster-Noodle-Snack%2C-Chicken/p/20354105_EA" class="product-name" aria-label="Product page for Monster Noodle Snack, Chicken" >
	  			    <span class="js-product-entry-brand">Mamee&nbsp;</span>

	  			    

	  			    <span class="js-product-entry-name">Monster Noodle Snack, Chicken</span>

	  			    <span class="js-product-entry-size-detail">(300 g)</span>

	  		    </a>
	  	    </div>
	  	    
	  	    
	  		    
	  		    
	  			    



	
	
		
		<span class="ad-match-badge  hidden">Ad Match</span>
	

	  				
	  			        
	  					
	  				        
	  					
	  				
	  		    
	  	    

	  	    <div class="price">
			    <div class="price-wrapper no-discount  ">
				    <span class="reg-price  " aria-label="Regular Price: $3.88">
					    <span class="reg-price-text">$3.88</span>
					    
					    <sup class="reg-price-unit">ea</sup>
				    </span>
				    <span class="sale-price hidden" aria-label="Sale Price:">
					    <span class="sale-price-text"></span>
					    <sup class="sale-price-unit">ea</sup>
				    </span>
				    
				    <span class="secondary-price hidden">
					    
					    <span class="secondary-price-text" aria-label="Secondary Price:"></span>
				    </span>
			    </div>
	  	    </div>

	  	    <div class="qty">
	  		    <span class="reg-qty  ">
		
			
		  	
		  		<span class="sr-only">Sale Price Per Unit:</span>
        $1.29
        /
        100
        g
		  	
	  	
	</span>

	<span class="sale-qty hidden">
		
			
		  	
		  		<span class="sr-only">Sale Price Per Unit:</span>
        $1.29
        /
        100
        g
		  	
	  	
	</span>

	<span class="secondary-qty hidden">
		
	  	<span class="secondary-qty-text"></span>
	</span>
	  	    </div>
	    </div>


	    

	    
	</div>
	<form class="form-product  quickview-btn-simple"
	  data-product-id="20354105_EA"
	  data-min-qty="1.0"
	  data-max-qty="999.0"
	  data-unit-type="ea"
	  data-cart-qty="1"
	  data-default-qty="1"
	  novalidate="novalidate"
	  promoCode=""
	  promoNumber=""
	  data-is-customized="false"
	  data-cart-url="/cart/product/20354105_EA"
	  data-csrf-token="5582ec01-90c0-448b-b4f7-e2cf68d9f8a0"
	  data-is-weighted-product="false">

	<div class="module-add-to-cart " data-change-type="plus" data-auto-edit="true" data-auto-add="true"
		 data-cart-ajax-url="/cart/updateCart">
		<div class="wrapper-add-to-cart-btn">
					<div class="module-add-to-cart-button-small">
							<button type="button" class="btn btn-secondary btn-add-to-cart " data-auid="add-to-cart-button" data-has-pts-badge="false" aria-label="Add Monster Noodle Snack, Chicken to cart">
										<span class="icon-cart"></span>
										<span class="add-to-cart-text">
											Add</span>
									</button>
									<button type="button" class="btn btn-secondary btn-edit-cart hidden " aria-label="Edit Cart">
										<span class="qty-in-cart"></span>
										<span class="edit-cart-text">
											<spring code="product.edit.text" />"
										</span>
									</button>
								<div class="add-list-parent add-list-module  bottom-add-list-module ">
	<button class="btn btn-inline-link btn-save-to-list  dark is-btn-animated" 
	  data-login-url="/account/login?productCode=20354105_EA" 
	  data-ajax-url="/restful/lists/all?productCode=20354105_EA" 
	  data-user-guest="Y" 
	  data-user-guest="Y" data-product-code="20354105_EA" 
	  data-delete-item="false"
	  aria-label="Add Monster Noodle Snack, Chicken to a List">
	  <span class="glyphicon glyphicon-th-list"></span>
	  <div class="list-cta-text  is-btn-animated">Add to List</div>
	</button>
	 
	<!-- this is the list HTML   -->
	<div class="save-to-list-popup  is-btn-animated animation-up dark" 
	  data-save-to-list-error="Can not get lists at this time. Please try again later."
	  data-product-name="Monster Noodle Snack, Chicken">
	  <div class="inner-container">
	  </div>
	  
	</div>
</div>

</div>
				</div>
			</div>


	<div class="module-plus-minus-buttons small hidden ">
			<button type="button" class="btn cart-change-qty" data-change-type="minus" data-auid="decrease-product-quantity" alt="Minus" aria-label="Minus">
				<span class="icon-minimize"></span>
			</button>
			<div class="plus-minus-input-wrapper">
				<input class="input-qty cart-change-qty" aria-label="Enter manual quantity" type="text" name="qty" title="Change quantity in cart"
							data-unit-type="ea"
							value="1ea" data-change-type="equals"
							maxlength="7">

						<span class="input-qty-pretty">
							<span class="input-qty-pretty-value">1</span>
							<span class="input-qty-pretty-unit"></span>
						</span>
					</div>

			<button type="button" class="btn cart-change-qty" data-change-type="plus" data-auid="increase-product-quantity" alt="Plus" aria-label="Plus">
				<span class="icon-plus-sign"></span>
			</button>

			<p class="deal-limit-reached hidden">Deal Limit Reached</p>

			<div class="tooltip-qty-error tooltip-qty-limit hidden">
				<p>
					Limit to
					&nbsp;
					999
					&nbsp;each&nbsp;
					per customer.</p>
			</div>
			<div class="tooltip-qty-error tooltip-round-error hidden">
				<p>
					We do not have this in the weight you wanted. We've rounded your order to the nearest weight increment we stock.</p>
			</div>
		</div>
	</form>

<!-- End Template: AddToCartSmall -->

</div>
</div>
<div class="item">
		









































	
	
		
		
		
		
			
		
	





























<div class="module-grocery-product quickview-simple  clicked" data-quickview-ajax-url="/p/20943726_EA/quickViewProduct" data-product-id="20943726_EA"  data-product-price="$3.28">
    
	
	
		<span class="subtitle"></span>
	

	<div class="product-page-hotspot">
	    <div class="product-cell quickview-button">
	  	    <div class="product-image ">
                
	  		    <img src="https://assets.shop.loblaws.ca/products/20943726/b1/en/front/20943726_front_a01.png" onerror="this.src='https://assets.shop.loblaws.ca/products/NoImage/b1/en/front/NoImage_front_a01_@2.png';" alt="Tortilla Chips, Spicy Nacho" />
                
	  			    
	  	        
                
                    
                

	  		    

	  		    

	  		    

	  		    <div class="hover-text-container">
	  			    <button href="#" tabindex="0" class="hover-text " aria-label="Quick View for Tortilla Chips, Spicy Nacho.">Quick View</button>
	  		    </div>
	  	    </div>
	    </div>

	    <div class="product-in-cart">
	  	    <div class="wrapper-product-in-cart">
	  		    <span>
	  			    In Cart
	  		    </span>
	  	    </div>
	    </div>

	    <div class="product-info">
	  	    <div class="product-name-wrapper">
	  		    <a href="/Food/Pantry/Chips-%26-Salty-Snacks/Pretzels-%26-Snack-Mixes/Doritos-Tortilla-Chips%2C-Spicy-Nacho/p/20943726_EA" class="product-name" aria-label="Product page for Tortilla Chips, Spicy Nacho" >
	  			    <span class="js-product-entry-brand">Doritos&nbsp;</span>

	  			    

	  			    <span class="js-product-entry-name">Tortilla Chips, Spicy Nacho</span>

	  			    <span class="js-product-entry-size-detail">(255 g)</span>

	  		    </a>
	  	    </div>
	  	    
	  	    
	  		    
	  		    
	  			    



	
	
		
		<span class="ad-match-badge  hidden">Ad Match</span>
	

	  				
	  			        
	  					
	  				        
	  					
	  				
	  		    
	  	    

	  	    <div class="price">
			    <div class="price-wrapper no-discount  ">
				    <span class="reg-price  " aria-label="Regular Price: $3.28">
					    <span class="reg-price-text">$3.28</span>
					    
					    <sup class="reg-price-unit">ea</sup>
				    </span>
				    <span class="sale-price hidden" aria-label="Sale Price:">
					    <span class="sale-price-text"></span>
					    <sup class="sale-price-unit">ea</sup>
				    </span>
				    
				    <span class="secondary-price hidden">
					    
					    <span class="secondary-price-text" aria-label="Secondary Price:"></span>
				    </span>
			    </div>
	  	    </div>

	  	    <div class="qty">
	  		    <span class="reg-qty  ">
		
			
		  	
		  		<span class="sr-only">Sale Price Per Unit:</span>
        $1.29
        /
        100
        g
		  	
	  	
	</span>

	<span class="sale-qty hidden">
		
			
		  	
		  		<span class="sr-only">Sale Price Per Unit:</span>
        $1.29
        /
        100
        g
		  	
	  	
	</span>

	<span class="secondary-qty hidden">
		
	  	<span class="secondary-qty-text"></span>
	</span>
	  	    </div>
	    </div>


	    

	    
	</div>
	<form class="form-product  quickview-btn-simple"
	  data-product-id="20943726_EA"
	  data-min-qty="1.0"
	  data-max-qty="999.0"
	  data-unit-type="ea"
	  data-cart-qty="1"
	  data-default-qty="1"
	  novalidate="novalidate"
	  promoCode=""
	  promoNumber=""
	  data-is-customized="false"
	  data-cart-url="/cart/product/20943726_EA"
	  data-csrf-token="5582ec01-90c0-448b-b4f7-e2cf68d9f8a0"
	  data-is-weighted-product="false">

	<div class="module-add-to-cart " data-change-type="plus" data-auto-edit="true" data-auto-add="true"
		 data-cart-ajax-url="/cart/updateCart">
		<div class="wrapper-add-to-cart-btn">
					<div class="module-add-to-cart-button-small">
							<button type="button" class="btn btn-secondary btn-add-to-cart " data-auid="add-to-cart-button" data-has-pts-badge="false" aria-label="Add Tortilla Chips, Spicy Nacho to cart">
										<span class="icon-cart"></span>
										<span class="add-to-cart-text">
											Add</span>
									</button>
									<button type="button" class="btn btn-secondary btn-edit-cart hidden " aria-label="Edit Cart">
										<span class="qty-in-cart"></span>
										<span class="edit-cart-text">
											<spring code="product.edit.text" />"
										</span>
									</button>
								<div class="add-list-parent add-list-module  bottom-add-list-module ">
	<button class="btn btn-inline-link btn-save-to-list  dark is-btn-animated" 
	  data-login-url="/account/login?productCode=20943726_EA" 
	  data-ajax-url="/restful/lists/all?productCode=20943726_EA" 
	  data-user-guest="Y" 
	  data-user-guest="Y" data-product-code="20943726_EA" 
	  data-delete-item="false"
	  aria-label="Add Tortilla Chips, Spicy Nacho to a List">
	  <span class="glyphicon glyphicon-th-list"></span>
	  <div class="list-cta-text  is-btn-animated">Add to List</div>
	</button>
	 
	<!-- this is the list HTML   -->
	<div class="save-to-list-popup  is-btn-animated animation-up dark" 
	  data-save-to-list-error="Can not get lists at this time. Please try again later."
	  data-product-name="Tortilla Chips, Spicy Nacho">
	  <div class="inner-container">
	  </div>
	  
	</div>
</div>

</div>
				</div>
			</div>


	<div class="module-plus-minus-buttons small hidden ">
			<button type="button" class="btn cart-change-qty" data-change-type="minus" data-auid="decrease-product-quantity" alt="Minus" aria-label="Minus">
				<span class="icon-minimize"></span>
			</button>
			<div class="plus-minus-input-wrapper">
				<input class="input-qty cart-change-qty" aria-label="Enter manual quantity" type="text" name="qty" title="Change quantity in cart"
							data-unit-type="ea"
							value="1ea" data-change-type="equals"
							maxlength="7">

						<span class="input-qty-pretty">
							<span class="input-qty-pretty-value">1</span>
							<span class="input-qty-pretty-unit"></span>
						</span>
					</div>

			<button type="button" class="btn cart-change-qty" data-change-type="plus" data-auid="increase-product-quantity" alt="Plus" aria-label="Plus">
				<span class="icon-plus-sign"></span>
			</button>

			<p class="deal-limit-reached hidden">Deal Limit Reached</p>

			<div class="tooltip-qty-error tooltip-qty-limit hidden">
				<p>
					Limit to
					&nbsp;
					999
					&nbsp;each&nbsp;
					per customer.</p>
			</div>
			<div class="tooltip-qty-error tooltip-round-error hidden">
				<p>
					We do not have this in the weight you wanted. We've rounded your order to the nearest weight increment we stock.</p>
			</div>
		</div>
	</form>

<!-- End Template: AddToCartSmall -->

</div>
</div>
<div class="item">
		









































	
	
		
		
		
		
			
		
	





























<div class="module-grocery-product quickview-simple  clicked" data-quickview-ajax-url="/p/20964361_EA/quickViewProduct" data-product-id="20964361_EA"  data-product-price="$2.47">
    
	
	
		<span class="subtitle"></span>
	

	<div class="product-page-hotspot">
	    <div class="product-cell quickview-button">
	  	    <div class="product-image ">
                
	  		    <img src="https://assets.shop.loblaws.ca/products/20964361/b1/en/front/20964361_front_a01.png" onerror="this.src='https://assets.shop.loblaws.ca/products/NoImage/b1/en/front/NoImage_front_a01_@2.png';" alt="Potato Chips, Dill Pickle" />
                
	  			    
	  	        
                
                    
                

	  		    

	  		    
	  			    <span class="sticker deal">
	  				    <span class="deal-badge">
	  					    <span class="module-deal-badge module-deal-badge-feature flyer expires undefined">
	  						    <span class="deal-type">
								    Flyer<br />
	  							    Item
	  						    </span>
	  						    








	<span class="deal-expiry">
		Exp. 12/19
	</span>

	  					    </span>
	  				    </span>
	  			    </span>
	  			    
	  		    

	  		    

	  		    <div class="hover-text-container">
	  			    <button href="#" tabindex="0" class="hover-text " aria-label="Quick View for Potato Chips, Dill Pickle.">Quick View</button>
	  		    </div>
	  	    </div>
	    </div>

	    <div class="product-in-cart">
	  	    <div class="wrapper-product-in-cart">
	  		    <span>
	  			    In Cart
	  		    </span>
	  	    </div>
	    </div>

	    <div class="product-info">
	  	    <div class="product-name-wrapper">
	  		    <a href="/Food/Pantry/Chips-%26-Salty-Snacks/Potato-Chips/Lay%27s-Potato-Chips%2C-Dill-Pickle/p/20964361_EA" class="product-name" aria-label="Product page for Potato Chips, Dill Pickle" >
	  			    <span class="js-product-entry-brand">Lay's&nbsp;</span>

	  			    

	  			    <span class="js-product-entry-name">Potato Chips, Dill Pickle</span>

	  			    <span class="js-product-entry-size-detail">(255 g)</span>

	  		    </a>
	  	    </div>
	  	    
	  	    
	  		    
	  		    
	  			    



	
	
		
		<span class="ad-match-badge  hidden">Ad Match</span>
	

	  				
	  			        
	  					
	  				        
	  					
	  				
	  		    
	  	    

	  	    <div class="price">
			    <div class="price-wrapper no-discount  ">
				    <span class="reg-price  " aria-label="Regular Price: $2.47">
					    <span class="reg-price-text">$2.47</span>
					    
					    <sup class="reg-price-unit">ea</sup>
				    </span>
				    <span class="sale-price hidden" aria-label="Sale Price:">
					    <span class="sale-price-text"></span>
					    <sup class="sale-price-unit">ea</sup>
				    </span>
				    
				    <span class="secondary-price hidden">
					    
					    <span class="secondary-price-text" aria-label="Secondary Price:"></span>
				    </span>
			    </div>
	  	    </div>

	  	    <div class="qty">
	  		    <span class="reg-qty  ">
		
			
		  	
		  		<span class="sr-only">Sale Price Per Unit:</span>
        $0.97
        /
        100
        g
		  	
	  	
	</span>

	<span class="sale-qty hidden">
		
			
		  	
		  		<span class="sr-only">Sale Price Per Unit:</span>
        $0.97
        /
        100
        g
		  	
	  	
	</span>

	<span class="secondary-qty hidden">
		
	  	<span class="secondary-qty-text"></span>
	</span>
	  	    </div>
	    </div>


	    

	    
	</div>
	<form class="form-product  quickview-btn-simple"
	  data-product-id="20964361_EA"
	  data-min-qty="1.0"
	  data-max-qty="999.0"
	  data-unit-type="ea"
	  data-cart-qty="1"
	  data-default-qty="1"
	  novalidate="novalidate"
	  promoCode=""
	  promoNumber=""
	  data-is-customized="false"
	  data-cart-url="/cart/product/20964361_EA"
	  data-csrf-token="5582ec01-90c0-448b-b4f7-e2cf68d9f8a0"
	  data-is-weighted-product="false">

	<div class="module-add-to-cart " data-change-type="plus" data-auto-edit="true" data-auto-add="true"
		 data-cart-ajax-url="/cart/updateCart">
		<div class="wrapper-add-to-cart-btn">
					<div class="module-add-to-cart-button-small">
							<button type="button" class="btn btn-secondary btn-add-to-cart " data-auid="add-to-cart-button" data-has-pts-badge="false" aria-label="Add Potato Chips, Dill Pickle to cart">
										<span class="icon-cart"></span>
										<span class="add-to-cart-text">
											Add</span>
									</button>
									<button type="button" class="btn btn-secondary btn-edit-cart hidden " aria-label="Edit Cart">
										<span class="qty-in-cart"></span>
										<span class="edit-cart-text">
											<spring code="product.edit.text" />"
										</span>
									</button>
								<div class="add-list-parent add-list-module  bottom-add-list-module ">
	<button class="btn btn-inline-link btn-save-to-list  dark is-btn-animated" 
	  data-login-url="/account/login?productCode=20964361_EA" 
	  data-ajax-url="/restful/lists/all?productCode=20964361_EA" 
	  data-user-guest="Y" 
	  data-user-guest="Y" data-product-code="20964361_EA" 
	  data-delete-item="false"
	  aria-label="Add Potato Chips, Dill Pickle to a List">
	  <span class="glyphicon glyphicon-th-list"></span>
	  <div class="list-cta-text  is-btn-animated">Add to List</div>
	</button>
	 
	<!-- this is the list HTML   -->
	<div class="save-to-list-popup  is-btn-animated animation-up dark" 
	  data-save-to-list-error="Can not get lists at this time. Please try again later."
	  data-product-name="Potato Chips, Dill Pickle">
	  <div class="inner-container">
	  </div>
	  
	</div>
</div>

</div>
				</div>
			</div>


	<div class="module-plus-minus-buttons small hidden ">
			<button type="button" class="btn cart-change-qty" data-change-type="minus" data-auid="decrease-product-quantity" alt="Minus" aria-label="Minus">
				<span class="icon-minimize"></span>
			</button>
			<div class="plus-minus-input-wrapper">
				<input class="input-qty cart-change-qty" aria-label="Enter manual quantity" type="text" name="qty" title="Change quantity in cart"
							data-unit-type="ea"
							value="1ea" data-change-type="equals"
							maxlength="7">

						<span class="input-qty-pretty">
							<span class="input-qty-pretty-value">1</span>
							<span class="input-qty-pretty-unit"></span>
						</span>
					</div>

			<button type="button" class="btn cart-change-qty" data-change-type="plus" data-auid="increase-product-quantity" alt="Plus" aria-label="Plus">
				<span class="icon-plus-sign"></span>
			</button>

			<p class="deal-limit-reached hidden">Deal Limit Reached</p>

			<div class="tooltip-qty-error tooltip-qty-limit hidden">
				<p>
					Limit to
					&nbsp;
					999
					&nbsp;each&nbsp;
					per customer.</p>
			</div>
			<div class="tooltip-qty-error tooltip-round-error hidden">
				<p>
					We do not have this in the weight you wanted. We've rounded your order to the nearest weight increment we stock.</p>
			</div>
		</div>
	</form>

<!-- End Template: AddToCartSmall -->

</div>
</div>
<div class="item">
		









































	
	
		
		
		
		
			
		
	





























<div class="module-grocery-product quickview-simple  clicked" data-quickview-ajax-url="/p/20899063002_EA/quickViewProduct" data-product-id="20899063002_EA"  data-product-price="$4.98">
    
	
	
		<span class="subtitle"></span>
	

	<div class="product-page-hotspot">
	    <div class="product-cell quickview-button">
	  	    <div class="product-image ">
                
	  		    <img src="https://assets.shop.loblaws.ca/products/20899063002/b1/en/front/20899063002_front_a01.png" onerror="this.src='https://assets.shop.loblaws.ca/products/NoImage/b1/en/front/NoImage_front_a01_@2.png';" alt="Sweet Cinnamon Chick Peas Snack" />
                
	  			    
	  	        
                
                    
                

	  		    

	  		    

	  		    

	  		    <div class="hover-text-container">
	  			    <button href="#" tabindex="0" class="hover-text " aria-label="Quick View for Sweet Cinnamon Chick Peas Snack.">Quick View</button>
	  		    </div>
	  	    </div>
	    </div>

	    <div class="product-in-cart">
	  	    <div class="wrapper-product-in-cart">
	  		    <span>
	  			    In Cart
	  		    </span>
	  	    </div>
	    </div>

	    <div class="product-info">
	  	    <div class="product-name-wrapper">
	  		    <a href="/Food/Pantry/Chips-%26-Salty-Snacks/Potato-Chips/The-Good-Bean-Sweet-Cinnamon-Chick-Peas-Snack/p/20899063002_EA" class="product-name" aria-label="Product page for Sweet Cinnamon Chick Peas Snack" >
	  			    <span class="js-product-entry-brand">The Good Bean&nbsp;</span>

	  			    

	  			    <span class="js-product-entry-name">Sweet Cinnamon Chick Peas Snack</span>

	  			    <span class="js-product-entry-size-detail">(170 g)</span>

	  		    </a>
	  	    </div>
	  	    
	  	    
	  		    
	  		    
	  			    



	
	
		
		<span class="ad-match-badge  hidden">Ad Match</span>
	

	  				
	  			        
	  					
	  				        
	  					
	  				
	  		    
	  	    

	  	    <div class="price">
			    <div class="price-wrapper no-discount  ">
				    <span class="reg-price  " aria-label="Regular Price: $4.98">
					    <span class="reg-price-text">$4.98</span>
					    
					    <sup class="reg-price-unit">ea</sup>
				    </span>
				    <span class="sale-price hidden" aria-label="Sale Price:">
					    <span class="sale-price-text"></span>
					    <sup class="sale-price-unit">ea</sup>
				    </span>
				    
				    <span class="secondary-price hidden">
					    
					    <span class="secondary-price-text" aria-label="Secondary Price:"></span>
				    </span>
			    </div>
	  	    </div>

	  	    <div class="qty">
	  		    <span class="reg-qty  ">
		
			
		  	
		  		<span class="sr-only">Sale Price Per Unit:</span>
        $2.93
        /
        100
        g
		  	
	  	
	</span>

	<span class="sale-qty hidden">
		
			
		  	
		  		<span class="sr-only">Sale Price Per Unit:</span>
        $2.93
        /
        100
        g
		  	
	  	
	</span>

	<span class="secondary-qty hidden">
		
	  	<span class="secondary-qty-text"></span>
	</span>
	  	    </div>
	    </div>


	    

	    
	</div>
	<form class="form-product  quickview-btn-simple"
	  data-product-id="20899063002_EA"
	  data-min-qty="1.0"
	  data-max-qty="999.0"
	  data-unit-type="ea"
	  data-cart-qty="1"
	  data-default-qty="1"
	  novalidate="novalidate"
	  promoCode=""
	  promoNumber=""
	  data-is-customized="false"
	  data-cart-url="/cart/product/20899063002_EA"
	  data-csrf-token="5582ec01-90c0-448b-b4f7-e2cf68d9f8a0"
	  data-is-weighted-product="false">

	<div class="module-add-to-cart " data-change-type="plus" data-auto-edit="true" data-auto-add="true"
		 data-cart-ajax-url="/cart/updateCart">
		<div class="wrapper-add-to-cart-btn">
					<div class="module-add-to-cart-button-small">
							<button type="button" class="btn btn-secondary btn-add-to-cart " data-auid="add-to-cart-button" data-has-pts-badge="false" aria-label="Add Sweet Cinnamon Chick Peas Snack to cart">
										<span class="icon-cart"></span>
										<span class="add-to-cart-text">
											Add</span>
									</button>
									<button type="button" class="btn btn-secondary btn-edit-cart hidden " aria-label="Edit Cart">
										<span class="qty-in-cart"></span>
										<span class="edit-cart-text">
											<spring code="product.edit.text" />"
										</span>
									</button>
								<div class="add-list-parent add-list-module  bottom-add-list-module ">
	<button class="btn btn-inline-link btn-save-to-list  dark is-btn-animated" 
	  data-login-url="/account/login?productCode=20899063002_EA" 
	  data-ajax-url="/restful/lists/all?productCode=20899063002_EA" 
	  data-user-guest="Y" 
	  data-user-guest="Y" data-product-code="20899063002_EA" 
	  data-delete-item="false"
	  aria-label="Add Sweet Cinnamon Chick Peas Snack to a List">
	  <span class="glyphicon glyphicon-th-list"></span>
	  <div class="list-cta-text  is-btn-animated">Add to List</div>
	</button>
	 
	<!-- this is the list HTML   -->
	<div class="save-to-list-popup  is-btn-animated animation-up dark" 
	  data-save-to-list-error="Can not get lists at this time. Please try again later."
	  data-product-name="Sweet Cinnamon Chick Peas Snack">
	  <div class="inner-container">
	  </div>
	  
	</div>
</div>

</div>
				</div>
			</div>


	<div class="module-plus-minus-buttons small hidden ">
			<button type="button" class="btn cart-change-qty" data-change-type="minus" data-auid="decrease-product-quantity" alt="Minus" aria-label="Minus">
				<span class="icon-minimize"></span>
			</button>
			<div class="plus-minus-input-wrapper">
				<input class="input-qty cart-change-qty" aria-label="Enter manual quantity" type="text" name="qty" title="Change quantity in cart"
							data-unit-type="ea"
							value="1ea" data-change-type="equals"
							maxlength="7">

						<span class="input-qty-pretty">
							<span class="input-qty-pretty-value">1</span>
							<span class="input-qty-pretty-unit"></span>
						</span>
					</div>

			<button type="button" class="btn cart-change-qty" data-change-type="plus" data-auid="increase-product-quantity" alt="Plus" aria-label="Plus">
				<span class="icon-plus-sign"></span>
			</button>

			<p class="deal-limit-reached hidden">Deal Limit Reached</p>

			<div class="tooltip-qty-error tooltip-qty-limit hidden">
				<p>
					Limit to
					&nbsp;
					999
					&nbsp;each&nbsp;
					per customer.</p>
			</div>
			<div class="tooltip-qty-error tooltip-round-error hidden">
				<p>
					We do not have this in the weight you wanted. We've rounded your order to the nearest weight increment we stock.</p>
			</div>
		</div>
	</form>

<!-- End Template: AddToCartSmall -->

</div>
</div>
<div class="item">
		









































	
	
		
		
		
		
			
		
	





























<div class="module-grocery-product quickview-simple  clicked" data-quickview-ajax-url="/p/20622128001_EA/quickViewProduct" data-product-id="20622128001_EA"  data-product-price="$4.98">
    
	
	
		<span class="subtitle"></span>
	

	<div class="product-page-hotspot">
	    <div class="product-cell quickview-button">
	  	    <div class="product-image ">
                
	  		    <img src="https://assets.shop.loblaws.ca/products/20622128001/b1/en/front/20622128001_front_a01.png" onerror="this.src='https://assets.shop.loblaws.ca/products/NoImage/b1/en/front/NoImage_front_a01_@2.png';" alt="Potato Chips, BBQ" />
                
	  			    
	  	        
                
                    
                

	  		    

	  		    

	  		    

	  		    <div class="hover-text-container">
	  			    <button href="#" tabindex="0" class="hover-text " aria-label="Quick View for Potato Chips, BBQ.">Quick View</button>
	  		    </div>
	  	    </div>
	    </div>

	    <div class="product-in-cart">
	  	    <div class="wrapper-product-in-cart">
	  		    <span>
	  			    In Cart
	  		    </span>
	  	    </div>
	    </div>

	    <div class="product-info">
	  	    <div class="product-name-wrapper">
	  		    <a href="/Food/Pantry/Chips-%26-Salty-Snacks/Potato-Chips/No-Name-Potato-Chips%2C-BBQ/p/20622128001_EA" class="product-name" aria-label="Product page for Potato Chips, BBQ" >
	  			    <span class="js-product-entry-brand">No Name&nbsp;</span>

	  			    

	  			    <span class="js-product-entry-name">Potato Chips, BBQ</span>

	  			    <span class="js-product-entry-size-detail">(750 g)</span>

	  		    </a>
	  	    </div>
	  	    
	  	    
	  		    
	  		    
	  			    



	
	
		
		<span class="ad-match-badge  hidden">Ad Match</span>
	

	  				
	  			        
	  					
	  				        
	  					
	  				
	  		    
	  	    

	  	    <div class="price">
			    <div class="price-wrapper no-discount  ">
				    <span class="reg-price  " aria-label="Regular Price: $4.98">
					    <span class="reg-price-text">$4.98</span>
					    
					    <sup class="reg-price-unit">ea</sup>
				    </span>
				    <span class="sale-price hidden" aria-label="Sale Price:">
					    <span class="sale-price-text"></span>
					    <sup class="sale-price-unit">ea</sup>
				    </span>
				    
				    <span class="secondary-price hidden">
					    
					    <span class="secondary-price-text" aria-label="Secondary Price:"></span>
				    </span>
			    </div>
	  	    </div>

	  	    <div class="qty">
	  		    <span class="reg-qty  ">
		
			
		  	
		  		<span class="sr-only">Sale Price Per Unit:</span>
        $0.66
        /
        100
        g
		  	
	  	
	</span>

	<span class="sale-qty hidden">
		
			
		  	
		  		<span class="sr-only">Sale Price Per Unit:</span>
        $0.66
        /
        100
        g
		  	
	  	
	</span>

	<span class="secondary-qty hidden">
		
	  	<span class="secondary-qty-text"></span>
	</span>
	  	    </div>
	    </div>


	    

	    
	</div>
	<form class="form-product  quickview-btn-simple"
	  data-product-id="20622128001_EA"
	  data-min-qty="1.0"
	  data-max-qty="999.0"
	  data-unit-type="ea"
	  data-cart-qty="1"
	  data-default-qty="1"
	  novalidate="novalidate"
	  promoCode=""
	  promoNumber=""
	  data-is-customized="false"
	  data-cart-url="/cart/product/20622128001_EA"
	  data-csrf-token="5582ec01-90c0-448b-b4f7-e2cf68d9f8a0"
	  data-is-weighted-product="false">

	<div class="module-add-to-cart " data-change-type="plus" data-auto-edit="true" data-auto-add="true"
		 data-cart-ajax-url="/cart/updateCart">
		<div class="wrapper-add-to-cart-btn">
					<div class="module-add-to-cart-button-small">
							<button type="button" class="btn btn-secondary btn-add-to-cart " data-auid="add-to-cart-button" data-has-pts-badge="false" aria-label="Add Potato Chips, BBQ to cart">
										<span class="icon-cart"></span>
										<span class="add-to-cart-text">
											Add</span>
									</button>
									<button type="button" class="btn btn-secondary btn-edit-cart hidden " aria-label="Edit Cart">
										<span class="qty-in-cart"></span>
										<span class="edit-cart-text">
											<spring code="product.edit.text" />"
										</span>
									</button>
								<div class="add-list-parent add-list-module  bottom-add-list-module ">
	<button class="btn btn-inline-link btn-save-to-list  dark is-btn-animated" 
	  data-login-url="/account/login?productCode=20622128001_EA" 
	  data-ajax-url="/restful/lists/all?productCode=20622128001_EA" 
	  data-user-guest="Y" 
	  data-user-guest="Y" data-product-code="20622128001_EA" 
	  data-delete-item="false"
	  aria-label="Add Potato Chips, BBQ to a List">
	  <span class="glyphicon glyphicon-th-list"></span>
	  <div class="list-cta-text  is-btn-animated">Add to List</div>
	</button>
	 
	<!-- this is the list HTML   -->
	<div class="save-to-list-popup  is-btn-animated animation-up dark" 
	  data-save-to-list-error="Can not get lists at this time. Please try again later."
	  data-product-name="Potato Chips, BBQ">
	  <div class="inner-container">
	  </div>
	  
	</div>
</div>

</div>
				</div>
			</div>


	<div class="module-plus-minus-buttons small hidden ">
			<button type="button" class="btn cart-change-qty" data-change-type="minus" data-auid="decrease-product-quantity" alt="Minus" aria-label="Minus">
				<span class="icon-minimize"></span>
			</button>
			<div class="plus-minus-input-wrapper">
				<input class="input-qty cart-change-qty" aria-label="Enter manual quantity" type="text" name="qty" title="Change quantity in cart"
							data-unit-type="ea"
							value="1ea" data-change-type="equals"
							maxlength="7">

						<span class="input-qty-pretty">
							<span class="input-qty-pretty-value">1</span>
							<span class="input-qty-pretty-unit"></span>
						</span>
					</div>

			<button type="button" class="btn cart-change-qty" data-change-type="plus" data-auid="increase-product-quantity" alt="Plus" aria-label="Plus">
				<span class="icon-plus-sign"></span>
			</button>

			<p class="deal-limit-reached hidden">Deal Limit Reached</p>

			<div class="tooltip-qty-error tooltip-qty-limit hidden">
				<p>
					Limit to
					&nbsp;
					999
					&nbsp;each&nbsp;
					per customer.</p>
			</div>
			<div class="tooltip-qty-error tooltip-round-error hidden">
				<p>
					We do not have this in the weight you wanted. We've rounded your order to the nearest weight increment we stock.</p>
			</div>
		</div>
	</form>

<!-- End Template: AddToCartSmall -->

</div>
</div>
<div class="item">
		






































	


	



	
	
		
		
		
		
			
		
	





























<div class="module-grocery-product quickview-simple  clicked" data-quickview-ajax-url="/p/21041902_EA/quickViewProduct" data-product-id="21041902_EA"  data-product-price="$2.48">
    
	
	
		<span class="subtitle"></span>
	

	<div class="product-page-hotspot">
	    <div class="product-cell quickview-button">
	  	    <div class="product-image ">
                
	  		    <img src="https://assets.shop.loblaws.ca/products/21041902/b1/en/front/21041902_front_a01.png" onerror="this.src='https://assets.shop.loblaws.ca/products/NoImage/b1/en/front/NoImage_front_a01_@2.png';" alt="Chickpea Tortilla Chips" />
                
	  			    
	  			        <span class="sticker deal">
	  				        <span class="deal-badge">
	  				            
	  			                
	  				            

	  				            <span class="module-deal-badge module-deal-badge-grid simple-save-unit "
	  						        data-deal-type="SAVE $0.50"
	  						        data-ajax-promo-url="/simpleDeal/deals/product-tile?productCode=21041902_EA"
	  						        data-deal-id="21041902_EA">
	  						        <span class="deal-type">SAVE $0.50</span>
	  						            








	<span class="deal-expiry">
		Exp. 01/03
	</span>

	  					                
	  				            </span>
	  			            </span>
	  		            </span>
	  			        
	  	            
	  	        
                
                    
                

	  		    

	  		    

	  		    

	  		    <div class="hover-text-container">
	  			    <button href="#" tabindex="0" class="hover-text " aria-label="Quick View for Chickpea Tortilla Chips.">Quick View</button>
	  		    </div>
	  	    </div>
	    </div>

	    <div class="product-in-cart">
	  	    <div class="wrapper-product-in-cart">
	  		    <span>
	  			    In Cart
	  		    </span>
	  	    </div>
	    </div>

	    <div class="product-info">
	  	    <div class="product-name-wrapper">
	  		    <a href="/Food/Pantry/Chips-%26-Salty-Snacks/Potato-Chips/President%27s-Choice-Chickpea-Tortilla-Chips/p/21041902_EA" class="product-name" aria-label="Product page for Chickpea Tortilla Chips" >
	  			    <span class="js-product-entry-brand">President's Choice&nbsp;</span>

	  			    

	  			    <span class="js-product-entry-name">Chickpea Tortilla Chips</span>

	  			    <span class="js-product-entry-size-detail">(320 g)</span>

	  		    </a>
	  	    </div>
	  	    
	  	    
	  		    
	  		    
	  			    



	
	
		
		<span class="ad-match-badge  hidden">Ad Match</span>
	

	  				
	  			        
	  					
	  				        
	  					
	  				
	  		    
	  	    

	  	    <div class="price">
			    <div class="price-wrapper discount promo-alert ">
				    <span class="reg-price  price-alert" aria-label="Regular Price: $2.48">
					    <span class="reg-price-text">$2.48</span>
					    
					    <sup class="reg-price-unit">ea</sup>
				    </span>
				    <span class="sale-price hidden" aria-label="Sale Price:">
					    <span class="sale-price-text"></span>
					    <sup class="sale-price-unit">ea</sup>
				    </span>
				    
					    <span class="old-price" aria-label="Original Price: $2.98">
						    <span class="old-price-text">$2.98</span>
					    </span>
				    
				    <span class="secondary-price hidden">
					    
					    <span class="secondary-price-text" aria-label="Secondary Price:"></span>
				    </span>
			    </div>
	  	    </div>

	  	    <div class="qty">
	  		    <span class="reg-qty  price-alert">
		
			
		  	
		  		<span class="sr-only">Sale Price Per Unit:</span>
        $0.78
        /
        100
        g
		  	
	  	
	</span>

	<span class="sale-qty hidden">
		
			
		  	
		  		<span class="sr-only">Sale Price Per Unit:</span>
        $0.78
        /
        100
        g
		  	
	  	
	</span>

	<span class="secondary-qty hidden">
		
	  	<span class="secondary-qty-text"></span>
	</span>
	  	    </div>
	    </div>


	    

	    
	</div>
	<form class="form-product  quickview-btn-simple"
	  data-product-id="21041902_EA"
	  data-min-qty="1.0"
	  data-max-qty="999.0"
	  data-unit-type="ea"
	  data-cart-qty="1"
	  data-default-qty="1"
	  novalidate="novalidate"
	  promoCode=""
	  promoNumber=""
	  data-is-customized="false"
	  data-cart-url="/cart/product/21041902_EA"
	  data-csrf-token="5582ec01-90c0-448b-b4f7-e2cf68d9f8a0"
	  data-is-weighted-product="false">

	<div class="module-add-to-cart " data-change-type="plus" data-auto-edit="true" data-auto-add="true"
		 data-cart-ajax-url="/cart/updateCart">
		<div class="wrapper-add-to-cart-btn">
					<div class="module-add-to-cart-button-small">
							<button type="button" class="btn btn-secondary btn-add-to-cart " data-auid="add-to-cart-button" data-has-pts-badge="false" aria-label="Add Chickpea Tortilla Chips to cart">
										<span class="icon-cart"></span>
										<span class="add-to-cart-text">
											Add</span>
									</button>
									<button type="button" class="btn btn-secondary btn-edit-cart hidden " aria-label="Edit Cart">
										<span class="qty-in-cart"></span>
										<span class="edit-cart-text">
											<spring code="product.edit.text" />"
										</span>
									</button>
								<div class="add-list-parent add-list-module  bottom-add-list-module ">
	<button class="btn btn-inline-link btn-save-to-list  dark is-btn-animated" 
	  data-login-url="/account/login?productCode=21041902_EA" 
	  data-ajax-url="/restful/lists/all?productCode=21041902_EA" 
	  data-user-guest="Y" 
	  data-user-guest="Y" data-product-code="21041902_EA" 
	  data-delete-item="false"
	  aria-label="Add Chickpea Tortilla Chips to a List">
	  <span class="glyphicon glyphicon-th-list"></span>
	  <div class="list-cta-text  is-btn-animated">Add to List</div>
	</button>
	 
	<!-- this is the list HTML   -->
	<div class="save-to-list-popup  is-btn-animated animation-up dark" 
	  data-save-to-list-error="Can not get lists at this time. Please try again later."
	  data-product-name="Chickpea Tortilla Chips">
	  <div class="inner-container">
	  </div>
	  
	</div>
</div>

</div>
				</div>
			</div>


	<div class="module-plus-minus-buttons small hidden ">
			<button type="button" class="btn cart-change-qty" data-change-type="minus" data-auid="decrease-product-quantity" alt="Minus" aria-label="Minus">
				<span class="icon-minimize"></span>
			</button>
			<div class="plus-minus-input-wrapper">
				<input class="input-qty cart-change-qty" aria-label="Enter manual quantity" type="text" name="qty" title="Change quantity in cart"
							data-unit-type="ea"
							value="1ea" data-change-type="equals"
							maxlength="7">

						<span class="input-qty-pretty">
							<span class="input-qty-pretty-value">1</span>
							<span class="input-qty-pretty-unit"></span>
						</span>
					</div>

			<button type="button" class="btn cart-change-qty" data-change-type="plus" data-auid="increase-product-quantity" alt="Plus" aria-label="Plus">
				<span class="icon-plus-sign"></span>
			</button>

			<p class="deal-limit-reached hidden">Deal Limit Reached</p>

			<div class="tooltip-qty-error tooltip-qty-limit hidden">
				<p>
					Limit to
					&nbsp;
					999
					&nbsp;each&nbsp;
					per customer.</p>
			</div>
			<div class="tooltip-qty-error tooltip-round-error hidden">
				<p>
					We do not have this in the weight you wanted. We've rounded your order to the nearest weight increment we stock.</p>
			</div>
		</div>
	</form>

<!-- End Template: AddToCartSmall -->

</div>
</div>
<div class="item">
		









































	
	
		
		
		
		
			
		
	





























<div class="module-grocery-product quickview-simple  clicked" data-quickview-ajax-url="/p/20797380008_EA/quickViewProduct" data-product-id="20797380008_EA"  data-product-price="$1.69">
    
	
	
		<span class="subtitle"></span>
	

	<div class="product-page-hotspot">
	    <div class="product-cell quickview-button">
	  	    <div class="product-image ">
                
	  		    <img src="https://assets.shop.loblaws.ca/products/20797380008/b1/en/front/20797380008_front_a01.png" onerror="this.src='https://assets.shop.loblaws.ca/products/NoImage/b1/en/front/NoImage_front_a01_@2.png';" alt="Tortilla Chips, Zesty Cheese" />
                
	  			    
	  	        
                
                    
                

	  		    

	  		    

	  		    

	  		    <div class="hover-text-container">
	  			    <button href="#" tabindex="0" class="hover-text " aria-label="Quick View for Tortilla Chips, Zesty Cheese.">Quick View</button>
	  		    </div>
	  	    </div>
	    </div>

	    <div class="product-in-cart">
	  	    <div class="wrapper-product-in-cart">
	  		    <span>
	  			    In Cart
	  		    </span>
	  	    </div>
	    </div>

	    <div class="product-info">
	  	    <div class="product-name-wrapper">
	  		    <a href="/Food/Pantry/Chips-%26-Salty-Snacks/Potato-Chips/Tortilla-Chips%2C-Zesty-Cheese/p/20797380008_EA" class="product-name" aria-label="Product page for Tortilla Chips, Zesty Cheese" >
	  			    <span class="js-product-entry-brand">Doritos&nbsp;</span>

	  			    

	  			    <span class="js-product-entry-name">Tortilla Chips, Zesty Cheese</span>

	  			    <span class="js-product-entry-size-detail">(80 g)</span>

	  		    </a>
	  	    </div>
	  	    
	  	    
	  		    
	  		    
	  			    



	
	
		
		<span class="ad-match-badge  hidden">Ad Match</span>
	

	  				
	  			        
	  					
	  				        
	  					
	  				
	  		    
	  	    

	  	    <div class="price">
			    <div class="price-wrapper no-discount  ">
				    <span class="reg-price  " aria-label="Regular Price: $1.69">
					    <span class="reg-price-text">$1.69</span>
					    
					    <sup class="reg-price-unit">ea</sup>
				    </span>
				    <span class="sale-price hidden" aria-label="Sale Price:">
					    <span class="sale-price-text"></span>
					    <sup class="sale-price-unit">ea</sup>
				    </span>
				    
				    <span class="secondary-price hidden">
					    
					    <span class="secondary-price-text" aria-label="Secondary Price:"></span>
				    </span>
			    </div>
	  	    </div>

	  	    <div class="qty">
	  		    <span class="reg-qty  ">
		
			
		  	
		  		<span class="sr-only">Sale Price Per Unit:</span>
        $2.11
        /
        100
        g
		  	
	  	
	</span>

	<span class="sale-qty hidden">
		
			
		  	
		  		<span class="sr-only">Sale Price Per Unit:</span>
        $2.11
        /
        100
        g
		  	
	  	
	</span>

	<span class="secondary-qty hidden">
		
	  	<span class="secondary-qty-text"></span>
	</span>
	  	    </div>
	    </div>


	    

	    
	</div>
	<form class="form-product  quickview-btn-simple"
	  data-product-id="20797380008_EA"
	  data-min-qty="1.0"
	  data-max-qty="999.0"
	  data-unit-type="ea"
	  data-cart-qty="1"
	  data-default-qty="1"
	  novalidate="novalidate"
	  promoCode=""
	  promoNumber=""
	  data-is-customized="false"
	  data-cart-url="/cart/product/20797380008_EA"
	  data-csrf-token="5582ec01-90c0-448b-b4f7-e2cf68d9f8a0"
	  data-is-weighted-product="false">

	<div class="module-add-to-cart " data-change-type="plus" data-auto-edit="true" data-auto-add="true"
		 data-cart-ajax-url="/cart/updateCart">
		<div class="wrapper-add-to-cart-btn">
					<div class="module-add-to-cart-button-small">
							<button type="button" class="btn btn-secondary btn-add-to-cart " data-auid="add-to-cart-button" data-has-pts-badge="false" aria-label="Add Tortilla Chips, Zesty Cheese to cart">
										<span class="icon-cart"></span>
										<span class="add-to-cart-text">
											Add</span>
									</button>
									<button type="button" class="btn btn-secondary btn-edit-cart hidden " aria-label="Edit Cart">
										<span class="qty-in-cart"></span>
										<span class="edit-cart-text">
											<spring code="product.edit.text" />"
										</span>
									</button>
								<div class="add-list-parent add-list-module  bottom-add-list-module ">
	<button class="btn btn-inline-link btn-save-to-list  dark is-btn-animated" 
	  data-login-url="/account/login?productCode=20797380008_EA" 
	  data-ajax-url="/restful/lists/all?productCode=20797380008_EA" 
	  data-user-guest="Y" 
	  data-user-guest="Y" data-product-code="20797380008_EA" 
	  data-delete-item="false"
	  aria-label="Add Tortilla Chips, Zesty Cheese to a List">
	  <span class="glyphicon glyphicon-th-list"></span>
	  <div class="list-cta-text  is-btn-animated">Add to List</div>
	</button>
	 
	<!-- this is the list HTML   -->
	<div class="save-to-list-popup  is-btn-animated animation-up dark" 
	  data-save-to-list-error="Can not get lists at this time. Please try again later."
	  data-product-name="Tortilla Chips, Zesty Cheese">
	  <div class="inner-container">
	  </div>
	  
	</div>
</div>

</div>
				</div>
			</div>


	<div class="module-plus-minus-buttons small hidden ">
			<button type="button" class="btn cart-change-qty" data-change-type="minus" data-auid="decrease-product-quantity" alt="Minus" aria-label="Minus">
				<span class="icon-minimize"></span>
			</button>
			<div class="plus-minus-input-wrapper">
				<input class="input-qty cart-change-qty" aria-label="Enter manual quantity" type="text" name="qty" title="Change quantity in cart"
							data-unit-type="ea"
							value="1ea" data-change-type="equals"
							maxlength="7">

						<span class="input-qty-pretty">
							<span class="input-qty-pretty-value">1</span>
							<span class="input-qty-pretty-unit"></span>
						</span>
					</div>

			<button type="button" class="btn cart-change-qty" data-change-type="plus" data-auid="increase-product-quantity" alt="Plus" aria-label="Plus">
				<span class="icon-plus-sign"></span>
			</button>

			<p class="deal-limit-reached hidden">Deal Limit Reached</p>

			<div class="tooltip-qty-error tooltip-qty-limit hidden">
				<p>
					Limit to
					&nbsp;
					999
					&nbsp;each&nbsp;
					per customer.</p>
			</div>
			<div class="tooltip-qty-error tooltip-round-error hidden">
				<p>
					We do not have this in the weight you wanted. We've rounded your order to the nearest weight increment we stock.</p>
			</div>
		</div>
	</form>

<!-- End Template: AddToCartSmall -->

</div>
</div>
<div class="item">
		









































	
	
		
		
		
		
			
		
	





























<div class="module-grocery-product quickview-simple  clicked" data-quickview-ajax-url="/p/21036714_EA/quickViewProduct" data-product-id="21036714_EA"  data-product-price="$3.68">
    
	
	
		<span class="subtitle"></span>
	

	<div class="product-page-hotspot">
	    <div class="product-cell quickview-button">
	  	    <div class="product-image ">
                
	  		    <img src="https://assets.shop.loblaws.ca/products/21036714/b1/en/front/21036714_front_a01.png" onerror="this.src='https://assets.shop.loblaws.ca/products/NoImage/b1/en/front/NoImage_front_a01_@2.png';" alt="Takis Fuego Chips" />
                
	  			    
	  	        
                
                    
                

	  		    

	  		    

	  		    

	  		    <div class="hover-text-container">
	  			    <button href="#" tabindex="0" class="hover-text " aria-label="Quick View for Takis Fuego Chips.">Quick View</button>
	  		    </div>
	  	    </div>
	    </div>

	    <div class="product-in-cart">
	  	    <div class="wrapper-product-in-cart">
	  		    <span>
	  			    In Cart
	  		    </span>
	  	    </div>
	    </div>

	    <div class="product-info">
	  	    <div class="product-name-wrapper">
	  		    <a href="/Food/Pantry/Chips-%26-Salty-Snacks/Potato-Chips/Barcel-Takis-Fuego-Chips/p/21036714_EA" class="product-name" aria-label="Product page for Takis Fuego Chips" >
	  			    

	  			    

	  			    <span class="js-product-entry-name">Takis Fuego Chips</span>

	  			    <span class="js-product-entry-size-detail">(280 g)</span>

	  		    </a>
	  	    </div>
	  	    
	  	    
	  		    
	  		    
	  			    



	
	
		
		<span class="ad-match-badge  hidden">Ad Match</span>
	

	  				
	  			        
	  					
	  				        
	  					
	  				
	  		    
	  	    

	  	    <div class="price">
			    <div class="price-wrapper no-discount  ">
				    <span class="reg-price  " aria-label="Regular Price: $3.68">
					    <span class="reg-price-text">$3.68</span>
					    
					    <sup class="reg-price-unit">ea</sup>
				    </span>
				    <span class="sale-price hidden" aria-label="Sale Price:">
					    <span class="sale-price-text"></span>
					    <sup class="sale-price-unit">ea</sup>
				    </span>
				    
				    <span class="secondary-price hidden">
					    
					    <span class="secondary-price-text" aria-label="Secondary Price:"></span>
				    </span>
			    </div>
	  	    </div>

	  	    <div class="qty">
	  		    <span class="reg-qty  ">
		
			
		  	
		  		<span class="sr-only">Sale Price Per Unit:</span>
        $1.31
        /
        100
        g
		  	
	  	
	</span>

	<span class="sale-qty hidden">
		
			
		  	
		  		<span class="sr-only">Sale Price Per Unit:</span>
        $1.31
        /
        100
        g
		  	
	  	
	</span>

	<span class="secondary-qty hidden">
		
	  	<span class="secondary-qty-text"></span>
	</span>
	  	    </div>
	    </div>


	    

	    
	</div>
	<form class="form-product  quickview-btn-simple"
	  data-product-id="21036714_EA"
	  data-min-qty="1.0"
	  data-max-qty="999.0"
	  data-unit-type="ea"
	  data-cart-qty="1"
	  data-default-qty="1"
	  novalidate="novalidate"
	  promoCode=""
	  promoNumber=""
	  data-is-customized="false"
	  data-cart-url="/cart/product/21036714_EA"
	  data-csrf-token="5582ec01-90c0-448b-b4f7-e2cf68d9f8a0"
	  data-is-weighted-product="false">

	<div class="module-add-to-cart " data-change-type="plus" data-auto-edit="true" data-auto-add="true"
		 data-cart-ajax-url="/cart/updateCart">
		<div class="wrapper-add-to-cart-btn">
					<div class="module-add-to-cart-button-small">
							<button type="button" class="btn btn-secondary btn-add-to-cart " data-auid="add-to-cart-button" data-has-pts-badge="false" aria-label="Add Takis Fuego Chips to cart">
										<span class="icon-cart"></span>
										<span class="add-to-cart-text">
											Add</span>
									</button>
									<button type="button" class="btn btn-secondary btn-edit-cart hidden " aria-label="Edit Cart">
										<span class="qty-in-cart"></span>
										<span class="edit-cart-text">
											<spring code="product.edit.text" />"
										</span>
									</button>
								<div class="add-list-parent add-list-module  bottom-add-list-module ">
	<button class="btn btn-inline-link btn-save-to-list  dark is-btn-animated" 
	  data-login-url="/account/login?productCode=21036714_EA" 
	  data-ajax-url="/restful/lists/all?productCode=21036714_EA" 
	  data-user-guest="Y" 
	  data-user-guest="Y" data-product-code="21036714_EA" 
	  data-delete-item="false"
	  aria-label="Add Takis Fuego Chips to a List">
	  <span class="glyphicon glyphicon-th-list"></span>
	  <div class="list-cta-text  is-btn-animated">Add to List</div>
	</button>
	 
	<!-- this is the list HTML   -->
	<div class="save-to-list-popup  is-btn-animated animation-up dark" 
	  data-save-to-list-error="Can not get lists at this time. Please try again later."
	  data-product-name="Takis Fuego Chips">
	  <div class="inner-container">
	  </div>
	  
	</div>
</div>

</div>
				</div>
			</div>


	<div class="module-plus-minus-buttons small hidden ">
			<button type="button" class="btn cart-change-qty" data-change-type="minus" data-auid="decrease-product-quantity" alt="Minus" aria-label="Minus">
				<span class="icon-minimize"></span>
			</button>
			<div class="plus-minus-input-wrapper">
				<input class="input-qty cart-change-qty" aria-label="Enter manual quantity" type="text" name="qty" title="Change quantity in cart"
							data-unit-type="ea"
							value="1ea" data-change-type="equals"
							maxlength="7">

						<span class="input-qty-pretty">
							<span class="input-qty-pretty-value">1</span>
							<span class="input-qty-pretty-unit"></span>
						</span>
					</div>

			<button type="button" class="btn cart-change-qty" data-change-type="plus" data-auid="increase-product-quantity" alt="Plus" aria-label="Plus">
				<span class="icon-plus-sign"></span>
			</button>

			<p class="deal-limit-reached hidden">Deal Limit Reached</p>

			<div class="tooltip-qty-error tooltip-qty-limit hidden">
				<p>
					Limit to
					&nbsp;
					999
					&nbsp;each&nbsp;
					per customer.</p>
			</div>
			<div class="tooltip-qty-error tooltip-round-error hidden">
				<p>
					We do not have this in the weight you wanted. We've rounded your order to the nearest weight increment we stock.</p>
			</div>
		</div>
	</form>

<!-- End Template: AddToCartSmall -->

</div>
</div>
<div class="item">
		









































	
	
		
		
		
		
			
		
	





























<div class="module-grocery-product quickview-simple  clicked" data-quickview-ajax-url="/p/21049385_EA/quickViewProduct" data-product-id="21049385_EA"  data-product-price="$3.27">
    
	
	
		<span class="subtitle"></span>
	

	<div class="product-page-hotspot">
	    <div class="product-cell quickview-button">
	  	    <div class="product-image ">
                
	  		    <img src="https://assets.shop.loblaws.ca/products/21049385/b1/en/front/21049385_front_a01.png" onerror="this.src='https://assets.shop.loblaws.ca/products/NoImage/b1/en/front/NoImage_front_a01_@2.png';" alt="Potato Chips, Regular" />
                
	  			    
	  	        
                
                    
                

	  		    

	  		    

	  		    

	  		    <div class="hover-text-container">
	  			    <button href="#" tabindex="0" class="hover-text " aria-label="Quick View for Potato Chips, Regular.">Quick View</button>
	  		    </div>
	  	    </div>
	    </div>

	    <div class="product-in-cart">
	  	    <div class="wrapper-product-in-cart">
	  		    <span>
	  			    In Cart
	  		    </span>
	  	    </div>
	    </div>

	    <div class="product-info">
	  	    <div class="product-name-wrapper">
	  		    <a href="/Food/Pantry/Chips-%26-Salty-Snacks/Potato-Chips/Ruffles-Potato-Chips%2C-Regular/p/21049385_EA" class="product-name" aria-label="Product page for Potato Chips, Regular" >
	  			    

	  			    

	  			    <span class="js-product-entry-name">Potato Chips, Regular</span>

	  			    <span class="js-product-entry-size-detail">(220 g)</span>

	  		    </a>
	  	    </div>
	  	    
	  	    
	  		    
	  		    
	  			    



	
	
		
		<span class="ad-match-badge  hidden">Ad Match</span>
	

	  				
	  			        
	  					
	  				        
	  					
	  				
	  		    
	  	    

	  	    <div class="price">
			    <div class="price-wrapper no-discount  ">
				    <span class="reg-price  " aria-label="Regular Price: $3.27">
					    <span class="reg-price-text">$3.27</span>
					    
					    <sup class="reg-price-unit">ea</sup>
				    </span>
				    <span class="sale-price hidden" aria-label="Sale Price:">
					    <span class="sale-price-text"></span>
					    <sup class="sale-price-unit">ea</sup>
				    </span>
				    
				    <span class="secondary-price hidden">
					    
					    <span class="secondary-price-text" aria-label="Secondary Price:"></span>
				    </span>
			    </div>
	  	    </div>

	  	    <div class="qty">
	  		    <span class="reg-qty  ">
		
			
		  	
		  		<span class="sr-only">Sale Price Per Unit:</span>
        $1.49
        /
        100
        g
		  	
	  	
	</span>

	<span class="sale-qty hidden">
		
			
		  	
		  		<span class="sr-only">Sale Price Per Unit:</span>
        $1.49
        /
        100
        g
		  	
	  	
	</span>

	<span class="secondary-qty hidden">
		
	  	<span class="secondary-qty-text"></span>
	</span>
	  	    </div>
	    </div>


	    

	    
	</div>
	<form class="form-product  quickview-btn-simple"
	  data-product-id="21049385_EA"
	  data-min-qty="1.0"
	  data-max-qty="999.0"
	  data-unit-type="ea"
	  data-cart-qty="1"
	  data-default-qty="1"
	  novalidate="novalidate"
	  promoCode=""
	  promoNumber=""
	  data-is-customized="false"
	  data-cart-url="/cart/product/21049385_EA"
	  data-csrf-token="5582ec01-90c0-448b-b4f7-e2cf68d9f8a0"
	  data-is-weighted-product="false">

	<div class="module-add-to-cart " data-change-type="plus" data-auto-edit="true" data-auto-add="true"
		 data-cart-ajax-url="/cart/updateCart">
		<div class="wrapper-add-to-cart-btn">
					<div class="module-add-to-cart-button-small">
							<button type="button" class="btn btn-secondary btn-add-to-cart " data-auid="add-to-cart-button" data-has-pts-badge="false" aria-label="Add Potato Chips, Regular to cart">
										<span class="icon-cart"></span>
										<span class="add-to-cart-text">
											Add</span>
									</button>
									<button type="button" class="btn btn-secondary btn-edit-cart hidden " aria-label="Edit Cart">
										<span class="qty-in-cart"></span>
										<span class="edit-cart-text">
											<spring code="product.edit.text" />"
										</span>
									</button>
								<div class="add-list-parent add-list-module  bottom-add-list-module ">
	<button class="btn btn-inline-link btn-save-to-list  dark is-btn-animated" 
	  data-login-url="/account/login?productCode=21049385_EA" 
	  data-ajax-url="/restful/lists/all?productCode=21049385_EA" 
	  data-user-guest="Y" 
	  data-user-guest="Y" data-product-code="21049385_EA" 
	  data-delete-item="false"
	  aria-label="Add Potato Chips, Regular to a List">
	  <span class="glyphicon glyphicon-th-list"></span>
	  <div class="list-cta-text  is-btn-animated">Add to List</div>
	</button>
	 
	<!-- this is the list HTML   -->
	<div class="save-to-list-popup  is-btn-animated animation-up dark" 
	  data-save-to-list-error="Can not get lists at this time. Please try again later."
	  data-product-name="Potato Chips, Regular">
	  <div class="inner-container">
	  </div>
	  
	</div>
</div>

</div>
				</div>
			</div>


	<div class="module-plus-minus-buttons small hidden ">
			<button type="button" class="btn cart-change-qty" data-change-type="minus" data-auid="decrease-product-quantity" alt="Minus" aria-label="Minus">
				<span class="icon-minimize"></span>
			</button>
			<div class="plus-minus-input-wrapper">
				<input class="input-qty cart-change-qty" aria-label="Enter manual quantity" type="text" name="qty" title="Change quantity in cart"
							data-unit-type="ea"
							value="1ea" data-change-type="equals"
							maxlength="7">

						<span class="input-qty-pretty">
							<span class="input-qty-pretty-value">1</span>
							<span class="input-qty-pretty-unit"></span>
						</span>
					</div>

			<button type="button" class="btn cart-change-qty" data-change-type="plus" data-auid="increase-product-quantity" alt="Plus" aria-label="Plus">
				<span class="icon-plus-sign"></span>
			</button>

			<p class="deal-limit-reached hidden">Deal Limit Reached</p>

			<div class="tooltip-qty-error tooltip-qty-limit hidden">
				<p>
					Limit to
					&nbsp;
					999
					&nbsp;each&nbsp;
					per customer.</p>
			</div>
			<div class="tooltip-qty-error tooltip-round-error hidden">
				<p>
					We do not have this in the weight you wanted. We've rounded your order to the nearest weight increment we stock.</p>
			</div>
		</div>
	</form>

<!-- End Template: AddToCartSmall -->

</div>
</div>
<div class="item">
		









































	
	
		
		
		
		
			
		
	





























<div class="module-grocery-product quickview-simple  clicked" data-quickview-ajax-url="/p/20072787_EA/quickViewProduct" data-product-id="20072787_EA"  data-product-price="$12.98">
    
	
	
		<span class="subtitle"></span>
	

	<div class="product-page-hotspot">
	    <div class="product-cell quickview-button">
	  	    <div class="product-image ">
                
	  		    <img src="https://assets.shop.loblaws.ca/products/20072787/b1/en/front/20072787_front_a01.png" onerror="this.src='https://assets.shop.loblaws.ca/products/NoImage/b1/en/front/NoImage_front_a01_@2.png';" alt="Chips" />
                
	  			    
	  	        
                
                    
                

	  		    

	  		    

	  		    

	  		    <div class="hover-text-container">
	  			    <button href="#" tabindex="0" class="hover-text " aria-label="Quick View for Chips.">Quick View</button>
	  		    </div>
	  	    </div>
	    </div>

	    <div class="product-in-cart">
	  	    <div class="wrapper-product-in-cart">
	  		    <span>
	  			    In Cart
	  		    </span>
	  	    </div>
	    </div>

	    <div class="product-info">
	  	    <div class="product-name-wrapper">
	  		    <a href="/Food/Pantry/Chips-%26-Salty-Snacks/Potato-Chips/Chips/p/20072787_EA" class="product-name" aria-label="Product page for Chips" >
	  			    <span class="js-product-entry-brand">Old Dutch&nbsp;</span>

	  			    

	  			    <span class="js-product-entry-name">Chips</span>

	  			    <span class="js-product-entry-size-detail">(30x32g)</span>

	  		    </a>
	  	    </div>
	  	    
	  	    
	  		    
	  		    
	  			    



	
	
		
		<span class="ad-match-badge  hidden">Ad Match</span>
	

	  				
	  			        
	  					
	  				        
	  					
	  				
	  		    
	  	    

	  	    <div class="price">
			    <div class="price-wrapper no-discount  ">
				    <span class="reg-price  " aria-label="Regular Price: $12.98">
					    <span class="reg-price-text">$12.98</span>
					    
					    <sup class="reg-price-unit">ea</sup>
				    </span>
				    <span class="sale-price hidden" aria-label="Sale Price:">
					    <span class="sale-price-text"></span>
					    <sup class="sale-price-unit">ea</sup>
				    </span>
				    
				    <span class="secondary-price hidden">
					    
					    <span class="secondary-price-text" aria-label="Secondary Price:"></span>
				    </span>
			    </div>
	  	    </div>

	  	    <div class="qty">
	  		    <span class="reg-qty  ">
		
			
		  	
		  		<span class="sr-only">Sale Price Per Unit:</span>
        $1.35
        /
        100
        g
		  	
	  	
	</span>

	<span class="sale-qty hidden">
		
			
		  	
		  		<span class="sr-only">Sale Price Per Unit:</span>
        $1.35
        /
        100
        g
		  	
	  	
	</span>

	<span class="secondary-qty hidden">
		
	  	<span class="secondary-qty-text"></span>
	</span>
	  	    </div>
	    </div>


	    

	    
	</div>
	<form class="form-product  quickview-btn-simple"
	  data-product-id="20072787_EA"
	  data-min-qty="1.0"
	  data-max-qty="999.0"
	  data-unit-type="ea"
	  data-cart-qty="1"
	  data-default-qty="1"
	  novalidate="novalidate"
	  promoCode=""
	  promoNumber=""
	  data-is-customized="false"
	  data-cart-url="/cart/product/20072787_EA"
	  data-csrf-token="5582ec01-90c0-448b-b4f7-e2cf68d9f8a0"
	  data-is-weighted-product="false">

	<div class="module-add-to-cart " data-change-type="plus" data-auto-edit="true" data-auto-add="true"
		 data-cart-ajax-url="/cart/updateCart">
		<div class="wrapper-add-to-cart-btn">
					<div class="module-add-to-cart-button-small">
							<button type="button" class="btn btn-secondary btn-add-to-cart " data-auid="add-to-cart-button" data-has-pts-badge="false" aria-label="Add Chips to cart">
										<span class="icon-cart"></span>
										<span class="add-to-cart-text">
											Add</span>
									</button>
									<button type="button" class="btn btn-secondary btn-edit-cart hidden " aria-label="Edit Cart">
										<span class="qty-in-cart"></span>
										<span class="edit-cart-text">
											<spring code="product.edit.text" />"
										</span>
									</button>
								<div class="add-list-parent add-list-module  bottom-add-list-module ">
	<button class="btn btn-inline-link btn-save-to-list  dark is-btn-animated" 
	  data-login-url="/account/login?productCode=20072787_EA" 
	  data-ajax-url="/restful/lists/all?productCode=20072787_EA" 
	  data-user-guest="Y" 
	  data-user-guest="Y" data-product-code="20072787_EA" 
	  data-delete-item="false"
	  aria-label="Add Chips to a List">
	  <span class="glyphicon glyphicon-th-list"></span>
	  <div class="list-cta-text  is-btn-animated">Add to List</div>
	</button>
	 
	<!-- this is the list HTML   -->
	<div class="save-to-list-popup  is-btn-animated animation-up dark" 
	  data-save-to-list-error="Can not get lists at this time. Please try again later."
	  data-product-name="Chips">
	  <div class="inner-container">
	  </div>
	  
	</div>
</div>

</div>
				</div>
			</div>


	<div class="module-plus-minus-buttons small hidden ">
			<button type="button" class="btn cart-change-qty" data-change-type="minus" data-auid="decrease-product-quantity" alt="Minus" aria-label="Minus">
				<span class="icon-minimize"></span>
			</button>
			<div class="plus-minus-input-wrapper">
				<input class="input-qty cart-change-qty" aria-label="Enter manual quantity" type="text" name="qty" title="Change quantity in cart"
							data-unit-type="ea"
							value="1ea" data-change-type="equals"
							maxlength="7">

						<span class="input-qty-pretty">
							<span class="input-qty-pretty-value">1</span>
							<span class="input-qty-pretty-unit"></span>
						</span>
					</div>

			<button type="button" class="btn cart-change-qty" data-change-type="plus" data-auid="increase-product-quantity" alt="Plus" aria-label="Plus">
				<span class="icon-plus-sign"></span>
			</button>

			<p class="deal-limit-reached hidden">Deal Limit Reached</p>

			<div class="tooltip-qty-error tooltip-qty-limit hidden">
				<p>
					Limit to
					&nbsp;
					999
					&nbsp;each&nbsp;
					per customer.</p>
			</div>
			<div class="tooltip-qty-error tooltip-round-error hidden">
				<p>
					We do not have this in the weight you wanted. We've rounded your order to the nearest weight increment we stock.</p>
			</div>
		</div>
	</form>

<!-- End Template: AddToCartSmall -->

</div>
</div>
<div class="item">
		









































	
	
		
		
		
		
			
		
	





























<div class="module-grocery-product quickview-simple  clicked" data-quickview-ajax-url="/p/20881070_EA/quickViewProduct" data-product-id="20881070_EA"  data-product-price="$6.98">
    
	
	
		<span class="subtitle"></span>
	

	<div class="product-page-hotspot">
	    <div class="product-cell quickview-button">
	  	    <div class="product-image ">
                
	  		    <img src="https://assets.shop.loblaws.ca/products/20881070/b1/en/front/20881070_front_a01.png" onerror="this.src='https://assets.shop.loblaws.ca/products/NoImage/b1/en/front/NoImage_front_a01_@2.png';" alt="Kettle Cooked Potato Chips, Variety" />
                
	  			    
	  	        
                
                    
                

	  		    

	  		    

	  		    

	  		    <div class="hover-text-container">
	  			    <button href="#" tabindex="0" class="hover-text " aria-label="Quick View for Kettle Cooked Potato Chips, Variety.">Quick View</button>
	  		    </div>
	  	    </div>
	    </div>

	    <div class="product-in-cart">
	  	    <div class="wrapper-product-in-cart">
	  		    <span>
	  			    In Cart
	  		    </span>
	  	    </div>
	    </div>

	    <div class="product-info">
	  	    <div class="product-name-wrapper">
	  		    <a href="/Food/Pantry/Chips-%26-Salty-Snacks/Potato-Chips/Miss-Vickies-Kettle-Cooked-Potato-Chips%2C-Variety/p/20881070_EA" class="product-name" aria-label="Product page for Kettle Cooked Potato Chips, Variety" >
	  			    <span class="js-product-entry-brand">Miss Vickies&nbsp;</span>

	  			    

	  			    <span class="js-product-entry-name">Kettle Cooked Potato Chips, Variety</span>

	  			    <span class="js-product-entry-size-detail">(18x432g)</span>

	  		    </a>
	  	    </div>
	  	    
	  	    
	  		    
	  		    
	  			    



	
	
		
		<span class="ad-match-badge  hidden">Ad Match</span>
	

	  				
	  			        
	  					
	  				        
	  					
	  				
	  		    
	  	    

	  	    <div class="price">
			    <div class="price-wrapper no-discount  ">
				    <span class="reg-price  " aria-label="Regular Price: $6.98">
					    <span class="reg-price-text">$6.98</span>
					    
					    <sup class="reg-price-unit">ea</sup>
				    </span>
				    <span class="sale-price hidden" aria-label="Sale Price:">
					    <span class="sale-price-text"></span>
					    <sup class="sale-price-unit">ea</sup>
				    </span>
				    
				    <span class="secondary-price hidden">
					    
					    <span class="secondary-price-text" aria-label="Secondary Price:"></span>
				    </span>
			    </div>
	  	    </div>

	  	    <div class="qty">
	  		    <span class="reg-qty  ">
		
			
		  	
		  		<span class="sr-only">Sale Price Per Unit:</span>
        $0.09
        /
        100
        g
		  	
	  	
	</span>

	<span class="sale-qty hidden">
		
			
		  	
		  		<span class="sr-only">Sale Price Per Unit:</span>
        $0.09
        /
        100
        g
		  	
	  	
	</span>

	<span class="secondary-qty hidden">
		
	  	<span class="secondary-qty-text"></span>
	</span>
	  	    </div>
	    </div>


	    

	    
	</div>
	<form class="form-product  quickview-btn-simple"
	  data-product-id="20881070_EA"
	  data-min-qty="1.0"
	  data-max-qty="999.0"
	  data-unit-type="ea"
	  data-cart-qty="1"
	  data-default-qty="1"
	  novalidate="novalidate"
	  promoCode=""
	  promoNumber=""
	  data-is-customized="false"
	  data-cart-url="/cart/product/20881070_EA"
	  data-csrf-token="5582ec01-90c0-448b-b4f7-e2cf68d9f8a0"
	  data-is-weighted-product="false">

	<div class="module-add-to-cart " data-change-type="plus" data-auto-edit="true" data-auto-add="true"
		 data-cart-ajax-url="/cart/updateCart">
		<div class="wrapper-add-to-cart-btn">
					<div class="module-add-to-cart-button-small">
							<button type="button" class="btn btn-secondary btn-add-to-cart " data-auid="add-to-cart-button" data-has-pts-badge="false" aria-label="Add Kettle Cooked Potato Chips, Variety to cart">
										<span class="icon-cart"></span>
										<span class="add-to-cart-text">
											Add</span>
									</button>
									<button type="button" class="btn btn-secondary btn-edit-cart hidden " aria-label="Edit Cart">
										<span class="qty-in-cart"></span>
										<span class="edit-cart-text">
											<spring code="product.edit.text" />"
										</span>
									</button>
								<div class="add-list-parent add-list-module  bottom-add-list-module ">
	<button class="btn btn-inline-link btn-save-to-list  dark is-btn-animated" 
	  data-login-url="/account/login?productCode=20881070_EA" 
	  data-ajax-url="/restful/lists/all?productCode=20881070_EA" 
	  data-user-guest="Y" 
	  data-user-guest="Y" data-product-code="20881070_EA" 
	  data-delete-item="false"
	  aria-label="Add Kettle Cooked Potato Chips, Variety to a List">
	  <span class="glyphicon glyphicon-th-list"></span>
	  <div class="list-cta-text  is-btn-animated">Add to List</div>
	</button>
	 
	<!-- this is the list HTML   -->
	<div class="save-to-list-popup  is-btn-animated animation-up dark" 
	  data-save-to-list-error="Can not get lists at this time. Please try again later."
	  data-product-name="Kettle Cooked Potato Chips, Variety">
	  <div class="inner-container">
	  </div>
	  
	</div>
</div>

</div>
				</div>
			</div>


	<div class="module-plus-minus-buttons small hidden ">
			<button type="button" class="btn cart-change-qty" data-change-type="minus" data-auid="decrease-product-quantity" alt="Minus" aria-label="Minus">
				<span class="icon-minimize"></span>
			</button>
			<div class="plus-minus-input-wrapper">
				<input class="input-qty cart-change-qty" aria-label="Enter manual quantity" type="text" name="qty" title="Change quantity in cart"
							data-unit-type="ea"
							value="1ea" data-change-type="equals"
							maxlength="7">

						<span class="input-qty-pretty">
							<span class="input-qty-pretty-value">1</span>
							<span class="input-qty-pretty-unit"></span>
						</span>
					</div>

			<button type="button" class="btn cart-change-qty" data-change-type="plus" data-auid="increase-product-quantity" alt="Plus" aria-label="Plus">
				<span class="icon-plus-sign"></span>
			</button>

			<p class="deal-limit-reached hidden">Deal Limit Reached</p>

			<div class="tooltip-qty-error tooltip-qty-limit hidden">
				<p>
					Limit to
					&nbsp;
					999
					&nbsp;each&nbsp;
					per customer.</p>
			</div>
			<div class="tooltip-qty-error tooltip-round-error hidden">
				<p>
					We do not have this in the weight you wanted. We've rounded your order to the nearest weight increment we stock.</p>
			</div>
		</div>
	</form>

<!-- End Template: AddToCartSmall -->

</div>
</div>
<div class="item">
		









































	
	
		
		
		
		
			
		
	





























<div class="module-grocery-product quickview-simple  clicked" data-quickview-ajax-url="/p/20329182_EA/quickViewProduct" data-product-id="20329182_EA"  data-product-price="$1.18">
    
	
	
		<span class="subtitle"></span>
	

	<div class="product-page-hotspot">
	    <div class="product-cell quickview-button">
	  	    <div class="product-image ">
                
	  		    <img src="https://assets.shop.loblaws.ca/products/20329182/b1/en/front/20329182_front_a01.png" onerror="this.src='https://assets.shop.loblaws.ca/products/NoImage/b1/en/front/NoImage_front_a01_@2.png';" alt="Potato Chips, All Dressed" />
                
	  			    
	  	        
                
                    
                

	  		    

	  		    

	  		    

	  		    <div class="hover-text-container">
	  			    <button href="#" tabindex="0" class="hover-text " aria-label="Quick View for Potato Chips, All Dressed.">Quick View</button>
	  		    </div>
	  	    </div>
	    </div>

	    <div class="product-in-cart">
	  	    <div class="wrapper-product-in-cart">
	  		    <span>
	  			    In Cart
	  		    </span>
	  	    </div>
	    </div>

	    <div class="product-info">
	  	    <div class="product-name-wrapper">
	  		    <a href="/Food/Pantry/Chips-%26-Salty-Snacks/Potato-Chips/Potato-Chips%2C-All-Dressed/p/20329182_EA" class="product-name" aria-label="Product page for Potato Chips, All Dressed" >
	  			    <span class="js-product-entry-brand">No Name&nbsp;</span>

	  			    

	  			    <span class="js-product-entry-name">Potato Chips, All Dressed</span>

	  			    <span class="js-product-entry-size-detail">(200 g)</span>

	  		    </a>
	  	    </div>
	  	    
	  	    
	  		    
	  		    
	  			    



	
	
		
		<span class="ad-match-badge  hidden">Ad Match</span>
	

	  				
	  			        
	  					
	  				        
	  					
	  				
	  		    
	  	    

	  	    <div class="price">
			    <div class="price-wrapper no-discount  ">
				    <span class="reg-price  " aria-label="Regular Price: $1.18">
					    <span class="reg-price-text">$1.18</span>
					    
					    <sup class="reg-price-unit">ea</sup>
				    </span>
				    <span class="sale-price hidden" aria-label="Sale Price:">
					    <span class="sale-price-text"></span>
					    <sup class="sale-price-unit">ea</sup>
				    </span>
				    
				    <span class="secondary-price hidden">
					    
					    <span class="secondary-price-text" aria-label="Secondary Price:"></span>
				    </span>
			    </div>
	  	    </div>

	  	    <div class="qty">
	  		    <span class="reg-qty  ">
		
			
		  	
		  		<span class="sr-only">Sale Price Per Unit:</span>
        $0.59
        /
        100
        g
		  	
	  	
	</span>

	<span class="sale-qty hidden">
		
			
		  	
		  		<span class="sr-only">Sale Price Per Unit:</span>
        $0.59
        /
        100
        g
		  	
	  	
	</span>

	<span class="secondary-qty hidden">
		
	  	<span class="secondary-qty-text"></span>
	</span>
	  	    </div>
	    </div>


	    

	    
	</div>
	<form class="form-product  quickview-btn-simple"
	  data-product-id="20329182_EA"
	  data-min-qty="1.0"
	  data-max-qty="999.0"
	  data-unit-type="ea"
	  data-cart-qty="1"
	  data-default-qty="1"
	  novalidate="novalidate"
	  promoCode=""
	  promoNumber=""
	  data-is-customized="false"
	  data-cart-url="/cart/product/20329182_EA"
	  data-csrf-token="5582ec01-90c0-448b-b4f7-e2cf68d9f8a0"
	  data-is-weighted-product="false">

	<div class="module-add-to-cart " data-change-type="plus" data-auto-edit="true" data-auto-add="true"
		 data-cart-ajax-url="/cart/updateCart">
		<div class="wrapper-add-to-cart-btn">
					<div class="module-add-to-cart-button-small">
							<button type="button" class="btn btn-secondary btn-add-to-cart " data-auid="add-to-cart-button" data-has-pts-badge="false" aria-label="Add Potato Chips, All Dressed to cart">
										<span class="icon-cart"></span>
										<span class="add-to-cart-text">
											Add</span>
									</button>
									<button type="button" class="btn btn-secondary btn-edit-cart hidden " aria-label="Edit Cart">
										<span class="qty-in-cart"></span>
										<span class="edit-cart-text">
											<spring code="product.edit.text" />"
										</span>
									</button>
								<div class="add-list-parent add-list-module  bottom-add-list-module ">
	<button class="btn btn-inline-link btn-save-to-list  dark is-btn-animated" 
	  data-login-url="/account/login?productCode=20329182_EA" 
	  data-ajax-url="/restful/lists/all?productCode=20329182_EA" 
	  data-user-guest="Y" 
	  data-user-guest="Y" data-product-code="20329182_EA" 
	  data-delete-item="false"
	  aria-label="Add Potato Chips, All Dressed to a List">
	  <span class="glyphicon glyphicon-th-list"></span>
	  <div class="list-cta-text  is-btn-animated">Add to List</div>
	</button>
	 
	<!-- this is the list HTML   -->
	<div class="save-to-list-popup  is-btn-animated animation-up dark" 
	  data-save-to-list-error="Can not get lists at this time. Please try again later."
	  data-product-name="Potato Chips, All Dressed">
	  <div class="inner-container">
	  </div>
	  
	</div>
</div>

</div>
				</div>
			</div>


	<div class="module-plus-minus-buttons small hidden ">
			<button type="button" class="btn cart-change-qty" data-change-type="minus" data-auid="decrease-product-quantity" alt="Minus" aria-label="Minus">
				<span class="icon-minimize"></span>
			</button>
			<div class="plus-minus-input-wrapper">
				<input class="input-qty cart-change-qty" aria-label="Enter manual quantity" type="text" name="qty" title="Change quantity in cart"
							data-unit-type="ea"
							value="1ea" data-change-type="equals"
							maxlength="7">

						<span class="input-qty-pretty">
							<span class="input-qty-pretty-value">1</span>
							<span class="input-qty-pretty-unit"></span>
						</span>
					</div>

			<button type="button" class="btn cart-change-qty" data-change-type="plus" data-auid="increase-product-quantity" alt="Plus" aria-label="Plus">
				<span class="icon-plus-sign"></span>
			</button>

			<p class="deal-limit-reached hidden">Deal Limit Reached</p>

			<div class="tooltip-qty-error tooltip-qty-limit hidden">
				<p>
					Limit to
					&nbsp;
					999
					&nbsp;each&nbsp;
					per customer.</p>
			</div>
			<div class="tooltip-qty-error tooltip-round-error hidden">
				<p>
					We do not have this in the weight you wanted. We've rounded your order to the nearest weight increment we stock.</p>
			</div>
		</div>
	</form>

<!-- End Template: AddToCartSmall -->

</div>
</div>
<div class="item">
		






































	




	
	
		
		
		
		
			
		
	





























<div class="module-grocery-product quickview-simple  clicked" data-quickview-ajax-url="/p/20979866_EA/quickViewProduct" data-product-id="20979866_EA"  data-product-price="$1.98">
    
	
	
		<span class="subtitle"></span>
	

	<div class="product-page-hotspot">
	    <div class="product-cell quickview-button">
	  	    <div class="product-image ">
                
	  		    <img src="https://assets.shop.loblaws.ca/products/20979866/b1/en/front/20979866_front_a01.png" onerror="this.src='https://assets.shop.loblaws.ca/products/NoImage/b1/en/front/NoImage_front_a01_@2.png';" alt="Potato Chips, Smokin BBQ" />
                
	  			    
	  			        <span class="sticker deal">
	  				        <span class="deal-badge">
	  				            
	  			                
	  				            

	  				            <span class="module-deal-badge module-deal-badge-grid simple-save-unit "
	  						        data-deal-type="$1.98 LIMIT 6"
	  						        data-ajax-promo-url="/simpleDeal/deals/product-tile?productCode=20979866_EA"
	  						        data-deal-id="20979866_EA">
	  						        <span class="deal-type">$1.98 LIMIT 6</span>
	  						            








	<span class="deal-expiry">
		Exp. 01/03
	</span>

	  					                
	  				            </span>
	  			            </span>
	  		            </span>
	  			        
	  	            
	  	        
                
                    
                

	  		    

	  		    

	  		    

	  		    <div class="hover-text-container">
	  			    <button href="#" tabindex="0" class="hover-text " aria-label="Quick View for Potato Chips, Smokin BBQ.">Quick View</button>
	  		    </div>
	  	    </div>
	    </div>

	    <div class="product-in-cart">
	  	    <div class="wrapper-product-in-cart">
	  		    <span>
	  			    In Cart
	  		    </span>
	  	    </div>
	    </div>

	    <div class="product-info">
	  	    <div class="product-name-wrapper">
	  		    <a href="/Food/Pantry/Chips-%26-Salty-Snacks/Potato-Chips/Hardbite-Potato-Chips%2C-Smokin-BBQ/p/20979866_EA" class="product-name" aria-label="Product page for Potato Chips, Smokin BBQ" >
	  			    

	  			    

	  			    <span class="js-product-entry-name">Potato Chips, Smokin BBQ</span>

	  			    <span class="js-product-entry-size-detail">(150 g)</span>

	  		    </a>
	  	    </div>
	  	    
	  	    
	  		    
	  		    
	  			    



	
	
		
		<span class="ad-match-badge  hidden">Ad Match</span>
	

	  				
	  			        
	  					
	  				        
	  					
	  				
	  		    
	  	    

	  	    <div class="price">
			    <div class="price-wrapper no-discount promo-alert ">
				    <span class="reg-price  price-alert" aria-label="Regular Price: $1.98">
					    <span class="reg-price-text">$1.98</span>
					    
					    <sup class="reg-price-unit">ea</sup>
				    </span>
				    <span class="sale-price hidden" aria-label="Sale Price:">
					    <span class="sale-price-text"></span>
					    <sup class="sale-price-unit">ea</sup>
				    </span>
				    
				    <span class="secondary-price hidden">
					    
					    <span class="secondary-price-text" aria-label="Secondary Price:"></span>
				    </span>
			    </div>
	  	    </div>

	  	    <div class="qty">
	  		    <span class="reg-qty  price-alert">
		
			
		  	
		  		<span class="sr-only">Sale Price Per Unit:</span>
        $1.32
        /
        100
        g
		  	
	  	
	</span>

	<span class="sale-qty hidden">
		
			
		  	
		  		<span class="sr-only">Sale Price Per Unit:</span>
        $1.32
        /
        100
        g
		  	
	  	
	</span>

	<span class="secondary-qty hidden">
		
	  	<span class="secondary-qty-text"></span>
	</span>
	  	    </div>
	    </div>


	    

	    
	</div>
	<form class="form-product  quickview-btn-simple"
	  data-product-id="20979866_EA"
	  data-min-qty="1.0"
	  data-max-qty="999.0"
	  data-unit-type="ea"
	  data-cart-qty="1"
	  data-default-qty="1"
	  novalidate="novalidate"
	  promoCode=""
	  promoNumber=""
	  data-is-customized="false"
	  data-cart-url="/cart/product/20979866_EA"
	  data-csrf-token="5582ec01-90c0-448b-b4f7-e2cf68d9f8a0"
	  data-is-weighted-product="false">

	<div class="module-add-to-cart " data-change-type="plus" data-auto-edit="true" data-auto-add="true"
		 data-cart-ajax-url="/cart/updateCart">
		<div class="wrapper-add-to-cart-btn">
					<div class="module-add-to-cart-button-small">
							<button type="button" class="btn btn-secondary btn-add-to-cart " data-auid="add-to-cart-button" data-has-pts-badge="false" aria-label="Add Potato Chips, Smokin BBQ to cart">
										<span class="icon-cart"></span>
										<span class="add-to-cart-text">
											Add</span>
									</button>
									<button type="button" class="btn btn-secondary btn-edit-cart hidden " aria-label="Edit Cart">
										<span class="qty-in-cart"></span>
										<span class="edit-cart-text">
											<spring code="product.edit.text" />"
										</span>
									</button>
								<div class="add-list-parent add-list-module  bottom-add-list-module ">
	<button class="btn btn-inline-link btn-save-to-list  dark is-btn-animated" 
	  data-login-url="/account/login?productCode=20979866_EA" 
	  data-ajax-url="/restful/lists/all?productCode=20979866_EA" 
	  data-user-guest="Y" 
	  data-user-guest="Y" data-product-code="20979866_EA" 
	  data-delete-item="false"
	  aria-label="Add Potato Chips, Smokin BBQ to a List">
	  <span class="glyphicon glyphicon-th-list"></span>
	  <div class="list-cta-text  is-btn-animated">Add to List</div>
	</button>
	 
	<!-- this is the list HTML   -->
	<div class="save-to-list-popup  is-btn-animated animation-up dark" 
	  data-save-to-list-error="Can not get lists at this time. Please try again later."
	  data-product-name="Potato Chips, Smokin BBQ">
	  <div class="inner-container">
	  </div>
	  
	</div>
</div>

</div>
				</div>
			</div>


	<div class="module-plus-minus-buttons small hidden ">
			<button type="button" class="btn cart-change-qty" data-change-type="minus" data-auid="decrease-product-quantity" alt="Minus" aria-label="Minus">
				<span class="icon-minimize"></span>
			</button>
			<div class="plus-minus-input-wrapper">
				<input class="input-qty cart-change-qty" aria-label="Enter manual quantity" type="text" name="qty" title="Change quantity in cart"
							data-unit-type="ea"
							value="1ea" data-change-type="equals"
							maxlength="7">

						<span class="input-qty-pretty">
							<span class="input-qty-pretty-value">1</span>
							<span class="input-qty-pretty-unit"></span>
						</span>
					</div>

			<button type="button" class="btn cart-change-qty" data-change-type="plus" data-auid="increase-product-quantity" alt="Plus" aria-label="Plus">
				<span class="icon-plus-sign"></span>
			</button>

			<p class="deal-limit-reached hidden">Deal Limit Reached</p>

			<div class="tooltip-qty-error tooltip-qty-limit hidden">
				<p>
					Limit to
					&nbsp;
					999
					&nbsp;each&nbsp;
					per customer.</p>
			</div>
			<div class="tooltip-qty-error tooltip-round-error hidden">
				<p>
					We do not have this in the weight you wanted. We've rounded your order to the nearest weight increment we stock.</p>
			</div>
		</div>
	</form>

<!-- End Template: AddToCartSmall -->

</div>
</div>
<div class="item">
		









































	
	
		
		
		
		
			
		
	





























<div class="module-grocery-product quickview-simple  clicked" data-quickview-ajax-url="/p/20148817_EA/quickViewProduct" data-product-id="20148817_EA"  data-product-price="$2.98">
    
	
	
		<span class="subtitle"></span>
	

	<div class="product-page-hotspot">
	    <div class="product-cell quickview-button">
	  	    <div class="product-image ">
                
	  		    <img src="https://assets.shop.loblaws.ca/products/20148817/b1/en/front/20148817_front_a01.png" onerror="this.src='https://assets.shop.loblaws.ca/products/NoImage/b1/en/front/NoImage_front_a01_@2.png';" alt="Tortilla Chips, Large Rounds" />
                
	  			    
	  	        
                
                    
                

	  		    

	  		    

	  		    

	  		    <div class="hover-text-container">
	  			    <button href="#" tabindex="0" class="hover-text " aria-label="Quick View for Tortilla Chips, Large Rounds.">Quick View</button>
	  		    </div>
	  	    </div>
	    </div>

	    <div class="product-in-cart">
	  	    <div class="wrapper-product-in-cart">
	  		    <span>
	  			    In Cart
	  		    </span>
	  	    </div>
	    </div>

	    <div class="product-info">
	  	    <div class="product-name-wrapper">
	  		    <a href="/Food/Pantry/Chips-%26-Salty-Snacks/Tortilla-Chips/Tortilla-Chips%2C-Large-Rounds/p/20148817_EA" class="product-name" aria-label="Product page for Tortilla Chips, Large Rounds" >
	  			    <span class="js-product-entry-brand">President's Choice&nbsp;</span>

	  			    

	  			    <span class="js-product-entry-name">Tortilla Chips, Large Rounds</span>

	  			    <span class="js-product-entry-size-detail">(340 g)</span>

	  		    </a>
	  	    </div>
	  	    
	  	    
	  		    
	  		    
	  			    



	
	
		
		<span class="ad-match-badge  hidden">Ad Match</span>
	

	  				
	  			        
	  					
	  				        
	  					
	  				
	  		    
	  	    

	  	    <div class="price">
			    <div class="price-wrapper no-discount  ">
				    <span class="reg-price  " aria-label="Regular Price: $2.98">
					    <span class="reg-price-text">$2.98</span>
					    
					    <sup class="reg-price-unit">ea</sup>
				    </span>
				    <span class="sale-price hidden" aria-label="Sale Price:">
					    <span class="sale-price-text"></span>
					    <sup class="sale-price-unit">ea</sup>
				    </span>
				    
				    <span class="secondary-price hidden">
					    
					    <span class="secondary-price-text" aria-label="Secondary Price:"></span>
				    </span>
			    </div>
	  	    </div>

	  	    <div class="qty">
	  		    <span class="reg-qty  ">
		
			
		  	
		  		<span class="sr-only">Sale Price Per Unit:</span>
        $0.88
        /
        100
        g
		  	
	  	
	</span>

	<span class="sale-qty hidden">
		
			
		  	
		  		<span class="sr-only">Sale Price Per Unit:</span>
        $0.88
        /
        100
        g
		  	
	  	
	</span>

	<span class="secondary-qty hidden">
		
	  	<span class="secondary-qty-text"></span>
	</span>
	  	    </div>
	    </div>


	    

	    
	</div>
	<form class="form-product  quickview-btn-simple"
	  data-product-id="20148817_EA"
	  data-min-qty="1.0"
	  data-max-qty="999.0"
	  data-unit-type="ea"
	  data-cart-qty="1"
	  data-default-qty="1"
	  novalidate="novalidate"
	  promoCode=""
	  promoNumber=""
	  data-is-customized="false"
	  data-cart-url="/cart/product/20148817_EA"
	  data-csrf-token="5582ec01-90c0-448b-b4f7-e2cf68d9f8a0"
	  data-is-weighted-product="false">

	<div class="module-add-to-cart " data-change-type="plus" data-auto-edit="true" data-auto-add="true"
		 data-cart-ajax-url="/cart/updateCart">
		<div class="wrapper-add-to-cart-btn">
					<div class="module-add-to-cart-button-small">
							<button type="button" class="btn btn-secondary btn-add-to-cart " data-auid="add-to-cart-button" data-has-pts-badge="false" aria-label="Add Tortilla Chips, Large Rounds to cart">
										<span class="icon-cart"></span>
										<span class="add-to-cart-text">
											Add</span>
									</button>
									<button type="button" class="btn btn-secondary btn-edit-cart hidden " aria-label="Edit Cart">
										<span class="qty-in-cart"></span>
										<span class="edit-cart-text">
											<spring code="product.edit.text" />"
										</span>
									</button>
								<div class="add-list-parent add-list-module  bottom-add-list-module ">
	<button class="btn btn-inline-link btn-save-to-list  dark is-btn-animated" 
	  data-login-url="/account/login?productCode=20148817_EA" 
	  data-ajax-url="/restful/lists/all?productCode=20148817_EA" 
	  data-user-guest="Y" 
	  data-user-guest="Y" data-product-code="20148817_EA" 
	  data-delete-item="false"
	  aria-label="Add Tortilla Chips, Large Rounds to a List">
	  <span class="glyphicon glyphicon-th-list"></span>
	  <div class="list-cta-text  is-btn-animated">Add to List</div>
	</button>
	 
	<!-- this is the list HTML   -->
	<div class="save-to-list-popup  is-btn-animated animation-up dark" 
	  data-save-to-list-error="Can not get lists at this time. Please try again later."
	  data-product-name="Tortilla Chips, Large Rounds">
	  <div class="inner-container">
	  </div>
	  
	</div>
</div>

</div>
				</div>
			</div>


	<div class="module-plus-minus-buttons small hidden ">
			<button type="button" class="btn cart-change-qty" data-change-type="minus" data-auid="decrease-product-quantity" alt="Minus" aria-label="Minus">
				<span class="icon-minimize"></span>
			</button>
			<div class="plus-minus-input-wrapper">
				<input class="input-qty cart-change-qty" aria-label="Enter manual quantity" type="text" name="qty" title="Change quantity in cart"
							data-unit-type="ea"
							value="1ea" data-change-type="equals"
							maxlength="7">

						<span class="input-qty-pretty">
							<span class="input-qty-pretty-value">1</span>
							<span class="input-qty-pretty-unit"></span>
						</span>
					</div>

			<button type="button" class="btn cart-change-qty" data-change-type="plus" data-auid="increase-product-quantity" alt="Plus" aria-label="Plus">
				<span class="icon-plus-sign"></span>
			</button>

			<p class="deal-limit-reached hidden">Deal Limit Reached</p>

			<div class="tooltip-qty-error tooltip-qty-limit hidden">
				<p>
					Limit to
					&nbsp;
					999
					&nbsp;each&nbsp;
					per customer.</p>
			</div>
			<div class="tooltip-qty-error tooltip-round-error hidden">
				<p>
					We do not have this in the weight you wanted. We've rounded your order to the nearest weight increment we stock.</p>
			</div>
		</div>
	</form>

<!-- End Template: AddToCartSmall -->

</div>
</div>
<div class="item">
		









































	
	
		
		
		
		
			
		
	





























<div class="module-grocery-product quickview-simple  clicked" data-quickview-ajax-url="/p/20138370_EA/quickViewProduct" data-product-id="20138370_EA"  data-product-price="$1.28">
    
	
	
		<span class="subtitle"></span>
	

	<div class="product-page-hotspot">
	    <div class="product-cell quickview-button">
	  	    <div class="product-image ">
                
	  		    <img src="https://assets.shop.loblaws.ca/products/20138370/b1/en/front/20138370_front_a01.png" onerror="this.src='https://assets.shop.loblaws.ca/products/NoImage/b1/en/front/NoImage_front_a01_@2.png';" alt="Shrimp Chips" />
                
	  			    
	  	        
                
                    
                

	  		    

	  		    

	  		    

	  		    <div class="hover-text-container">
	  			    <button href="#" tabindex="0" class="hover-text " aria-label="Quick View for Shrimp Chips.">Quick View</button>
	  		    </div>
	  	    </div>
	    </div>

	    <div class="product-in-cart">
	  	    <div class="wrapper-product-in-cart">
	  		    <span>
	  			    In Cart
	  		    </span>
	  	    </div>
	    </div>

	    <div class="product-info">
	  	    <div class="product-name-wrapper">
	  		    <a href="/Food/Pantry/Chips-%26-Salty-Snacks/Potato-Chips/Shrimp-Chips/p/20138370_EA" class="product-name" aria-label="Product page for Shrimp Chips" >
	  			    <span class="js-product-entry-brand">Nong Shim&nbsp;</span>

	  			    

	  			    <span class="js-product-entry-name">Shrimp Chips</span>

	  			    <span class="js-product-entry-size-detail">(45 g)</span>

	  		    </a>
	  	    </div>
	  	    
	  	    
	  		    
	  		    
	  			    



	
	
		
		<span class="ad-match-badge  hidden">Ad Match</span>
	

	  				
	  			        
	  					
	  				        
	  					
	  				
	  		    
	  	    

	  	    <div class="price">
			    <div class="price-wrapper no-discount  ">
				    <span class="reg-price  " aria-label="Regular Price: $1.28">
					    <span class="reg-price-text">$1.28</span>
					    
					    <sup class="reg-price-unit">ea</sup>
				    </span>
				    <span class="sale-price hidden" aria-label="Sale Price:">
					    <span class="sale-price-text"></span>
					    <sup class="sale-price-unit">ea</sup>
				    </span>
				    
				    <span class="secondary-price hidden">
					    
					    <span class="secondary-price-text" aria-label="Secondary Price:"></span>
				    </span>
			    </div>
	  	    </div>

	  	    <div class="qty">
	  		    <span class="reg-qty  ">
		
			
		  	
		  		<span class="sr-only">Sale Price Per Unit:</span>
        $2.84
        /
        100
        g
		  	
	  	
	</span>

	<span class="sale-qty hidden">
		
			
		  	
		  		<span class="sr-only">Sale Price Per Unit:</span>
        $2.84
        /
        100
        g
		  	
	  	
	</span>

	<span class="secondary-qty hidden">
		
	  	<span class="secondary-qty-text"></span>
	</span>
	  	    </div>
	    </div>


	    

	    
	</div>
	<form class="form-product  quickview-btn-simple"
	  data-product-id="20138370_EA"
	  data-min-qty="1.0"
	  data-max-qty="999.0"
	  data-unit-type="ea"
	  data-cart-qty="1"
	  data-default-qty="1"
	  novalidate="novalidate"
	  promoCode=""
	  promoNumber=""
	  data-is-customized="false"
	  data-cart-url="/cart/product/20138370_EA"
	  data-csrf-token="5582ec01-90c0-448b-b4f7-e2cf68d9f8a0"
	  data-is-weighted-product="false">

	<div class="module-add-to-cart " data-change-type="plus" data-auto-edit="true" data-auto-add="true"
		 data-cart-ajax-url="/cart/updateCart">
		<div class="wrapper-add-to-cart-btn">
					<div class="module-add-to-cart-button-small">
							<button type="button" class="btn btn-secondary btn-add-to-cart " data-auid="add-to-cart-button" data-has-pts-badge="false" aria-label="Add Shrimp Chips to cart">
										<span class="icon-cart"></span>
										<span class="add-to-cart-text">
											Add</span>
									</button>
									<button type="button" class="btn btn-secondary btn-edit-cart hidden " aria-label="Edit Cart">
										<span class="qty-in-cart"></span>
										<span class="edit-cart-text">
											<spring code="product.edit.text" />"
										</span>
									</button>
								<div class="add-list-parent add-list-module  bottom-add-list-module ">
	<button class="btn btn-inline-link btn-save-to-list  dark is-btn-animated" 
	  data-login-url="/account/login?productCode=20138370_EA" 
	  data-ajax-url="/restful/lists/all?productCode=20138370_EA" 
	  data-user-guest="Y" 
	  data-user-guest="Y" data-product-code="20138370_EA" 
	  data-delete-item="false"
	  aria-label="Add Shrimp Chips to a List">
	  <span class="glyphicon glyphicon-th-list"></span>
	  <div class="list-cta-text  is-btn-animated">Add to List</div>
	</button>
	 
	<!-- this is the list HTML   -->
	<div class="save-to-list-popup  is-btn-animated animation-up dark" 
	  data-save-to-list-error="Can not get lists at this time. Please try again later."
	  data-product-name="Shrimp Chips">
	  <div class="inner-container">
	  </div>
	  
	</div>
</div>

</div>
				</div>
			</div>


	<div class="module-plus-minus-buttons small hidden ">
			<button type="button" class="btn cart-change-qty" data-change-type="minus" data-auid="decrease-product-quantity" alt="Minus" aria-label="Minus">
				<span class="icon-minimize"></span>
			</button>
			<div class="plus-minus-input-wrapper">
				<input class="input-qty cart-change-qty" aria-label="Enter manual quantity" type="text" name="qty" title="Change quantity in cart"
							data-unit-type="ea"
							value="1ea" data-change-type="equals"
							maxlength="7">

						<span class="input-qty-pretty">
							<span class="input-qty-pretty-value">1</span>
							<span class="input-qty-pretty-unit"></span>
						</span>
					</div>

			<button type="button" class="btn cart-change-qty" data-change-type="plus" data-auid="increase-product-quantity" alt="Plus" aria-label="Plus">
				<span class="icon-plus-sign"></span>
			</button>

			<p class="deal-limit-reached hidden">Deal Limit Reached</p>

			<div class="tooltip-qty-error tooltip-qty-limit hidden">
				<p>
					Limit to
					&nbsp;
					999
					&nbsp;each&nbsp;
					per customer.</p>
			</div>
			<div class="tooltip-qty-error tooltip-round-error hidden">
				<p>
					We do not have this in the weight you wanted. We've rounded your order to the nearest weight increment we stock.</p>
			</div>
		</div>
	</form>

<!-- End Template: AddToCartSmall -->

</div>
</div>
<div class="item">
		









































	
	
		
		
		
		
			
		
	





























<div class="module-grocery-product quickview-simple  clicked" data-quickview-ajax-url="/p/20301951005_EA/quickViewProduct" data-product-id="20301951005_EA"  data-product-price="$3.97">
    
	
	
		<span class="subtitle"></span>
	

	<div class="product-page-hotspot">
	    <div class="product-cell quickview-button">
	  	    <div class="product-image ">
                
	  		    <img src="https://assets.shop.loblaws.ca/products/20301951005/b1/en/front/20301951005_front_a01.png" onerror="this.src='https://assets.shop.loblaws.ca/products/NoImage/b1/en/front/NoImage_front_a01_@2.png';" alt="Kettle Cooked Potato Chips, Jalapeo" />
                
	  			    
	  	        
                
                    
                

	  		    

	  		    

	  		    

	  		    <div class="hover-text-container">
	  			    <button href="#" tabindex="0" class="hover-text " aria-label="Quick View for Kettle Cooked Potato Chips, Jalapeo.">Quick View</button>
	  		    </div>
	  	    </div>
	    </div>

	    <div class="product-in-cart">
	  	    <div class="wrapper-product-in-cart">
	  		    <span>
	  			    In Cart
	  		    </span>
	  	    </div>
	    </div>

	    <div class="product-info">
	  	    <div class="product-name-wrapper">
	  		    <a href="/Food/Pantry/Chips-%26-Salty-Snacks/Potato-Chips/Kettle-Cooked-Potato-Chips%2C-Jalape%C3%B1o/p/20301951005_EA" class="product-name" aria-label="Product page for Kettle Cooked Potato Chips, Jalapeo" >
	  			    <span class="js-product-entry-brand">Miss Vickies&nbsp;</span>

	  			    

	  			    <span class="js-product-entry-name">Kettle Cooked Potato Chips, Jalapeo</span>

	  			    <span class="js-product-entry-size-detail">(220 g)</span>

	  		    </a>
	  	    </div>
	  	    
	  	    
	  		    
	  		    
	  			    



	
	
		
		<span class="ad-match-badge  hidden">Ad Match</span>
	

	  				
	  			        
	  					
	  				        
	  					
	  				
	  		    
	  	    

	  	    <div class="price">
			    <div class="price-wrapper no-discount  ">
				    <span class="reg-price  " aria-label="Regular Price: $3.97">
					    <span class="reg-price-text">$3.97</span>
					    
					    <sup class="reg-price-unit">ea</sup>
				    </span>
				    <span class="sale-price hidden" aria-label="Sale Price:">
					    <span class="sale-price-text"></span>
					    <sup class="sale-price-unit">ea</sup>
				    </span>
				    
				    <span class="secondary-price hidden">
					    
					    <span class="secondary-price-text" aria-label="Secondary Price:"></span>
				    </span>
			    </div>
	  	    </div>

	  	    <div class="qty">
	  		    <span class="reg-qty  ">
		
			
		  	
		  		<span class="sr-only">Sale Price Per Unit:</span>
        $1.80
        /
        100
        g
		  	
	  	
	</span>

	<span class="sale-qty hidden">
		
			
		  	
		  		<span class="sr-only">Sale Price Per Unit:</span>
        $1.80
        /
        100
        g
		  	
	  	
	</span>

	<span class="secondary-qty hidden">
		
	  	<span class="secondary-qty-text"></span>
	</span>
	  	    </div>
	    </div>


	    

	    
	</div>
	<form class="form-product  quickview-btn-simple"
	  data-product-id="20301951005_EA"
	  data-min-qty="1.0"
	  data-max-qty="999.0"
	  data-unit-type="ea"
	  data-cart-qty="1"
	  data-default-qty="1"
	  novalidate="novalidate"
	  promoCode=""
	  promoNumber=""
	  data-is-customized="false"
	  data-cart-url="/cart/product/20301951005_EA"
	  data-csrf-token="5582ec01-90c0-448b-b4f7-e2cf68d9f8a0"
	  data-is-weighted-product="false">

	<div class="module-add-to-cart " data-change-type="plus" data-auto-edit="true" data-auto-add="true"
		 data-cart-ajax-url="/cart/updateCart">
		<div class="wrapper-add-to-cart-btn">
					<div class="module-add-to-cart-button-small">
							<button type="button" class="btn btn-secondary btn-add-to-cart " data-auid="add-to-cart-button" data-has-pts-badge="false" aria-label="Add Kettle Cooked Potato Chips, Jalapeo to cart">
										<span class="icon-cart"></span>
										<span class="add-to-cart-text">
											Add</span>
									</button>
									<button type="button" class="btn btn-secondary btn-edit-cart hidden " aria-label="Edit Cart">
										<span class="qty-in-cart"></span>
										<span class="edit-cart-text">
											<spring code="product.edit.text" />"
										</span>
									</button>
								<div class="add-list-parent add-list-module  bottom-add-list-module ">
	<button class="btn btn-inline-link btn-save-to-list  dark is-btn-animated" 
	  data-login-url="/account/login?productCode=20301951005_EA" 
	  data-ajax-url="/restful/lists/all?productCode=20301951005_EA" 
	  data-user-guest="Y" 
	  data-user-guest="Y" data-product-code="20301951005_EA" 
	  data-delete-item="false"
	  aria-label="Add Kettle Cooked Potato Chips, Jalapeo to a List">
	  <span class="glyphicon glyphicon-th-list"></span>
	  <div class="list-cta-text  is-btn-animated">Add to List</div>
	</button>
	 
	<!-- this is the list HTML   -->
	<div class="save-to-list-popup  is-btn-animated animation-up dark" 
	  data-save-to-list-error="Can not get lists at this time. Please try again later."
	  data-product-name="Kettle Cooked Potato Chips, Jalapeo">
	  <div class="inner-container">
	  </div>
	  
	</div>
</div>

</div>
				</div>
			</div>


	<div class="module-plus-minus-buttons small hidden ">
			<button type="button" class="btn cart-change-qty" data-change-type="minus" data-auid="decrease-product-quantity" alt="Minus" aria-label="Minus">
				<span class="icon-minimize"></span>
			</button>
			<div class="plus-minus-input-wrapper">
				<input class="input-qty cart-change-qty" aria-label="Enter manual quantity" type="text" name="qty" title="Change quantity in cart"
							data-unit-type="ea"
							value="1ea" data-change-type="equals"
							maxlength="7">

						<span class="input-qty-pretty">
							<span class="input-qty-pretty-value">1</span>
							<span class="input-qty-pretty-unit"></span>
						</span>
					</div>

			<button type="button" class="btn cart-change-qty" data-change-type="plus" data-auid="increase-product-quantity" alt="Plus" aria-label="Plus">
				<span class="icon-plus-sign"></span>
			</button>

			<p class="deal-limit-reached hidden">Deal Limit Reached</p>

			<div class="tooltip-qty-error tooltip-qty-limit hidden">
				<p>
					Limit to
					&nbsp;
					999
					&nbsp;each&nbsp;
					per customer.</p>
			</div>
			<div class="tooltip-qty-error tooltip-round-error hidden">
				<p>
					We do not have this in the weight you wanted. We've rounded your order to the nearest weight increment we stock.</p>
			</div>
		</div>
	</form>

<!-- End Template: AddToCartSmall -->

</div>
</div>
<div class="item">
		






































	


	



	
	
		
		
		
		
			
		
	





























<div class="module-grocery-product quickview-simple  clicked" data-quickview-ajax-url="/p/20840911007_EA/quickViewProduct" data-product-id="20840911007_EA"  data-product-price="$1.68">
    
	
	
		<span class="subtitle">New</span>
	

	<div class="product-page-hotspot">
	    <div class="product-cell quickview-button">
	  	    <div class="product-image ">
                
	  		    <img src="https://assets.shop.loblaws.ca/products/20840911007/b1/en/front/20840911007_front_a01.png" onerror="this.src='https://assets.shop.loblaws.ca/products/NoImage/b1/en/front/NoImage_front_a01_@2.png';" alt="Loads of Jalapeo Popper Flavour Rippled Potato Chips" />
                
	  			    
	  			        <span class="sticker deal">
	  				        <span class="deal-badge">
	  				            
	  			                
	  				            

	  				            <span class="module-deal-badge module-deal-badge-grid simple-save-unit "
	  						        data-deal-type="SAVE $0.20"
	  						        data-ajax-promo-url="/simpleDeal/deals/product-tile?productCode=20840911007_EA"
	  						        data-deal-id="20840911007_EA">
	  						        <span class="deal-type">SAVE $0.20</span>
	  						            








	<span class="deal-expiry">
		Exp. 01/03
	</span>

	  					                
	  				            </span>
	  			            </span>
	  		            </span>
	  			        
	  	            
	  	        
                
                    
                

	  		    

	  		    

	  		    

	  		    <div class="hover-text-container">
	  			    <button href="#" tabindex="0" class="hover-text " aria-label="Quick View for Loads of Jalapeo Popper Flavour Rippled Potato Chips.">Quick View</button>
	  		    </div>
	  	    </div>
	    </div>

	    <div class="product-in-cart">
	  	    <div class="wrapper-product-in-cart">
	  		    <span>
	  			    In Cart
	  		    </span>
	  	    </div>
	    </div>

	    <div class="product-info">
	  	    <div class="product-name-wrapper">
	  		    <a href="/Food/Pantry/Chips-%26-Salty-Snacks/Potato-Chips/President%27s-Choice-Loads-of-Jalape%C3%B1o-Popper-Flavour-Rippled-Potato-Chips/p/20840911007_EA" class="product-name" aria-label="Product page for Loads of Jalapeo Popper Flavour Rippled Potato Chips" >
	  			    <span class="js-product-entry-brand">President's Choice&nbsp;</span>

	  			    

	  			    <span class="js-product-entry-name">Loads of Jalapeo Popper Flavour Rippled Potato Chips</span>

	  			    <span class="js-product-entry-size-detail">(200 g)</span>

	  		    </a>
	  	    </div>
	  	    
	  	    
	  		    
	  		    
	  			    



	
	
		
		<span class="ad-match-badge  hidden">Ad Match</span>
	

	  				
	  			        
	  					
	  				        
	  					
	  				
	  		    
	  	    

	  	    <div class="price">
			    <div class="price-wrapper discount promo-alert ">
				    <span class="reg-price  price-alert" aria-label="Regular Price: $1.68">
					    <span class="reg-price-text">$1.68</span>
					    
					    <sup class="reg-price-unit">ea</sup>
				    </span>
				    <span class="sale-price hidden" aria-label="Sale Price:">
					    <span class="sale-price-text"></span>
					    <sup class="sale-price-unit">ea</sup>
				    </span>
				    
					    <span class="old-price" aria-label="Original Price: $1.88">
						    <span class="old-price-text">$1.88</span>
					    </span>
				    
				    <span class="secondary-price hidden">
					    
					    <span class="secondary-price-text" aria-label="Secondary Price:"></span>
				    </span>
			    </div>
	  	    </div>

	  	    <div class="qty">
	  		    <span class="reg-qty  price-alert">
		
			
		  	
		  		<span class="sr-only">Sale Price Per Unit:</span>
        $0.84
        /
        100
        g
		  	
	  	
	</span>

	<span class="sale-qty hidden">
		
			
		  	
		  		<span class="sr-only">Sale Price Per Unit:</span>
        $0.84
        /
        100
        g
		  	
	  	
	</span>

	<span class="secondary-qty hidden">
		
	  	<span class="secondary-qty-text"></span>
	</span>
	  	    </div>
	    </div>


	    

	    
	</div>
	<form class="form-product  quickview-btn-simple"
	  data-product-id="20840911007_EA"
	  data-min-qty="1.0"
	  data-max-qty="999.0"
	  data-unit-type="ea"
	  data-cart-qty="1"
	  data-default-qty="1"
	  novalidate="novalidate"
	  promoCode=""
	  promoNumber=""
	  data-is-customized="false"
	  data-cart-url="/cart/product/20840911007_EA"
	  data-csrf-token="5582ec01-90c0-448b-b4f7-e2cf68d9f8a0"
	  data-is-weighted-product="false">

	<div class="module-add-to-cart " data-change-type="plus" data-auto-edit="true" data-auto-add="true"
		 data-cart-ajax-url="/cart/updateCart">
		<div class="wrapper-add-to-cart-btn">
					<div class="module-add-to-cart-button-small">
							<button type="button" class="btn btn-secondary btn-add-to-cart " data-auid="add-to-cart-button" data-has-pts-badge="false" aria-label="Add Loads of Jalapeo Popper Flavour Rippled Potato Chips to cart">
										<span class="icon-cart"></span>
										<span class="add-to-cart-text">
											Add</span>
									</button>
									<button type="button" class="btn btn-secondary btn-edit-cart hidden " aria-label="Edit Cart">
										<span class="qty-in-cart"></span>
										<span class="edit-cart-text">
											<spring code="product.edit.text" />"
										</span>
									</button>
								<div class="add-list-parent add-list-module  bottom-add-list-module ">
	<button class="btn btn-inline-link btn-save-to-list  dark is-btn-animated" 
	  data-login-url="/account/login?productCode=20840911007_EA" 
	  data-ajax-url="/restful/lists/all?productCode=20840911007_EA" 
	  data-user-guest="Y" 
	  data-user-guest="Y" data-product-code="20840911007_EA" 
	  data-delete-item="false"
	  aria-label="Add Loads of Jalapeo Popper Flavour Rippled Potato Chips to a List">
	  <span class="glyphicon glyphicon-th-list"></span>
	  <div class="list-cta-text  is-btn-animated">Add to List</div>
	</button>
	 
	<!-- this is the list HTML   -->
	<div class="save-to-list-popup  is-btn-animated animation-up dark" 
	  data-save-to-list-error="Can not get lists at this time. Please try again later."
	  data-product-name="Loads of Jalapeo Popper Flavour Rippled Potato Chips">
	  <div class="inner-container">
	  </div>
	  
	</div>
</div>

</div>
				</div>
			</div>


	<div class="module-plus-minus-buttons small hidden ">
			<button type="button" class="btn cart-change-qty" data-change-type="minus" data-auid="decrease-product-quantity" alt="Minus" aria-label="Minus">
				<span class="icon-minimize"></span>
			</button>
			<div class="plus-minus-input-wrapper">
				<input class="input-qty cart-change-qty" aria-label="Enter manual quantity" type="text" name="qty" title="Change quantity in cart"
							data-unit-type="ea"
							value="1ea" data-change-type="equals"
							maxlength="7">

						<span class="input-qty-pretty">
							<span class="input-qty-pretty-value">1</span>
							<span class="input-qty-pretty-unit"></span>
						</span>
					</div>

			<button type="button" class="btn cart-change-qty" data-change-type="plus" data-auid="increase-product-quantity" alt="Plus" aria-label="Plus">
				<span class="icon-plus-sign"></span>
			</button>

			<p class="deal-limit-reached hidden">Deal Limit Reached</p>

			<div class="tooltip-qty-error tooltip-qty-limit hidden">
				<p>
					Limit to
					&nbsp;
					999
					&nbsp;each&nbsp;
					per customer.</p>
			</div>
			<div class="tooltip-qty-error tooltip-round-error hidden">
				<p>
					We do not have this in the weight you wanted. We've rounded your order to the nearest weight increment we stock.</p>
			</div>
		</div>
	</form>

<!-- End Template: AddToCartSmall -->

</div>
</div>
<div class="item">
		









































	
	
		
		
		
		
			
		
	





























<div class="module-grocery-product quickview-simple  clicked" data-quickview-ajax-url="/p/20137362_EA/quickViewProduct" data-product-id="20137362_EA"  data-product-price="$4.58">
    
	
	
		<span class="subtitle"></span>
	

	<div class="product-page-hotspot">
	    <div class="product-cell quickview-button">
	  	    <div class="product-image ">
                
	  		    <img src="https://assets.shop.loblaws.ca/products/20137362/b1/en/front/20137362_front_a01.png" onerror="this.src='https://assets.shop.loblaws.ca/products/NoImage/b1/en/front/NoImage_front_a01_@2.png';" alt="Puffs Cheese Flavoured Snacks, Cheese" />
                
	  			    
	  	        
                
                    
                

	  		    

	  		    

	  		    

	  		    <div class="hover-text-container">
	  			    <button href="#" tabindex="0" class="hover-text " aria-label="Quick View for Puffs Cheese Flavoured Snacks, Cheese.">Quick View</button>
	  		    </div>
	  	    </div>
	    </div>

	    <div class="product-in-cart">
	  	    <div class="wrapper-product-in-cart">
	  		    <span>
	  			    In Cart
	  		    </span>
	  	    </div>
	    </div>

	    <div class="product-info">
	  	    <div class="product-name-wrapper">
	  		    <a href="/Food/Pantry/Chips-%26-Salty-Snacks/Pretzels-%26-Snack-Mixes/Puffs-Cheese-Flavoured-Snacks%2C-Cheese/p/20137362_EA" class="product-name" aria-label="Product page for Puffs Cheese Flavoured Snacks, Cheese" >
	  			    

	  			    

	  			    <span class="js-product-entry-name">Puffs Cheese Flavoured Snacks, Cheese</span>

	  			    <span class="js-product-entry-size-detail">(425 g)</span>

	  		    </a>
	  	    </div>
	  	    
	  	    
	  		    
	  		    
	  			    



	
	
		
		<span class="ad-match-badge  hidden">Ad Match</span>
	

	  				
	  			        
	  					
	  				        
	  					
	  				
	  		    
	  	    

	  	    <div class="price">
			    <div class="price-wrapper no-discount  ">
				    <span class="reg-price  " aria-label="Regular Price: $4.58">
					    <span class="reg-price-text">$4.58</span>
					    
					    <sup class="reg-price-unit">ea</sup>
				    </span>
				    <span class="sale-price hidden" aria-label="Sale Price:">
					    <span class="sale-price-text"></span>
					    <sup class="sale-price-unit">ea</sup>
				    </span>
				    
				    <span class="secondary-price hidden">
					    
					    <span class="secondary-price-text" aria-label="Secondary Price:"></span>
				    </span>
			    </div>
	  	    </div>

	  	    <div class="qty">
	  		    <span class="reg-qty  ">
		
			
		  	
		  		<span class="sr-only">Sale Price Per Unit:</span>
        $1.08
        /
        100
        g
		  	
	  	
	</span>

	<span class="sale-qty hidden">
		
			
		  	
		  		<span class="sr-only">Sale Price Per Unit:</span>
        $1.08
        /
        100
        g
		  	
	  	
	</span>

	<span class="secondary-qty hidden">
		
	  	<span class="secondary-qty-text"></span>
	</span>
	  	    </div>
	    </div>


	    

	    
	</div>
	<form class="form-product  quickview-btn-simple"
	  data-product-id="20137362_EA"
	  data-min-qty="1.0"
	  data-max-qty="999.0"
	  data-unit-type="ea"
	  data-cart-qty="1"
	  data-default-qty="1"
	  novalidate="novalidate"
	  promoCode=""
	  promoNumber=""
	  data-is-customized="false"
	  data-cart-url="/cart/product/20137362_EA"
	  data-csrf-token="5582ec01-90c0-448b-b4f7-e2cf68d9f8a0"
	  data-is-weighted-product="false">

	<div class="module-add-to-cart " data-change-type="plus" data-auto-edit="true" data-auto-add="true"
		 data-cart-ajax-url="/cart/updateCart">
		<div class="wrapper-add-to-cart-btn">
					<div class="module-add-to-cart-button-small">
							<button type="button" class="btn btn-secondary btn-add-to-cart " data-auid="add-to-cart-button" data-has-pts-badge="false" aria-label="Add Puffs Cheese Flavoured Snacks, Cheese to cart">
										<span class="icon-cart"></span>
										<span class="add-to-cart-text">
											Add</span>
									</button>
									<button type="button" class="btn btn-secondary btn-edit-cart hidden " aria-label="Edit Cart">
										<span class="qty-in-cart"></span>
										<span class="edit-cart-text">
											<spring code="product.edit.text" />"
										</span>
									</button>
								<div class="add-list-parent add-list-module  bottom-add-list-module ">
	<button class="btn btn-inline-link btn-save-to-list  dark is-btn-animated" 
	  data-login-url="/account/login?productCode=20137362_EA" 
	  data-ajax-url="/restful/lists/all?productCode=20137362_EA" 
	  data-user-guest="Y" 
	  data-user-guest="Y" data-product-code="20137362_EA" 
	  data-delete-item="false"
	  aria-label="Add Puffs Cheese Flavoured Snacks, Cheese to a List">
	  <span class="glyphicon glyphicon-th-list"></span>
	  <div class="list-cta-text  is-btn-animated">Add to List</div>
	</button>
	 
	<!-- this is the list HTML   -->
	<div class="save-to-list-popup  is-btn-animated animation-up dark" 
	  data-save-to-list-error="Can not get lists at this time. Please try again later."
	  data-product-name="Puffs Cheese Flavoured Snacks, Cheese">
	  <div class="inner-container">
	  </div>
	  
	</div>
</div>

</div>
				</div>
			</div>


	<div class="module-plus-minus-buttons small hidden ">
			<button type="button" class="btn cart-change-qty" data-change-type="minus" data-auid="decrease-product-quantity" alt="Minus" aria-label="Minus">
				<span class="icon-minimize"></span>
			</button>
			<div class="plus-minus-input-wrapper">
				<input class="input-qty cart-change-qty" aria-label="Enter manual quantity" type="text" name="qty" title="Change quantity in cart"
							data-unit-type="ea"
							value="1ea" data-change-type="equals"
							maxlength="7">

						<span class="input-qty-pretty">
							<span class="input-qty-pretty-value">1</span>
							<span class="input-qty-pretty-unit"></span>
						</span>
					</div>

			<button type="button" class="btn cart-change-qty" data-change-type="plus" data-auid="increase-product-quantity" alt="Plus" aria-label="Plus">
				<span class="icon-plus-sign"></span>
			</button>

			<p class="deal-limit-reached hidden">Deal Limit Reached</p>

			<div class="tooltip-qty-error tooltip-qty-limit hidden">
				<p>
					Limit to
					&nbsp;
					999
					&nbsp;each&nbsp;
					per customer.</p>
			</div>
			<div class="tooltip-qty-error tooltip-round-error hidden">
				<p>
					We do not have this in the weight you wanted. We've rounded your order to the nearest weight increment we stock.</p>
			</div>
		</div>
	</form>

<!-- End Template: AddToCartSmall -->

</div>
</div>
<div class="item">
		









































	
	
		
		
		
		
			
		
	





























<div class="module-grocery-product quickview-simple  clicked" data-quickview-ajax-url="/p/21074322_EA/quickViewProduct" data-product-id="21074322_EA"  data-product-price="$2.98">
    
	
	
		<span class="subtitle"></span>
	

	<div class="product-page-hotspot">
	    <div class="product-cell quickview-button">
	  	    <div class="product-image ">
                
	  		    <img src="https://assets.shop.loblaws.ca/products/21074322/b1/en/front/21074322_front_a01.png" onerror="this.src='https://assets.shop.loblaws.ca/products/NoImage/b1/en/front/NoImage_front_a01_@2.png';" alt="Mega Can Sour Cream & Onion Flavour" />
                
	  			    
	  	        
                
                    
                

	  		    

	  		    

	  		    

	  		    <div class="hover-text-container">
	  			    <button href="#" tabindex="0" class="hover-text " aria-label="Quick View for Mega Can Sour Cream & Onion Flavour.">Quick View</button>
	  		    </div>
	  	    </div>
	    </div>

	    <div class="product-in-cart">
	  	    <div class="wrapper-product-in-cart">
	  		    <span>
	  			    In Cart
	  		    </span>
	  	    </div>
	    </div>

	    <div class="product-info">
	  	    <div class="product-name-wrapper">
	  		    <a href="/Food/Pantry/Chips-%26-Salty-Snacks/Potato-Chips/Pringles-Mega-Can-Sour-Cream-%26-Onion-Flavour/p/21074322_EA" class="product-name" aria-label="Product page for Mega Can Sour Cream & Onion Flavour" >
	  			    <span class="js-product-entry-brand">Pringles&nbsp;</span>

	  			    

	  			    <span class="js-product-entry-name">Mega Can Sour Cream & Onion Flavour</span>

	  			    <span class="js-product-entry-size-detail">(202 g)</span>

	  		    </a>
	  	    </div>
	  	    
	  	    
	  		    
	  		    
	  			    



	
	
		
		<span class="ad-match-badge  hidden">Ad Match</span>
	

	  				
	  			        
	  					
	  				        
	  					
	  				
	  		    
	  	    

	  	    <div class="price">
			    <div class="price-wrapper no-discount  ">
				    <span class="reg-price  " aria-label="Regular Price: $2.98">
					    <span class="reg-price-text">$2.98</span>
					    
					    <sup class="reg-price-unit">ea</sup>
				    </span>
				    <span class="sale-price hidden" aria-label="Sale Price:">
					    <span class="sale-price-text"></span>
					    <sup class="sale-price-unit">ea</sup>
				    </span>
				    
				    <span class="secondary-price hidden">
					    
					    <span class="secondary-price-text" aria-label="Secondary Price:"></span>
				    </span>
			    </div>
	  	    </div>

	  	    <div class="qty">
	  		    <span class="reg-qty  ">
		
			
		  	
		  		<span class="sr-only">Sale Price Per Unit:</span>
        $1.48
        /
        100
        g
		  	
	  	
	</span>

	<span class="sale-qty hidden">
		
			
		  	
		  		<span class="sr-only">Sale Price Per Unit:</span>
        $1.48
        /
        100
        g
		  	
	  	
	</span>

	<span class="secondary-qty hidden">
		
	  	<span class="secondary-qty-text"></span>
	</span>
	  	    </div>
	    </div>


	    

	    
	</div>
	<form class="form-product  quickview-btn-simple"
	  data-product-id="21074322_EA"
	  data-min-qty="1.0"
	  data-max-qty="999.0"
	  data-unit-type="ea"
	  data-cart-qty="1"
	  data-default-qty="1"
	  novalidate="novalidate"
	  promoCode=""
	  promoNumber=""
	  data-is-customized="false"
	  data-cart-url="/cart/product/21074322_EA"
	  data-csrf-token="5582ec01-90c0-448b-b4f7-e2cf68d9f8a0"
	  data-is-weighted-product="false">

	<div class="module-add-to-cart " data-change-type="plus" data-auto-edit="true" data-auto-add="true"
		 data-cart-ajax-url="/cart/updateCart">
		<div class="wrapper-add-to-cart-btn">
					<div class="module-add-to-cart-button-small">
							<button type="button" class="btn btn-secondary btn-add-to-cart " data-auid="add-to-cart-button" data-has-pts-badge="false" aria-label="Add Mega Can Sour Cream & Onion Flavour to cart">
										<span class="icon-cart"></span>
										<span class="add-to-cart-text">
											Add</span>
									</button>
									<button type="button" class="btn btn-secondary btn-edit-cart hidden " aria-label="Edit Cart">
										<span class="qty-in-cart"></span>
										<span class="edit-cart-text">
											<spring code="product.edit.text" />"
										</span>
									</button>
								<div class="add-list-parent add-list-module  bottom-add-list-module ">
	<button class="btn btn-inline-link btn-save-to-list  dark is-btn-animated" 
	  data-login-url="/account/login?productCode=21074322_EA" 
	  data-ajax-url="/restful/lists/all?productCode=21074322_EA" 
	  data-user-guest="Y" 
	  data-user-guest="Y" data-product-code="21074322_EA" 
	  data-delete-item="false"
	  aria-label="Add Mega Can Sour Cream & Onion Flavour to a List">
	  <span class="glyphicon glyphicon-th-list"></span>
	  <div class="list-cta-text  is-btn-animated">Add to List</div>
	</button>
	 
	<!-- this is the list HTML   -->
	<div class="save-to-list-popup  is-btn-animated animation-up dark" 
	  data-save-to-list-error="Can not get lists at this time. Please try again later."
	  data-product-name="Mega Can Sour Cream & Onion Flavour">
	  <div class="inner-container">
	  </div>
	  
	</div>
</div>

</div>
				</div>
			</div>


	<div class="module-plus-minus-buttons small hidden ">
			<button type="button" class="btn cart-change-qty" data-change-type="minus" data-auid="decrease-product-quantity" alt="Minus" aria-label="Minus">
				<span class="icon-minimize"></span>
			</button>
			<div class="plus-minus-input-wrapper">
				<input class="input-qty cart-change-qty" aria-label="Enter manual quantity" type="text" name="qty" title="Change quantity in cart"
							data-unit-type="ea"
							value="1ea" data-change-type="equals"
							maxlength="7">

						<span class="input-qty-pretty">
							<span class="input-qty-pretty-value">1</span>
							<span class="input-qty-pretty-unit"></span>
						</span>
					</div>

			<button type="button" class="btn cart-change-qty" data-change-type="plus" data-auid="increase-product-quantity" alt="Plus" aria-label="Plus">
				<span class="icon-plus-sign"></span>
			</button>

			<p class="deal-limit-reached hidden">Deal Limit Reached</p>

			<div class="tooltip-qty-error tooltip-qty-limit hidden">
				<p>
					Limit to
					&nbsp;
					999
					&nbsp;each&nbsp;
					per customer.</p>
			</div>
			<div class="tooltip-qty-error tooltip-round-error hidden">
				<p>
					We do not have this in the weight you wanted. We've rounded your order to the nearest weight increment we stock.</p>
			</div>
		</div>
	</form>

<!-- End Template: AddToCartSmall -->

</div>
</div>
<div class="item">
		









































	
	
		
		
		
		
			
		
	





























<div class="module-grocery-product quickview-simple  clicked" data-quickview-ajax-url="/p/20662251_EA/quickViewProduct" data-product-id="20662251_EA"  data-product-price="$3.28">
    
	
	
		<span class="subtitle"></span>
	

	<div class="product-page-hotspot">
	    <div class="product-cell quickview-button">
	  	    <div class="product-image ">
                
	  		    <img src="https://assets.shop.loblaws.ca/products/20662251/b1/en/front/20662251_front_a01.png" onerror="this.src='https://assets.shop.loblaws.ca/products/NoImage/b1/en/front/NoImage_front_a01_@2.png';" alt="Restaurante Multigrain Bites" />
                
	  			    
	  	        
                
                    
                

	  		    

	  		    

	  		    

	  		    <div class="hover-text-container">
	  			    <button href="#" tabindex="0" class="hover-text " aria-label="Quick View for Restaurante Multigrain Bites.">Quick View</button>
	  		    </div>
	  	    </div>
	    </div>

	    <div class="product-in-cart">
	  	    <div class="wrapper-product-in-cart">
	  		    <span>
	  			    In Cart
	  		    </span>
	  	    </div>
	    </div>

	    <div class="product-info">
	  	    <div class="product-name-wrapper">
	  		    <a href="/Food/Pantry/Chips-%26-Salty-Snacks/Pretzels-%26-Snack-Mixes/Old-Dutch-RESTAURANTE-Restaurante-Multigrain-Bites/p/20662251_EA" class="product-name" aria-label="Product page for Restaurante Multigrain Bites" >
	  			    <span class="js-product-entry-brand">Old Dutch&nbsp;</span>

	  			    

	  			    <span class="js-product-entry-name">Restaurante Multigrain Bites</span>

	  			    <span class="js-product-entry-size-detail">(290 g)</span>

	  		    </a>
	  	    </div>
	  	    
	  	    
	  		    
	  		    
	  			    



	
	
		
		<span class="ad-match-badge  hidden">Ad Match</span>
	

	  				
	  			        
	  					
	  				        
	  					
	  				
	  		    
	  	    

	  	    <div class="price">
			    <div class="price-wrapper no-discount  ">
				    <span class="reg-price  " aria-label="Regular Price: $3.28">
					    <span class="reg-price-text">$3.28</span>
					    
					    <sup class="reg-price-unit">ea</sup>
				    </span>
				    <span class="sale-price hidden" aria-label="Sale Price:">
					    <span class="sale-price-text"></span>
					    <sup class="sale-price-unit">ea</sup>
				    </span>
				    
				    <span class="secondary-price hidden">
					    
					    <span class="secondary-price-text" aria-label="Secondary Price:"></span>
				    </span>
			    </div>
	  	    </div>

	  	    <div class="qty">
	  		    <span class="reg-qty  ">
		
			
		  	
		  		<span class="sr-only">Sale Price Per Unit:</span>
        $1.13
        /
        100
        g
		  	
	  	
	</span>

	<span class="sale-qty hidden">
		
			
		  	
		  		<span class="sr-only">Sale Price Per Unit:</span>
        $1.13
        /
        100
        g
		  	
	  	
	</span>

	<span class="secondary-qty hidden">
		
	  	<span class="secondary-qty-text"></span>
	</span>
	  	    </div>
	    </div>


	    

	    
	</div>
	<form class="form-product  quickview-btn-simple"
	  data-product-id="20662251_EA"
	  data-min-qty="1.0"
	  data-max-qty="999.0"
	  data-unit-type="ea"
	  data-cart-qty="1"
	  data-default-qty="1"
	  novalidate="novalidate"
	  promoCode=""
	  promoNumber=""
	  data-is-customized="false"
	  data-cart-url="/cart/product/20662251_EA"
	  data-csrf-token="5582ec01-90c0-448b-b4f7-e2cf68d9f8a0"
	  data-is-weighted-product="false">

	<div class="module-add-to-cart " data-change-type="plus" data-auto-edit="true" data-auto-add="true"
		 data-cart-ajax-url="/cart/updateCart">
		<div class="wrapper-add-to-cart-btn">
					<div class="module-add-to-cart-button-small">
							<button type="button" class="btn btn-secondary btn-add-to-cart " data-auid="add-to-cart-button" data-has-pts-badge="false" aria-label="Add Restaurante Multigrain Bites to cart">
										<span class="icon-cart"></span>
										<span class="add-to-cart-text">
											Add</span>
									</button>
									<button type="button" class="btn btn-secondary btn-edit-cart hidden " aria-label="Edit Cart">
										<span class="qty-in-cart"></span>
										<span class="edit-cart-text">
											<spring code="product.edit.text" />"
										</span>
									</button>
								<div class="add-list-parent add-list-module  bottom-add-list-module ">
	<button class="btn btn-inline-link btn-save-to-list  dark is-btn-animated" 
	  data-login-url="/account/login?productCode=20662251_EA" 
	  data-ajax-url="/restful/lists/all?productCode=20662251_EA" 
	  data-user-guest="Y" 
	  data-user-guest="Y" data-product-code="20662251_EA" 
	  data-delete-item="false"
	  aria-label="Add Restaurante Multigrain Bites to a List">
	  <span class="glyphicon glyphicon-th-list"></span>
	  <div class="list-cta-text  is-btn-animated">Add to List</div>
	</button>
	 
	<!-- this is the list HTML   -->
	<div class="save-to-list-popup  is-btn-animated animation-up dark" 
	  data-save-to-list-error="Can not get lists at this time. Please try again later."
	  data-product-name="Restaurante Multigrain Bites">
	  <div class="inner-container">
	  </div>
	  
	</div>
</div>

</div>
				</div>
			</div>


	<div class="module-plus-minus-buttons small hidden ">
			<button type="button" class="btn cart-change-qty" data-change-type="minus" data-auid="decrease-product-quantity" alt="Minus" aria-label="Minus">
				<span class="icon-minimize"></span>
			</button>
			<div class="plus-minus-input-wrapper">
				<input class="input-qty cart-change-qty" aria-label="Enter manual quantity" type="text" name="qty" title="Change quantity in cart"
							data-unit-type="ea"
							value="1ea" data-change-type="equals"
							maxlength="7">

						<span class="input-qty-pretty">
							<span class="input-qty-pretty-value">1</span>
							<span class="input-qty-pretty-unit"></span>
						</span>
					</div>

			<button type="button" class="btn cart-change-qty" data-change-type="plus" data-auid="increase-product-quantity" alt="Plus" aria-label="Plus">
				<span class="icon-plus-sign"></span>
			</button>

			<p class="deal-limit-reached hidden">Deal Limit Reached</p>

			<div class="tooltip-qty-error tooltip-qty-limit hidden">
				<p>
					Limit to
					&nbsp;
					999
					&nbsp;each&nbsp;
					per customer.</p>
			</div>
			<div class="tooltip-qty-error tooltip-round-error hidden">
				<p>
					We do not have this in the weight you wanted. We've rounded your order to the nearest weight increment we stock.</p>
			</div>
		</div>
	</form>

<!-- End Template: AddToCartSmall -->

</div>
</div>
<div class="item">
		






































	




	
	
		
		
		
		
			
		
	





























<div class="module-grocery-product quickview-simple  clicked" data-quickview-ajax-url="/p/20532912_EA/quickViewProduct" data-product-id="20532912_EA"  data-product-price="$1.97">
    
	
	
		<span class="subtitle"></span>
	

	<div class="product-page-hotspot">
	    <div class="product-cell quickview-button">
	  	    <div class="product-image ">
                
	  		    <img src="https://assets.shop.loblaws.ca/products/20532912/b1/en/front/20532912_front_a01.png" onerror="this.src='https://assets.shop.loblaws.ca/products/NoImage/b1/en/front/NoImage_front_a01_@2.png';" alt="Corn Snacks, Original" />
                
	  			    
	  			        <span class="sticker deal">
	  				        <span class="deal-badge">
	  				            
	  			                
	  				            

	  				            <span class="module-deal-badge module-deal-badge-grid simple-save-unit "
	  						        data-deal-type="$1.97 LIMIT 2"
	  						        data-ajax-promo-url="/simpleDeal/deals/product-tile?productCode=20532912_EA"
	  						        data-deal-id="20532912_EA">
	  						        <span class="deal-type">$1.97 LIMIT 2</span>
	  						            








	<span class="deal-expiry">
		Exp. 12/20
	</span>

	  					                
	  				            </span>
	  			            </span>
	  		            </span>
	  			        
	  	            
	  	        
                
                    
                

	  		    

	  		    

	  		    

	  		    <div class="hover-text-container">
	  			    <button href="#" tabindex="0" class="hover-text " aria-label="Quick View for Corn Snacks, Original.">Quick View</button>
	  		    </div>
	  	    </div>
	    </div>

	    <div class="product-in-cart">
	  	    <div class="wrapper-product-in-cart">
	  		    <span>
	  			    In Cart
	  		    </span>
	  	    </div>
	    </div>

	    <div class="product-info">
	  	    <div class="product-name-wrapper">
	  		    <a href="/Food/Pantry/Chips-%26-Salty-Snacks/Pretzels-%26-Snack-Mixes/Bugles-BUGLES-Corn-Snacks%2C-Original/p/20532912_EA" class="product-name" aria-label="Product page for Corn Snacks, Original" >
	  			    <span class="js-product-entry-brand">Bugles&nbsp;</span>

	  			    

	  			    <span class="js-product-entry-name">Corn Snacks, Original</span>

	  			    <span class="js-product-entry-size-detail">(213 g)</span>

	  		    </a>
	  	    </div>
	  	    
	  	    
	  		    
	  		    
	  			    



	
	
		
		<span class="ad-match-badge  hidden">Ad Match</span>
	

	  				
	  			        
	  					
	  				        
	  					
	  				
	  		    
	  	    

	  	    <div class="price">
			    <div class="price-wrapper no-discount promo-alert ">
				    <span class="reg-price  price-alert" aria-label="Regular Price: $1.97">
					    <span class="reg-price-text">$1.97</span>
					    
					    <sup class="reg-price-unit">ea</sup>
				    </span>
				    <span class="sale-price hidden" aria-label="Sale Price:">
					    <span class="sale-price-text"></span>
					    <sup class="sale-price-unit">ea</sup>
				    </span>
				    
				    <span class="secondary-price hidden">
					    
					    <span class="secondary-price-text" aria-label="Secondary Price:"></span>
				    </span>
			    </div>
	  	    </div>

	  	    <div class="qty">
	  		    <span class="reg-qty  price-alert">
		
			
		  	
		  		<span class="sr-only">Sale Price Per Unit:</span>
        $0.92
        /
        100
        g
		  	
	  	
	</span>

	<span class="sale-qty hidden">
		
			
		  	
		  		<span class="sr-only">Sale Price Per Unit:</span>
        $0.92
        /
        100
        g
		  	
	  	
	</span>

	<span class="secondary-qty hidden">
		
	  	<span class="secondary-qty-text"></span>
	</span>
	  	    </div>
	    </div>


	    

	    
	</div>
	<form class="form-product  quickview-btn-simple"
	  data-product-id="20532912_EA"
	  data-min-qty="1.0"
	  data-max-qty="999.0"
	  data-unit-type="ea"
	  data-cart-qty="1"
	  data-default-qty="1"
	  novalidate="novalidate"
	  promoCode=""
	  promoNumber=""
	  data-is-customized="false"
	  data-cart-url="/cart/product/20532912_EA"
	  data-csrf-token="5582ec01-90c0-448b-b4f7-e2cf68d9f8a0"
	  data-is-weighted-product="false">

	<div class="module-add-to-cart " data-change-type="plus" data-auto-edit="true" data-auto-add="true"
		 data-cart-ajax-url="/cart/updateCart">
		<div class="wrapper-add-to-cart-btn">
					<div class="module-add-to-cart-button-small">
							<button type="button" class="btn btn-secondary btn-add-to-cart " data-auid="add-to-cart-button" data-has-pts-badge="false" aria-label="Add Corn Snacks, Original to cart">
										<span class="icon-cart"></span>
										<span class="add-to-cart-text">
											Add</span>
									</button>
									<button type="button" class="btn btn-secondary btn-edit-cart hidden " aria-label="Edit Cart">
										<span class="qty-in-cart"></span>
										<span class="edit-cart-text">
											<spring code="product.edit.text" />"
										</span>
									</button>
								<div class="add-list-parent add-list-module  bottom-add-list-module ">
	<button class="btn btn-inline-link btn-save-to-list  dark is-btn-animated" 
	  data-login-url="/account/login?productCode=20532912_EA" 
	  data-ajax-url="/restful/lists/all?productCode=20532912_EA" 
	  data-user-guest="Y" 
	  data-user-guest="Y" data-product-code="20532912_EA" 
	  data-delete-item="false"
	  aria-label="Add Corn Snacks, Original to a List">
	  <span class="glyphicon glyphicon-th-list"></span>
	  <div class="list-cta-text  is-btn-animated">Add to List</div>
	</button>
	 
	<!-- this is the list HTML   -->
	<div class="save-to-list-popup  is-btn-animated animation-up dark" 
	  data-save-to-list-error="Can not get lists at this time. Please try again later."
	  data-product-name="Corn Snacks, Original">
	  <div class="inner-container">
	  </div>
	  
	</div>
</div>

</div>
				</div>
			</div>


	<div class="module-plus-minus-buttons small hidden ">
			<button type="button" class="btn cart-change-qty" data-change-type="minus" data-auid="decrease-product-quantity" alt="Minus" aria-label="Minus">
				<span class="icon-minimize"></span>
			</button>
			<div class="plus-minus-input-wrapper">
				<input class="input-qty cart-change-qty" aria-label="Enter manual quantity" type="text" name="qty" title="Change quantity in cart"
							data-unit-type="ea"
							value="1ea" data-change-type="equals"
							maxlength="7">

						<span class="input-qty-pretty">
							<span class="input-qty-pretty-value">1</span>
							<span class="input-qty-pretty-unit"></span>
						</span>
					</div>

			<button type="button" class="btn cart-change-qty" data-change-type="plus" data-auid="increase-product-quantity" alt="Plus" aria-label="Plus">
				<span class="icon-plus-sign"></span>
			</button>

			<p class="deal-limit-reached hidden">Deal Limit Reached</p>

			<div class="tooltip-qty-error tooltip-qty-limit hidden">
				<p>
					Limit to
					&nbsp;
					999
					&nbsp;each&nbsp;
					per customer.</p>
			</div>
			<div class="tooltip-qty-error tooltip-round-error hidden">
				<p>
					We do not have this in the weight you wanted. We've rounded your order to the nearest weight increment we stock.</p>
			</div>
		</div>
	</form>

<!-- End Template: AddToCartSmall -->

</div>
</div>
<div class="item">
		






































	




	
	
		
		
		
		
			
		
	





























<div class="module-grocery-product quickview-simple  clicked" data-quickview-ajax-url="/p/20298997001_EA/quickViewProduct" data-product-id="20298997001_EA"  data-product-price="$2.48">
    
	
	
		<span class="subtitle"></span>
	

	<div class="product-page-hotspot">
	    <div class="product-cell quickview-button">
	  	    <div class="product-image ">
                
	  		    <img src="https://assets.shop.loblaws.ca/products/20298997001/b1/en/front/20298997001_front_a01.png" onerror="this.src='https://assets.shop.loblaws.ca/products/NoImage/b1/en/front/NoImage_front_a01_@2.png';" alt="Potato Chips, Sea Salt" />
                
	  			    
	  			        <span class="sticker deal">
	  				        <span class="deal-badge">
	  				            
	  			                
	  				            

	  				            <span class="module-deal-badge module-deal-badge-grid simple-save-unit "
	  						        data-deal-type="$2.48 LIMIT 4"
	  						        data-ajax-promo-url="/simpleDeal/deals/product-tile?productCode=20298997001_EA"
	  						        data-deal-id="20298997001_EA">
	  						        <span class="deal-type">$2.48 LIMIT 4</span>
	  						            








	<span class="deal-expiry">
		Exp. 12/20
	</span>

	  					                
	  				            </span>
	  			            </span>
	  		            </span>
	  			        
	  	            
	  	        
                
                    
                

	  		    

	  		    

	  		    

	  		    <div class="hover-text-container">
	  			    <button href="#" tabindex="0" class="hover-text " aria-label="Quick View for Potato Chips, Sea Salt.">Quick View</button>
	  		    </div>
	  	    </div>
	    </div>

	    <div class="product-in-cart">
	  	    <div class="wrapper-product-in-cart">
	  		    <span>
	  			    In Cart
	  		    </span>
	  	    </div>
	    </div>

	    <div class="product-info">
	  	    <div class="product-name-wrapper">
	  		    <a href="/Food/Natural-%26-Organic/Pantry/Snacks-%26-Candy/Potato-Chips%2C-Sea-Salt/p/20298997001_EA" class="product-name" aria-label="Product page for Potato Chips, Sea Salt" >
	  			    <span class="js-product-entry-brand">Kettle&nbsp;</span>

	  			    

	  			    <span class="js-product-entry-name">Potato Chips, Sea Salt</span>

	  			    <span class="js-product-entry-size-detail">(220 g)</span>

	  		    </a>
	  	    </div>
	  	    
	  	    
	  		    
	  		    
	  			    



	
	
		
		<span class="ad-match-badge  hidden">Ad Match</span>
	

	  				
	  			        
	  					
	  				        
	  					
	  				
	  		    
	  	    

	  	    <div class="price">
			    <div class="price-wrapper no-discount promo-alert ">
				    <span class="reg-price  price-alert" aria-label="Regular Price: $2.48">
					    <span class="reg-price-text">$2.48</span>
					    
					    <sup class="reg-price-unit">ea</sup>
				    </span>
				    <span class="sale-price hidden" aria-label="Sale Price:">
					    <span class="sale-price-text"></span>
					    <sup class="sale-price-unit">ea</sup>
				    </span>
				    
				    <span class="secondary-price hidden">
					    
					    <span class="secondary-price-text" aria-label="Secondary Price:"></span>
				    </span>
			    </div>
	  	    </div>

	  	    <div class="qty">
	  		    <span class="reg-qty  price-alert">
		
			
		  	
		  		<span class="sr-only">Sale Price Per Unit:</span>
        $1.13
        /
        100
        g
		  	
	  	
	</span>

	<span class="sale-qty hidden">
		
			
		  	
		  		<span class="sr-only">Sale Price Per Unit:</span>
        $1.13
        /
        100
        g
		  	
	  	
	</span>

	<span class="secondary-qty hidden">
		
	  	<span class="secondary-qty-text"></span>
	</span>
	  	    </div>
	    </div>


	    

	    
	</div>
	<form class="form-product  quickview-btn-simple"
	  data-product-id="20298997001_EA"
	  data-min-qty="1.0"
	  data-max-qty="999.0"
	  data-unit-type="ea"
	  data-cart-qty="1"
	  data-default-qty="1"
	  novalidate="novalidate"
	  promoCode=""
	  promoNumber=""
	  data-is-customized="false"
	  data-cart-url="/cart/product/20298997001_EA"
	  data-csrf-token="5582ec01-90c0-448b-b4f7-e2cf68d9f8a0"
	  data-is-weighted-product="false">

	<div class="module-add-to-cart " data-change-type="plus" data-auto-edit="true" data-auto-add="true"
		 data-cart-ajax-url="/cart/updateCart">
		<div class="wrapper-add-to-cart-btn">
					<div class="module-add-to-cart-button-small">
							<button type="button" class="btn btn-secondary btn-add-to-cart " data-auid="add-to-cart-button" data-has-pts-badge="false" aria-label="Add Potato Chips, Sea Salt to cart">
										<span class="icon-cart"></span>
										<span class="add-to-cart-text">
											Add</span>
									</button>
									<button type="button" class="btn btn-secondary btn-edit-cart hidden " aria-label="Edit Cart">
										<span class="qty-in-cart"></span>
										<span class="edit-cart-text">
											<spring code="product.edit.text" />"
										</span>
									</button>
								<div class="add-list-parent add-list-module  bottom-add-list-module ">
	<button class="btn btn-inline-link btn-save-to-list  dark is-btn-animated" 
	  data-login-url="/account/login?productCode=20298997001_EA" 
	  data-ajax-url="/restful/lists/all?productCode=20298997001_EA" 
	  data-user-guest="Y" 
	  data-user-guest="Y" data-product-code="20298997001_EA" 
	  data-delete-item="false"
	  aria-label="Add Potato Chips, Sea Salt to a List">
	  <span class="glyphicon glyphicon-th-list"></span>
	  <div class="list-cta-text  is-btn-animated">Add to List</div>
	</button>
	 
	<!-- this is the list HTML   -->
	<div class="save-to-list-popup  is-btn-animated animation-up dark" 
	  data-save-to-list-error="Can not get lists at this time. Please try again later."
	  data-product-name="Potato Chips, Sea Salt">
	  <div class="inner-container">
	  </div>
	  
	</div>
</div>

</div>
				</div>
			</div>


	<div class="module-plus-minus-buttons small hidden ">
			<button type="button" class="btn cart-change-qty" data-change-type="minus" data-auid="decrease-product-quantity" alt="Minus" aria-label="Minus">
				<span class="icon-minimize"></span>
			</button>
			<div class="plus-minus-input-wrapper">
				<input class="input-qty cart-change-qty" aria-label="Enter manual quantity" type="text" name="qty" title="Change quantity in cart"
							data-unit-type="ea"
							value="1ea" data-change-type="equals"
							maxlength="7">

						<span class="input-qty-pretty">
							<span class="input-qty-pretty-value">1</span>
							<span class="input-qty-pretty-unit"></span>
						</span>
					</div>

			<button type="button" class="btn cart-change-qty" data-change-type="plus" data-auid="increase-product-quantity" alt="Plus" aria-label="Plus">
				<span class="icon-plus-sign"></span>
			</button>

			<p class="deal-limit-reached hidden">Deal Limit Reached</p>

			<div class="tooltip-qty-error tooltip-qty-limit hidden">
				<p>
					Limit to
					&nbsp;
					999
					&nbsp;each&nbsp;
					per customer.</p>
			</div>
			<div class="tooltip-qty-error tooltip-round-error hidden">
				<p>
					We do not have this in the weight you wanted. We've rounded your order to the nearest weight increment we stock.</p>
			</div>
		</div>
	</form>

<!-- End Template: AddToCartSmall -->

</div>
</div>
<div class="item">
		









































	
	
		
		
		
		
			
		
	





























<div class="module-grocery-product quickview-simple  clicked" data-quickview-ajax-url="/p/20757154_EA/quickViewProduct" data-product-id="20757154_EA"  data-product-price="$6.98">
    
	
	
		<span class="subtitle"></span>
	

	<div class="product-page-hotspot">
	    <div class="product-cell quickview-button">
	  	    <div class="product-image ">
                
	  		    <img src="https://assets.shop.loblaws.ca/products/20757154/b1/en/front/20757154_front_a01.png" onerror="this.src='https://assets.shop.loblaws.ca/products/NoImage/b1/en/front/NoImage_front_a01_@2.png';" alt="Tortilla Chips, Variety" />
                
	  			    
	  	        
                
                    
                

	  		    

	  		    

	  		    

	  		    <div class="hover-text-container">
	  			    <button href="#" tabindex="0" class="hover-text " aria-label="Quick View for Tortilla Chips, Variety.">Quick View</button>
	  		    </div>
	  	    </div>
	    </div>

	    <div class="product-in-cart">
	  	    <div class="wrapper-product-in-cart">
	  		    <span>
	  			    In Cart
	  		    </span>
	  	    </div>
	    </div>

	    <div class="product-info">
	  	    <div class="product-name-wrapper">
	  		    <a href="/Food/Pantry/Chips-%26-Salty-Snacks/Potato-Chips/Tortilla-Chips%2C-Variety/p/20757154_EA" class="product-name" aria-label="Product page for Tortilla Chips, Variety" >
	  			    <span class="js-product-entry-brand">Doritos&nbsp;</span>

	  			    

	  			    <span class="js-product-entry-name">Tortilla Chips, Variety</span>

	  			    <span class="js-product-entry-size-detail">(504 g)</span>

	  		    </a>
	  	    </div>
	  	    
	  	    
	  		    
	  		    
	  			    



	
	
		
		<span class="ad-match-badge  hidden">Ad Match</span>
	

	  				
	  			        
	  					
	  				        
	  					
	  				
	  		    
	  	    

	  	    <div class="price">
			    <div class="price-wrapper no-discount  ">
				    <span class="reg-price  " aria-label="Regular Price: $6.98">
					    <span class="reg-price-text">$6.98</span>
					    
					    <sup class="reg-price-unit">ea</sup>
				    </span>
				    <span class="sale-price hidden" aria-label="Sale Price:">
					    <span class="sale-price-text"></span>
					    <sup class="sale-price-unit">ea</sup>
				    </span>
				    
				    <span class="secondary-price hidden">
					    
					    <span class="secondary-price-text" aria-label="Secondary Price:"></span>
				    </span>
			    </div>
	  	    </div>

	  	    <div class="qty">
	  		    <span class="reg-qty  ">
		
			
		  	
		  		<span class="sr-only">Sale Price Per Unit:</span>
        $1.38
        /
        100
        g
		  	
	  	
	</span>

	<span class="sale-qty hidden">
		
			
		  	
		  		<span class="sr-only">Sale Price Per Unit:</span>
        $1.38
        /
        100
        g
		  	
	  	
	</span>

	<span class="secondary-qty hidden">
		
	  	<span class="secondary-qty-text"></span>
	</span>
	  	    </div>
	    </div>


	    

	    
	</div>
	<form class="form-product  quickview-btn-simple"
	  data-product-id="20757154_EA"
	  data-min-qty="1.0"
	  data-max-qty="999.0"
	  data-unit-type="ea"
	  data-cart-qty="1"
	  data-default-qty="1"
	  novalidate="novalidate"
	  promoCode=""
	  promoNumber=""
	  data-is-customized="false"
	  data-cart-url="/cart/product/20757154_EA"
	  data-csrf-token="5582ec01-90c0-448b-b4f7-e2cf68d9f8a0"
	  data-is-weighted-product="false">

	<div class="module-add-to-cart " data-change-type="plus" data-auto-edit="true" data-auto-add="true"
		 data-cart-ajax-url="/cart/updateCart">
		<div class="wrapper-add-to-cart-btn">
					<div class="module-add-to-cart-button-small">
							<button type="button" class="btn btn-secondary btn-add-to-cart " data-auid="add-to-cart-button" data-has-pts-badge="false" aria-label="Add Tortilla Chips, Variety to cart">
										<span class="icon-cart"></span>
										<span class="add-to-cart-text">
											Add</span>
									</button>
									<button type="button" class="btn btn-secondary btn-edit-cart hidden " aria-label="Edit Cart">
										<span class="qty-in-cart"></span>
										<span class="edit-cart-text">
											<spring code="product.edit.text" />"
										</span>
									</button>
								<div class="add-list-parent add-list-module  bottom-add-list-module ">
	<button class="btn btn-inline-link btn-save-to-list  dark is-btn-animated" 
	  data-login-url="/account/login?productCode=20757154_EA" 
	  data-ajax-url="/restful/lists/all?productCode=20757154_EA" 
	  data-user-guest="Y" 
	  data-user-guest="Y" data-product-code="20757154_EA" 
	  data-delete-item="false"
	  aria-label="Add Tortilla Chips, Variety to a List">
	  <span class="glyphicon glyphicon-th-list"></span>
	  <div class="list-cta-text  is-btn-animated">Add to List</div>
	</button>
	 
	<!-- this is the list HTML   -->
	<div class="save-to-list-popup  is-btn-animated animation-up dark" 
	  data-save-to-list-error="Can not get lists at this time. Please try again later."
	  data-product-name="Tortilla Chips, Variety">
	  <div class="inner-container">
	  </div>
	  
	</div>
</div>

</div>
				</div>
			</div>


	<div class="module-plus-minus-buttons small hidden ">
			<button type="button" class="btn cart-change-qty" data-change-type="minus" data-auid="decrease-product-quantity" alt="Minus" aria-label="Minus">
				<span class="icon-minimize"></span>
			</button>
			<div class="plus-minus-input-wrapper">
				<input class="input-qty cart-change-qty" aria-label="Enter manual quantity" type="text" name="qty" title="Change quantity in cart"
							data-unit-type="ea"
							value="1ea" data-change-type="equals"
							maxlength="7">

						<span class="input-qty-pretty">
							<span class="input-qty-pretty-value">1</span>
							<span class="input-qty-pretty-unit"></span>
						</span>
					</div>

			<button type="button" class="btn cart-change-qty" data-change-type="plus" data-auid="increase-product-quantity" alt="Plus" aria-label="Plus">
				<span class="icon-plus-sign"></span>
			</button>

			<p class="deal-limit-reached hidden">Deal Limit Reached</p>

			<div class="tooltip-qty-error tooltip-qty-limit hidden">
				<p>
					Limit to
					&nbsp;
					999
					&nbsp;each&nbsp;
					per customer.</p>
			</div>
			<div class="tooltip-qty-error tooltip-round-error hidden">
				<p>
					We do not have this in the weight you wanted. We've rounded your order to the nearest weight increment we stock.</p>
			</div>
		</div>
	</form>

<!-- End Template: AddToCartSmall -->

</div>
</div>
<div class="item">
		






































	




	
	
		
		
		
		
			
		
	





























<div class="module-grocery-product quickview-simple  clicked" data-quickview-ajax-url="/p/20772003_EA/quickViewProduct" data-product-id="20772003_EA"  data-product-price="$1.98">
    
	
	
		<span class="subtitle"></span>
	

	<div class="product-page-hotspot">
	    <div class="product-cell quickview-button">
	  	    <div class="product-image ">
                
	  		    <img src="https://assets.shop.loblaws.ca/products/20772003/b1/en/front/20772003_front_a01.png" onerror="this.src='https://assets.shop.loblaws.ca/products/NoImage/b1/en/front/NoImage_front_a01_@2.png';" alt="Potato Chips, Wild Onion & Yogurt" />
                
	  			    
	  			        <span class="sticker deal">
	  				        <span class="deal-badge">
	  				            
	  			                
	  				            

	  				            <span class="module-deal-badge module-deal-badge-grid simple-save-unit "
	  						        data-deal-type="$1.98 LIMIT 6"
	  						        data-ajax-promo-url="/simpleDeal/deals/product-tile?productCode=20772003_EA"
	  						        data-deal-id="20772003_EA">
	  						        <span class="deal-type">$1.98 LIMIT 6</span>
	  						            








	<span class="deal-expiry">
		Exp. 01/03
	</span>

	  					                
	  				            </span>
	  			            </span>
	  		            </span>
	  			        
	  	            
	  	        
                
                    
                

	  		    

	  		    

	  		    

	  		    <div class="hover-text-container">
	  			    <button href="#" tabindex="0" class="hover-text " aria-label="Quick View for Potato Chips, Wild Onion & Yogurt.">Quick View</button>
	  		    </div>
	  	    </div>
	    </div>

	    <div class="product-in-cart">
	  	    <div class="wrapper-product-in-cart">
	  		    <span>
	  			    In Cart
	  		    </span>
	  	    </div>
	    </div>

	    <div class="product-info">
	  	    <div class="product-name-wrapper">
	  		    <a href="/Food/Pantry/Chips-%26-Salty-Snacks/Potato-Chips/Hardbite-Potato-Chips%2C-Wild-Onion-%26-Yogurt/p/20772003_EA" class="product-name" aria-label="Product page for Potato Chips, Wild Onion & Yogurt" >
	  			    

	  			    

	  			    <span class="js-product-entry-name">Potato Chips, Wild Onion & Yogurt</span>

	  			    <span class="js-product-entry-size-detail">(150 g)</span>

	  		    </a>
	  	    </div>
	  	    
	  	    
	  		    
	  		    
	  			    



	
	
		
		<span class="ad-match-badge  hidden">Ad Match</span>
	

	  				
	  			        
	  					
	  				        
	  					
	  				
	  		    
	  	    

	  	    <div class="price">
			    <div class="price-wrapper no-discount promo-alert ">
				    <span class="reg-price  price-alert" aria-label="Regular Price: $1.98">
					    <span class="reg-price-text">$1.98</span>
					    
					    <sup class="reg-price-unit">ea</sup>
				    </span>
				    <span class="sale-price hidden" aria-label="Sale Price:">
					    <span class="sale-price-text"></span>
					    <sup class="sale-price-unit">ea</sup>
				    </span>
				    
				    <span class="secondary-price hidden">
					    
					    <span class="secondary-price-text" aria-label="Secondary Price:"></span>
				    </span>
			    </div>
	  	    </div>

	  	    <div class="qty">
	  		    <span class="reg-qty  price-alert">
		
			
		  	
		  		<span class="sr-only">Sale Price Per Unit:</span>
        $1.32
        /
        100
        g
		  	
	  	
	</span>

	<span class="sale-qty hidden">
		
			
		  	
		  		<span class="sr-only">Sale Price Per Unit:</span>
        $1.32
        /
        100
        g
		  	
	  	
	</span>

	<span class="secondary-qty hidden">
		
	  	<span class="secondary-qty-text"></span>
	</span>
	  	    </div>
	    </div>


	    

	    
	</div>
	<form class="form-product  quickview-btn-simple"
	  data-product-id="20772003_EA"
	  data-min-qty="1.0"
	  data-max-qty="999.0"
	  data-unit-type="ea"
	  data-cart-qty="1"
	  data-default-qty="1"
	  novalidate="novalidate"
	  promoCode=""
	  promoNumber=""
	  data-is-customized="false"
	  data-cart-url="/cart/product/20772003_EA"
	  data-csrf-token="5582ec01-90c0-448b-b4f7-e2cf68d9f8a0"
	  data-is-weighted-product="false">

	<div class="module-add-to-cart " data-change-type="plus" data-auto-edit="true" data-auto-add="true"
		 data-cart-ajax-url="/cart/updateCart">
		<div class="wrapper-add-to-cart-btn">
					<div class="module-add-to-cart-button-small">
							<button type="button" class="btn btn-secondary btn-add-to-cart " data-auid="add-to-cart-button" data-has-pts-badge="false" aria-label="Add Potato Chips, Wild Onion & Yogurt to cart">
										<span class="icon-cart"></span>
										<span class="add-to-cart-text">
											Add</span>
									</button>
									<button type="button" class="btn btn-secondary btn-edit-cart hidden " aria-label="Edit Cart">
										<span class="qty-in-cart"></span>
										<span class="edit-cart-text">
											<spring code="product.edit.text" />"
										</span>
									</button>
								<div class="add-list-parent add-list-module  bottom-add-list-module ">
	<button class="btn btn-inline-link btn-save-to-list  dark is-btn-animated" 
	  data-login-url="/account/login?productCode=20772003_EA" 
	  data-ajax-url="/restful/lists/all?productCode=20772003_EA" 
	  data-user-guest="Y" 
	  data-user-guest="Y" data-product-code="20772003_EA" 
	  data-delete-item="false"
	  aria-label="Add Potato Chips, Wild Onion & Yogurt to a List">
	  <span class="glyphicon glyphicon-th-list"></span>
	  <div class="list-cta-text  is-btn-animated">Add to List</div>
	</button>
	 
	<!-- this is the list HTML   -->
	<div class="save-to-list-popup  is-btn-animated animation-up dark" 
	  data-save-to-list-error="Can not get lists at this time. Please try again later."
	  data-product-name="Potato Chips, Wild Onion & Yogurt">
	  <div class="inner-container">
	  </div>
	  
	</div>
</div>

</div>
				</div>
			</div>


	<div class="module-plus-minus-buttons small hidden ">
			<button type="button" class="btn cart-change-qty" data-change-type="minus" data-auid="decrease-product-quantity" alt="Minus" aria-label="Minus">
				<span class="icon-minimize"></span>
			</button>
			<div class="plus-minus-input-wrapper">
				<input class="input-qty cart-change-qty" aria-label="Enter manual quantity" type="text" name="qty" title="Change quantity in cart"
							data-unit-type="ea"
							value="1ea" data-change-type="equals"
							maxlength="7">

						<span class="input-qty-pretty">
							<span class="input-qty-pretty-value">1</span>
							<span class="input-qty-pretty-unit"></span>
						</span>
					</div>

			<button type="button" class="btn cart-change-qty" data-change-type="plus" data-auid="increase-product-quantity" alt="Plus" aria-label="Plus">
				<span class="icon-plus-sign"></span>
			</button>

			<p class="deal-limit-reached hidden">Deal Limit Reached</p>

			<div class="tooltip-qty-error tooltip-qty-limit hidden">
				<p>
					Limit to
					&nbsp;
					999
					&nbsp;each&nbsp;
					per customer.</p>
			</div>
			<div class="tooltip-qty-error tooltip-round-error hidden">
				<p>
					We do not have this in the weight you wanted. We've rounded your order to the nearest weight increment we stock.</p>
			</div>
		</div>
	</form>

<!-- End Template: AddToCartSmall -->

</div>
</div>
<div class="item">
		






































	




	
	
		
		
		
		
			
		
	





























<div class="module-grocery-product quickview-simple  clicked" data-quickview-ajax-url="/p/20978992_EA/quickViewProduct" data-product-id="20978992_EA"  data-product-price="$3.98">
    
	
	
		<span class="subtitle"></span>
	

	<div class="product-page-hotspot">
	    <div class="product-cell quickview-button">
	  	    <div class="product-image ">
                
	  		    <img src="https://assets.shop.loblaws.ca/products/20978992/b1/en/front/20978992_front_a01.png" onerror="this.src='https://assets.shop.loblaws.ca/products/NoImage/b1/en/front/NoImage_front_a01_@2.png';" alt="Tortilla Chips, Thin & Crispy Sea Salt" />
                
	  			    
	  			        <span class="sticker deal">
	  				        <span class="deal-badge">
	  				            
	  			                
	  				            

	  				            <span class="module-deal-badge module-deal-badge-grid simple-save-unit "
	  						        data-deal-type="$3.98 LIMIT 4"
	  						        data-ajax-promo-url="/simpleDeal/deals/product-tile?productCode=20978992_EA"
	  						        data-deal-id="20978992_EA">
	  						        <span class="deal-type">$3.98 LIMIT 4</span>
	  						            








	<span class="deal-expiry">
		Exp. 12/27
	</span>

	  					                
	  				            </span>
	  			            </span>
	  		            </span>
	  			        
	  	            
	  	        
                
                    
                

	  		    

	  		    

	  		    

	  		    <div class="hover-text-container">
	  			    <button href="#" tabindex="0" class="hover-text " aria-label="Quick View for Tortilla Chips, Thin & Crispy Sea Salt.">Quick View</button>
	  		    </div>
	  	    </div>
	    </div>

	    <div class="product-in-cart">
	  	    <div class="wrapper-product-in-cart">
	  		    <span>
	  			    In Cart
	  		    </span>
	  	    </div>
	    </div>

	    <div class="product-info">
	  	    <div class="product-name-wrapper">
	  		    <a href="/Food/Pantry/Chips-%26-Salty-Snacks/Potato-Chips/Que-Pasa-Tortilla-Chips%2C-Thin-%26-Crispy-Sea-Salt/p/20978992_EA" class="product-name" aria-label="Product page for Tortilla Chips, Thin & Crispy Sea Salt" >
	  			    <span class="js-product-entry-brand">Que Pasa&nbsp;</span>

	  			    

	  			    <span class="js-product-entry-name">Tortilla Chips, Thin & Crispy Sea Salt</span>

	  			    <span class="js-product-entry-size-detail">(300 g)</span>

	  		    </a>
	  	    </div>
	  	    
	  	    
	  		    
	  		    
	  			    



	
	
		
		<span class="ad-match-badge  hidden">Ad Match</span>
	

	  				
	  			        
	  					
	  				        
	  					
	  				
	  		    
	  	    

	  	    <div class="price">
			    <div class="price-wrapper no-discount promo-alert ">
				    <span class="reg-price  price-alert" aria-label="Regular Price: $3.98">
					    <span class="reg-price-text">$3.98</span>
					    
					    <sup class="reg-price-unit">ea</sup>
				    </span>
				    <span class="sale-price hidden" aria-label="Sale Price:">
					    <span class="sale-price-text"></span>
					    <sup class="sale-price-unit">ea</sup>
				    </span>
				    
				    <span class="secondary-price hidden">
					    
					    <span class="secondary-price-text" aria-label="Secondary Price:"></span>
				    </span>
			    </div>
	  	    </div>

	  	    <div class="qty">
	  		    <span class="reg-qty  price-alert">
		
			
		  	
		  		<span class="sr-only">Sale Price Per Unit:</span>
        $1.33
        /
        100
        g
		  	
	  	
	</span>

	<span class="sale-qty hidden">
		
			
		  	
		  		<span class="sr-only">Sale Price Per Unit:</span>
        $1.33
        /
        100
        g
		  	
	  	
	</span>

	<span class="secondary-qty hidden">
		
	  	<span class="secondary-qty-text"></span>
	</span>
	  	    </div>
	    </div>


	    

	    
	</div>
	<form class="form-product  quickview-btn-simple"
	  data-product-id="20978992_EA"
	  data-min-qty="1.0"
	  data-max-qty="999.0"
	  data-unit-type="ea"
	  data-cart-qty="1"
	  data-default-qty="1"
	  novalidate="novalidate"
	  promoCode=""
	  promoNumber=""
	  data-is-customized="false"
	  data-cart-url="/cart/product/20978992_EA"
	  data-csrf-token="5582ec01-90c0-448b-b4f7-e2cf68d9f8a0"
	  data-is-weighted-product="false">

	<div class="module-add-to-cart " data-change-type="plus" data-auto-edit="true" data-auto-add="true"
		 data-cart-ajax-url="/cart/updateCart">
		<div class="wrapper-add-to-cart-btn">
					<div class="module-add-to-cart-button-small">
							<button type="button" class="btn btn-secondary btn-add-to-cart " data-auid="add-to-cart-button" data-has-pts-badge="false" aria-label="Add Tortilla Chips, Thin & Crispy Sea Salt to cart">
										<span class="icon-cart"></span>
										<span class="add-to-cart-text">
											Add</span>
									</button>
									<button type="button" class="btn btn-secondary btn-edit-cart hidden " aria-label="Edit Cart">
										<span class="qty-in-cart"></span>
										<span class="edit-cart-text">
											<spring code="product.edit.text" />"
										</span>
									</button>
								<div class="add-list-parent add-list-module  bottom-add-list-module ">
	<button class="btn btn-inline-link btn-save-to-list  dark is-btn-animated" 
	  data-login-url="/account/login?productCode=20978992_EA" 
	  data-ajax-url="/restful/lists/all?productCode=20978992_EA" 
	  data-user-guest="Y" 
	  data-user-guest="Y" data-product-code="20978992_EA" 
	  data-delete-item="false"
	  aria-label="Add Tortilla Chips, Thin & Crispy Sea Salt to a List">
	  <span class="glyphicon glyphicon-th-list"></span>
	  <div class="list-cta-text  is-btn-animated">Add to List</div>
	</button>
	 
	<!-- this is the list HTML   -->
	<div class="save-to-list-popup  is-btn-animated animation-up dark" 
	  data-save-to-list-error="Can not get lists at this time. Please try again later."
	  data-product-name="Tortilla Chips, Thin & Crispy Sea Salt">
	  <div class="inner-container">
	  </div>
	  
	</div>
</div>

</div>
				</div>
			</div>


	<div class="module-plus-minus-buttons small hidden ">
			<button type="button" class="btn cart-change-qty" data-change-type="minus" data-auid="decrease-product-quantity" alt="Minus" aria-label="Minus">
				<span class="icon-minimize"></span>
			</button>
			<div class="plus-minus-input-wrapper">
				<input class="input-qty cart-change-qty" aria-label="Enter manual quantity" type="text" name="qty" title="Change quantity in cart"
							data-unit-type="ea"
							value="1ea" data-change-type="equals"
							maxlength="7">

						<span class="input-qty-pretty">
							<span class="input-qty-pretty-value">1</span>
							<span class="input-qty-pretty-unit"></span>
						</span>
					</div>

			<button type="button" class="btn cart-change-qty" data-change-type="plus" data-auid="increase-product-quantity" alt="Plus" aria-label="Plus">
				<span class="icon-plus-sign"></span>
			</button>

			<p class="deal-limit-reached hidden">Deal Limit Reached</p>

			<div class="tooltip-qty-error tooltip-qty-limit hidden">
				<p>
					Limit to
					&nbsp;
					999
					&nbsp;each&nbsp;
					per customer.</p>
			</div>
			<div class="tooltip-qty-error tooltip-round-error hidden">
				<p>
					We do not have this in the weight you wanted. We've rounded your order to the nearest weight increment we stock.</p>
			</div>
		</div>
	</form>

<!-- End Template: AddToCartSmall -->

</div>
</div>
<div class="item">
		









































	
	
		
		
		
		
			
		
	





























<div class="module-grocery-product quickview-simple  clicked" data-quickview-ajax-url="/p/20972784_EA/quickViewProduct" data-product-id="20972784_EA"  data-product-price="$4.58">
    
	
	
		<span class="subtitle"></span>
	

	<div class="product-page-hotspot">
	    <div class="product-cell quickview-button">
	  	    <div class="product-image ">
                
	  		    <img src="https://assets.shop.loblaws.ca/products/20972784/b1/en/front/20972784_front_a01.png" onerror="this.src='https://assets.shop.loblaws.ca/products/NoImage/b1/en/front/NoImage_front_a01_@2.png';" alt="Potato Chips, All Dressed" />
                
	  			    
	  	        
                
                    
                

	  		    

	  		    

	  		    

	  		    <div class="hover-text-container">
	  			    <button href="#" tabindex="0" class="hover-text " aria-label="Quick View for Potato Chips, All Dressed.">Quick View</button>
	  		    </div>
	  	    </div>
	    </div>

	    <div class="product-in-cart">
	  	    <div class="wrapper-product-in-cart">
	  		    <span>
	  			    In Cart
	  		    </span>
	  	    </div>
	    </div>

	    <div class="product-info">
	  	    <div class="product-name-wrapper">
	  		    <a href="/Food/Pantry/Chips-%26-Salty-Snacks/Potato-Chips/Ruffles-Potato-Chips%2C-All-Dressed/p/20972784_EA" class="product-name" aria-label="Product page for Potato Chips, All Dressed" >
	  			    

	  			    

	  			    <span class="js-product-entry-name">Potato Chips, All Dressed</span>

	  			    <span class="js-product-entry-size-detail">(380 g)</span>

	  		    </a>
	  	    </div>
	  	    
	  	    
	  		    
	  		    
	  			    



	
	
		
		<span class="ad-match-badge  hidden">Ad Match</span>
	

	  				
	  			        
	  					
	  				        
	  					
	  				
	  		    
	  	    

	  	    <div class="price">
			    <div class="price-wrapper no-discount  ">
				    <span class="reg-price  " aria-label="Regular Price: $4.58">
					    <span class="reg-price-text">$4.58</span>
					    
					    <sup class="reg-price-unit">ea</sup>
				    </span>
				    <span class="sale-price hidden" aria-label="Sale Price:">
					    <span class="sale-price-text"></span>
					    <sup class="sale-price-unit">ea</sup>
				    </span>
				    
				    <span class="secondary-price hidden">
					    
					    <span class="secondary-price-text" aria-label="Secondary Price:"></span>
				    </span>
			    </div>
	  	    </div>

	  	    <div class="qty">
	  		    <span class="reg-qty  ">
		
			
		  	
		  		<span class="sr-only">Sale Price Per Unit:</span>
        $1.21
        /
        100
        g
		  	
	  	
	</span>

	<span class="sale-qty hidden">
		
			
		  	
		  		<span class="sr-only">Sale Price Per Unit:</span>
        $1.21
        /
        100
        g
		  	
	  	
	</span>

	<span class="secondary-qty hidden">
		
	  	<span class="secondary-qty-text"></span>
	</span>
	  	    </div>
	    </div>


	    

	    
	</div>
	<form class="form-product  quickview-btn-simple"
	  data-product-id="20972784_EA"
	  data-min-qty="1.0"
	  data-max-qty="999.0"
	  data-unit-type="ea"
	  data-cart-qty="1"
	  data-default-qty="1"
	  novalidate="novalidate"
	  promoCode=""
	  promoNumber=""
	  data-is-customized="false"
	  data-cart-url="/cart/product/20972784_EA"
	  data-csrf-token="5582ec01-90c0-448b-b4f7-e2cf68d9f8a0"
	  data-is-weighted-product="false">

	<div class="module-add-to-cart " data-change-type="plus" data-auto-edit="true" data-auto-add="true"
		 data-cart-ajax-url="/cart/updateCart">
		<div class="wrapper-add-to-cart-btn">
					<div class="module-add-to-cart-button-small">
							<button type="button" class="btn btn-secondary btn-add-to-cart " data-auid="add-to-cart-button" data-has-pts-badge="false" aria-label="Add Potato Chips, All Dressed to cart">
										<span class="icon-cart"></span>
										<span class="add-to-cart-text">
											Add</span>
									</button>
									<button type="button" class="btn btn-secondary btn-edit-cart hidden " aria-label="Edit Cart">
										<span class="qty-in-cart"></span>
										<span class="edit-cart-text">
											<spring code="product.edit.text" />"
										</span>
									</button>
								<div class="add-list-parent add-list-module  bottom-add-list-module ">
	<button class="btn btn-inline-link btn-save-to-list  dark is-btn-animated" 
	  data-login-url="/account/login?productCode=20972784_EA" 
	  data-ajax-url="/restful/lists/all?productCode=20972784_EA" 
	  data-user-guest="Y" 
	  data-user-guest="Y" data-product-code="20972784_EA" 
	  data-delete-item="false"
	  aria-label="Add Potato Chips, All Dressed to a List">
	  <span class="glyphicon glyphicon-th-list"></span>
	  <div class="list-cta-text  is-btn-animated">Add to List</div>
	</button>
	 
	<!-- this is the list HTML   -->
	<div class="save-to-list-popup  is-btn-animated animation-up dark" 
	  data-save-to-list-error="Can not get lists at this time. Please try again later."
	  data-product-name="Potato Chips, All Dressed">
	  <div class="inner-container">
	  </div>
	  
	</div>
</div>

</div>
				</div>
			</div>


	<div class="module-plus-minus-buttons small hidden ">
			<button type="button" class="btn cart-change-qty" data-change-type="minus" data-auid="decrease-product-quantity" alt="Minus" aria-label="Minus">
				<span class="icon-minimize"></span>
			</button>
			<div class="plus-minus-input-wrapper">
				<input class="input-qty cart-change-qty" aria-label="Enter manual quantity" type="text" name="qty" title="Change quantity in cart"
							data-unit-type="ea"
							value="1ea" data-change-type="equals"
							maxlength="7">

						<span class="input-qty-pretty">
							<span class="input-qty-pretty-value">1</span>
							<span class="input-qty-pretty-unit"></span>
						</span>
					</div>

			<button type="button" class="btn cart-change-qty" data-change-type="plus" data-auid="increase-product-quantity" alt="Plus" aria-label="Plus">
				<span class="icon-plus-sign"></span>
			</button>

			<p class="deal-limit-reached hidden">Deal Limit Reached</p>

			<div class="tooltip-qty-error tooltip-qty-limit hidden">
				<p>
					Limit to
					&nbsp;
					999
					&nbsp;each&nbsp;
					per customer.</p>
			</div>
			<div class="tooltip-qty-error tooltip-round-error hidden">
				<p>
					We do not have this in the weight you wanted. We've rounded your order to the nearest weight increment we stock.</p>
			</div>
		</div>
	</form>

<!-- End Template: AddToCartSmall -->

</div>
</div>
<div class="item">
		









































	
	
		
		
		
		
			
		
	





























<div class="module-grocery-product quickview-simple  clicked" data-quickview-ajax-url="/p/21059718_EA/quickViewProduct" data-product-id="21059718_EA"  data-product-price="$3.67">
    
	
	
		<span class="subtitle"></span>
	

	<div class="product-page-hotspot">
	    <div class="product-cell quickview-button">
	  	    <div class="product-image ">
                
	  		    <img src="https://assets.shop.loblaws.ca/products/21059718/b1/en/front/21059718_front_a01.png" onerror="this.src='https://assets.shop.loblaws.ca/products/NoImage/b1/en/front/NoImage_front_a01_@2.png';" alt="Multigrain Snacks, French Onion" />
                
	  			    
	  			        <span class="sticker deal">
	  				        <span class="deal-badge">
	  				            
	  			                
	  				            

	  				            <span class="module-deal-badge module-deal-badge-grid simple-save-unit "
	  						        data-deal-type="2 FOR $6.66"
	  						        data-ajax-promo-url="/simpleDeal/deals/product-tile?productCode=21059718_EA"
	  						        data-deal-id="21059718_EA">
	  						        <span class="deal-type">2 FOR $6.66</span>
	  						            








	<span class="deal-expiry">
		Exp. 12/31
	</span>

	  					                
	  				            </span>
	  			            </span>
	  		            </span>
	  			        
	  	            
	  	        
                
                    
                

	  		    

	  		    

	  		    

	  		    <div class="hover-text-container">
	  			    <button href="#" tabindex="0" class="hover-text " aria-label="Quick View for Multigrain Snacks, French Onion.">Quick View</button>
	  		    </div>
	  	    </div>
	    </div>

	    <div class="product-in-cart">
	  	    <div class="wrapper-product-in-cart">
	  		    <span>
	  			    In Cart
	  		    </span>
	  	    </div>
	    </div>

	    <div class="product-info">
	  	    <div class="product-name-wrapper">
	  		    <a href="/Food/Pantry/Chips-%26-Salty-Snacks/Pretzels-%26-Snack-Mixes/Sunchips-Multigrain-Snacks%2C-French-Onion/p/21059718_EA" class="product-name" aria-label="Product page for Multigrain Snacks, French Onion" >
	  			    <span class="js-product-entry-brand">Sunchips&nbsp;</span>

	  			    

	  			    <span class="js-product-entry-name">Multigrain Snacks, French Onion</span>

	  			    <span class="js-product-entry-size-detail">(225 g)</span>

	  		    </a>
	  	    </div>
	  	    
	  	    
	  		    
	  		    
	  			    



	
	
		
		<span class="ad-match-badge  hidden">Ad Match</span>
	

	  				
	  			        
	  					
	  				        
	  					
	  				
	  		    
	  	    

	  	    <div class="price">
			    <div class="price-wrapper no-discount  ">
				    <span class="reg-price  " aria-label="Regular Price: $3.67">
					    <span class="reg-price-text">$3.67</span>
					    
					    <sup class="reg-price-unit">ea</sup>
				    </span>
				    <span class="sale-price hidden" aria-label="Sale Price:">
					    <span class="sale-price-text"></span>
					    <sup class="sale-price-unit">ea</sup>
				    </span>
				    
				    <span class="secondary-price hidden">
					    
					    <span class="secondary-price-text" aria-label="Secondary Price:"></span>
				    </span>
			    </div>
	  	    </div>

	  	    <div class="qty">
	  		    <span class="reg-qty  ">
		
			
		  	
		  		<span class="sr-only">Sale Price Per Unit:</span>
        $1.63
        /
        100
        g
		  	
	  	
	</span>

	<span class="sale-qty hidden">
		
			
		  	
		  		<span class="sr-only">Sale Price Per Unit:</span>
        $1.63
        /
        100
        g
		  	
	  	
	</span>

	<span class="secondary-qty hidden">
		
	  	<span class="secondary-qty-text"></span>
	</span>
	  	    </div>
	    </div>


	    

	    
	</div>
	<form class="form-product  quickview-btn-simple"
	  data-product-id="21059718_EA"
	  data-min-qty="1.0"
	  data-max-qty="999.0"
	  data-unit-type="ea"
	  data-cart-qty="1"
	  data-default-qty="1"
	  novalidate="novalidate"
	  promoCode=""
	  promoNumber=""
	  data-is-customized="false"
	  data-cart-url="/cart/product/21059718_EA"
	  data-csrf-token="5582ec01-90c0-448b-b4f7-e2cf68d9f8a0"
	  data-is-weighted-product="false">

	<div class="module-add-to-cart " data-change-type="plus" data-auto-edit="true" data-auto-add="true"
		 data-cart-ajax-url="/cart/updateCart">
		<div class="wrapper-add-to-cart-btn">
					<div class="module-add-to-cart-button-small">
							<button type="button" class="btn btn-secondary btn-add-to-cart " data-auid="add-to-cart-button" data-has-pts-badge="false" aria-label="Add Multigrain Snacks, French Onion to cart">
										<span class="icon-cart"></span>
										<span class="add-to-cart-text">
											Add</span>
									</button>
									<button type="button" class="btn btn-secondary btn-edit-cart hidden " aria-label="Edit Cart">
										<span class="qty-in-cart"></span>
										<span class="edit-cart-text">
											<spring code="product.edit.text" />"
										</span>
									</button>
								<div class="add-list-parent add-list-module  bottom-add-list-module ">
	<button class="btn btn-inline-link btn-save-to-list  dark is-btn-animated" 
	  data-login-url="/account/login?productCode=21059718_EA" 
	  data-ajax-url="/restful/lists/all?productCode=21059718_EA" 
	  data-user-guest="Y" 
	  data-user-guest="Y" data-product-code="21059718_EA" 
	  data-delete-item="false"
	  aria-label="Add Multigrain Snacks, French Onion to a List">
	  <span class="glyphicon glyphicon-th-list"></span>
	  <div class="list-cta-text  is-btn-animated">Add to List</div>
	</button>
	 
	<!-- this is the list HTML   -->
	<div class="save-to-list-popup  is-btn-animated animation-up dark" 
	  data-save-to-list-error="Can not get lists at this time. Please try again later."
	  data-product-name="Multigrain Snacks, French Onion">
	  <div class="inner-container">
	  </div>
	  
	</div>
</div>

</div>
				</div>
			</div>


	<div class="module-plus-minus-buttons small hidden ">
			<button type="button" class="btn cart-change-qty" data-change-type="minus" data-auid="decrease-product-quantity" alt="Minus" aria-label="Minus">
				<span class="icon-minimize"></span>
			</button>
			<div class="plus-minus-input-wrapper">
				<input class="input-qty cart-change-qty" aria-label="Enter manual quantity" type="text" name="qty" title="Change quantity in cart"
							data-unit-type="ea"
							value="1ea" data-change-type="equals"
							maxlength="7">

						<span class="input-qty-pretty">
							<span class="input-qty-pretty-value">1</span>
							<span class="input-qty-pretty-unit"></span>
						</span>
					</div>

			<button type="button" class="btn cart-change-qty" data-change-type="plus" data-auid="increase-product-quantity" alt="Plus" aria-label="Plus">
				<span class="icon-plus-sign"></span>
			</button>

			<p class="deal-limit-reached hidden">Deal Limit Reached</p>

			<div class="tooltip-qty-error tooltip-qty-limit hidden">
				<p>
					Limit to
					&nbsp;
					999
					&nbsp;each&nbsp;
					per customer.</p>
			</div>
			<div class="tooltip-qty-error tooltip-round-error hidden">
				<p>
					We do not have this in the weight you wanted. We've rounded your order to the nearest weight increment we stock.</p>
			</div>
		</div>
	</form>

<!-- End Template: AddToCartSmall -->

</div>
</div>
<div class="item">
		









































	
	
		
		
		
		
			
		
	





























<div class="module-grocery-product quickview-simple  clicked" data-quickview-ajax-url="/p/20972847_EA/quickViewProduct" data-product-id="20972847_EA"  data-product-price="$4.58">
    
	
	
		<span class="subtitle"></span>
	

	<div class="product-page-hotspot">
	    <div class="product-cell quickview-button">
	  	    <div class="product-image ">
                
	  		    <img src="https://assets.shop.loblaws.ca/products/20972847/b1/en/front/20972847_front_a01.png" onerror="this.src='https://assets.shop.loblaws.ca/products/NoImage/b1/en/front/NoImage_front_a01_@2.png';" alt="Tortilla Chips, Nacho Cheese" />
                
	  			    
	  	        
                
                    
                

	  		    

	  		    

	  		    

	  		    <div class="hover-text-container">
	  			    <button href="#" tabindex="0" class="hover-text " aria-label="Quick View for Tortilla Chips, Nacho Cheese.">Quick View</button>
	  		    </div>
	  	    </div>
	    </div>

	    <div class="product-in-cart">
	  	    <div class="wrapper-product-in-cart">
	  		    <span>
	  			    In Cart
	  		    </span>
	  	    </div>
	    </div>

	    <div class="product-info">
	  	    <div class="product-name-wrapper">
	  		    <a href="/Food/Pantry/Chips-%26-Salty-Snacks/Potato-Chips/Doritos-Tortilla-Chips%2C-Nacho-Cheese/p/20972847_EA" class="product-name" aria-label="Product page for Tortilla Chips, Nacho Cheese" >
	  			    <span class="js-product-entry-brand">Doritos&nbsp;</span>

	  			    

	  			    <span class="js-product-entry-name">Tortilla Chips, Nacho Cheese</span>

	  			    <span class="js-product-entry-size-detail">(400 g)</span>

	  		    </a>
	  	    </div>
	  	    
	  	    
	  		    
	  		    
	  			    



	
	
		
		<span class="ad-match-badge  hidden">Ad Match</span>
	

	  				
	  			        
	  					
	  				        
	  					
	  				
	  		    
	  	    

	  	    <div class="price">
			    <div class="price-wrapper no-discount  ">
				    <span class="reg-price  " aria-label="Regular Price: $4.58">
					    <span class="reg-price-text">$4.58</span>
					    
					    <sup class="reg-price-unit">ea</sup>
				    </span>
				    <span class="sale-price hidden" aria-label="Sale Price:">
					    <span class="sale-price-text"></span>
					    <sup class="sale-price-unit">ea</sup>
				    </span>
				    
				    <span class="secondary-price hidden">
					    
					    <span class="secondary-price-text" aria-label="Secondary Price:"></span>
				    </span>
			    </div>
	  	    </div>

	  	    <div class="qty">
	  		    <span class="reg-qty  ">
		
			
		  	
		  		<span class="sr-only">Sale Price Per Unit:</span>
        $1.15
        /
        100
        g
		  	
	  	
	</span>

	<span class="sale-qty hidden">
		
			
		  	
		  		<span class="sr-only">Sale Price Per Unit:</span>
        $1.15
        /
        100
        g
		  	
	  	
	</span>

	<span class="secondary-qty hidden">
		
	  	<span class="secondary-qty-text"></span>
	</span>
	  	    </div>
	    </div>


	    

	    
	</div>
	<form class="form-product  quickview-btn-simple"
	  data-product-id="20972847_EA"
	  data-min-qty="1.0"
	  data-max-qty="999.0"
	  data-unit-type="ea"
	  data-cart-qty="1"
	  data-default-qty="1"
	  novalidate="novalidate"
	  promoCode=""
	  promoNumber=""
	  data-is-customized="false"
	  data-cart-url="/cart/product/20972847_EA"
	  data-csrf-token="5582ec01-90c0-448b-b4f7-e2cf68d9f8a0"
	  data-is-weighted-product="false">

	<div class="module-add-to-cart " data-change-type="plus" data-auto-edit="true" data-auto-add="true"
		 data-cart-ajax-url="/cart/updateCart">
		<div class="wrapper-add-to-cart-btn">
					<div class="module-add-to-cart-button-small">
							<button type="button" class="btn btn-secondary btn-add-to-cart " data-auid="add-to-cart-button" data-has-pts-badge="false" aria-label="Add Tortilla Chips, Nacho Cheese to cart">
										<span class="icon-cart"></span>
										<span class="add-to-cart-text">
											Add</span>
									</button>
									<button type="button" class="btn btn-secondary btn-edit-cart hidden " aria-label="Edit Cart">
										<span class="qty-in-cart"></span>
										<span class="edit-cart-text">
											<spring code="product.edit.text" />"
										</span>
									</button>
								<div class="add-list-parent add-list-module  bottom-add-list-module ">
	<button class="btn btn-inline-link btn-save-to-list  dark is-btn-animated" 
	  data-login-url="/account/login?productCode=20972847_EA" 
	  data-ajax-url="/restful/lists/all?productCode=20972847_EA" 
	  data-user-guest="Y" 
	  data-user-guest="Y" data-product-code="20972847_EA" 
	  data-delete-item="false"
	  aria-label="Add Tortilla Chips, Nacho Cheese to a List">
	  <span class="glyphicon glyphicon-th-list"></span>
	  <div class="list-cta-text  is-btn-animated">Add to List</div>
	</button>
	 
	<!-- this is the list HTML   -->
	<div class="save-to-list-popup  is-btn-animated animation-up dark" 
	  data-save-to-list-error="Can not get lists at this time. Please try again later."
	  data-product-name="Tortilla Chips, Nacho Cheese">
	  <div class="inner-container">
	  </div>
	  
	</div>
</div>

</div>
				</div>
			</div>


	<div class="module-plus-minus-buttons small hidden ">
			<button type="button" class="btn cart-change-qty" data-change-type="minus" data-auid="decrease-product-quantity" alt="Minus" aria-label="Minus">
				<span class="icon-minimize"></span>
			</button>
			<div class="plus-minus-input-wrapper">
				<input class="input-qty cart-change-qty" aria-label="Enter manual quantity" type="text" name="qty" title="Change quantity in cart"
							data-unit-type="ea"
							value="1ea" data-change-type="equals"
							maxlength="7">

						<span class="input-qty-pretty">
							<span class="input-qty-pretty-value">1</span>
							<span class="input-qty-pretty-unit"></span>
						</span>
					</div>

			<button type="button" class="btn cart-change-qty" data-change-type="plus" data-auid="increase-product-quantity" alt="Plus" aria-label="Plus">
				<span class="icon-plus-sign"></span>
			</button>

			<p class="deal-limit-reached hidden">Deal Limit Reached</p>

			<div class="tooltip-qty-error tooltip-qty-limit hidden">
				<p>
					Limit to
					&nbsp;
					999
					&nbsp;each&nbsp;
					per customer.</p>
			</div>
			<div class="tooltip-qty-error tooltip-round-error hidden">
				<p>
					We do not have this in the weight you wanted. We've rounded your order to the nearest weight increment we stock.</p>
			</div>
		</div>
	</form>

<!-- End Template: AddToCartSmall -->

</div>
</div>
<div class="item">
		









































	
	
		
		
		
		
			
		
	





























<div class="module-grocery-product quickview-simple  clicked" data-quickview-ajax-url="/p/20964371_EA/quickViewProduct" data-product-id="20964371_EA"  data-product-price="$2.47">
    
	
	
		<span class="subtitle"></span>
	

	<div class="product-page-hotspot">
	    <div class="product-cell quickview-button">
	  	    <div class="product-image ">
                
	  		    <img src="https://assets.shop.loblaws.ca/products/20964371/b1/en/front/20964371_front_a01.png" onerror="this.src='https://assets.shop.loblaws.ca/products/NoImage/b1/en/front/NoImage_front_a01_@2.png';" alt="Potato Chips, Ketchup" />
                
	  			    
	  	        
                
                    
                

	  		    

	  		    
	  			    <span class="sticker deal">
	  				    <span class="deal-badge">
	  					    <span class="module-deal-badge module-deal-badge-feature flyer expires undefined">
	  						    <span class="deal-type">
								    Flyer<br />
	  							    Item
	  						    </span>
	  						    








	<span class="deal-expiry">
		Exp. 12/19
	</span>

	  					    </span>
	  				    </span>
	  			    </span>
	  			    
	  		    

	  		    

	  		    <div class="hover-text-container">
	  			    <button href="#" tabindex="0" class="hover-text " aria-label="Quick View for Potato Chips, Ketchup.">Quick View</button>
	  		    </div>
	  	    </div>
	    </div>

	    <div class="product-in-cart">
	  	    <div class="wrapper-product-in-cart">
	  		    <span>
	  			    In Cart
	  		    </span>
	  	    </div>
	    </div>

	    <div class="product-info">
	  	    <div class="product-name-wrapper">
	  		    <a href="/Food/Pantry/Chips-%26-Salty-Snacks/Potato-Chips/Lay%27s-Potato-Chips%2C-Ketchup/p/20964371_EA" class="product-name" aria-label="Product page for Potato Chips, Ketchup" >
	  			    <span class="js-product-entry-brand">Lay's&nbsp;</span>

	  			    

	  			    <span class="js-product-entry-name">Potato Chips, Ketchup</span>

	  			    <span class="js-product-entry-size-detail">(255 g)</span>

	  		    </a>
	  	    </div>
	  	    
	  	    
	  		    
	  		    
	  			    



	
	
		
		<span class="ad-match-badge  hidden">Ad Match</span>
	

	  				
	  			        
	  					
	  				        
	  					
	  				
	  		    
	  	    

	  	    <div class="price">
			    <div class="price-wrapper no-discount  ">
				    <span class="reg-price  " aria-label="Regular Price: $2.47">
					    <span class="reg-price-text">$2.47</span>
					    
					    <sup class="reg-price-unit">ea</sup>
				    </span>
				    <span class="sale-price hidden" aria-label="Sale Price:">
					    <span class="sale-price-text"></span>
					    <sup class="sale-price-unit">ea</sup>
				    </span>
				    
				    <span class="secondary-price hidden">
					    
					    <span class="secondary-price-text" aria-label="Secondary Price:"></span>
				    </span>
			    </div>
	  	    </div>

	  	    <div class="qty">
	  		    <span class="reg-qty  ">
		
			
		  	
		  		<span class="sr-only">Sale Price Per Unit:</span>
        $0.97
        /
        100
        g
		  	
	  	
	</span>

	<span class="sale-qty hidden">
		
			
		  	
		  		<span class="sr-only">Sale Price Per Unit:</span>
        $0.97
        /
        100
        g
		  	
	  	
	</span>

	<span class="secondary-qty hidden">
		
	  	<span class="secondary-qty-text"></span>
	</span>
	  	    </div>
	    </div>


	    

	    
	</div>
	<form class="form-product  quickview-btn-simple"
	  data-product-id="20964371_EA"
	  data-min-qty="1.0"
	  data-max-qty="999.0"
	  data-unit-type="ea"
	  data-cart-qty="1"
	  data-default-qty="1"
	  novalidate="novalidate"
	  promoCode=""
	  promoNumber=""
	  data-is-customized="false"
	  data-cart-url="/cart/product/20964371_EA"
	  data-csrf-token="5582ec01-90c0-448b-b4f7-e2cf68d9f8a0"
	  data-is-weighted-product="false">

	<div class="module-add-to-cart " data-change-type="plus" data-auto-edit="true" data-auto-add="true"
		 data-cart-ajax-url="/cart/updateCart">
		<div class="wrapper-add-to-cart-btn">
					<div class="module-add-to-cart-button-small">
							<button type="button" class="btn btn-secondary btn-add-to-cart " data-auid="add-to-cart-button" data-has-pts-badge="false" aria-label="Add Potato Chips, Ketchup to cart">
										<span class="icon-cart"></span>
										<span class="add-to-cart-text">
											Add</span>
									</button>
									<button type="button" class="btn btn-secondary btn-edit-cart hidden " aria-label="Edit Cart">
										<span class="qty-in-cart"></span>
										<span class="edit-cart-text">
											<spring code="product.edit.text" />"
										</span>
									</button>
								<div class="add-list-parent add-list-module  bottom-add-list-module ">
	<button class="btn btn-inline-link btn-save-to-list  dark is-btn-animated" 
	  data-login-url="/account/login?productCode=20964371_EA" 
	  data-ajax-url="/restful/lists/all?productCode=20964371_EA" 
	  data-user-guest="Y" 
	  data-user-guest="Y" data-product-code="20964371_EA" 
	  data-delete-item="false"
	  aria-label="Add Potato Chips, Ketchup to a List">
	  <span class="glyphicon glyphicon-th-list"></span>
	  <div class="list-cta-text  is-btn-animated">Add to List</div>
	</button>
	 
	<!-- this is the list HTML   -->
	<div class="save-to-list-popup  is-btn-animated animation-up dark" 
	  data-save-to-list-error="Can not get lists at this time. Please try again later."
	  data-product-name="Potato Chips, Ketchup">
	  <div class="inner-container">
	  </div>
	  
	</div>
</div>

</div>
				</div>
			</div>


	<div class="module-plus-minus-buttons small hidden ">
			<button type="button" class="btn cart-change-qty" data-change-type="minus" data-auid="decrease-product-quantity" alt="Minus" aria-label="Minus">
				<span class="icon-minimize"></span>
			</button>
			<div class="plus-minus-input-wrapper">
				<input class="input-qty cart-change-qty" aria-label="Enter manual quantity" type="text" name="qty" title="Change quantity in cart"
							data-unit-type="ea"
							value="1ea" data-change-type="equals"
							maxlength="7">

						<span class="input-qty-pretty">
							<span class="input-qty-pretty-value">1</span>
							<span class="input-qty-pretty-unit"></span>
						</span>
					</div>

			<button type="button" class="btn cart-change-qty" data-change-type="plus" data-auid="increase-product-quantity" alt="Plus" aria-label="Plus">
				<span class="icon-plus-sign"></span>
			</button>

			<p class="deal-limit-reached hidden">Deal Limit Reached</p>

			<div class="tooltip-qty-error tooltip-qty-limit hidden">
				<p>
					Limit to
					&nbsp;
					999
					&nbsp;each&nbsp;
					per customer.</p>
			</div>
			<div class="tooltip-qty-error tooltip-round-error hidden">
				<p>
					We do not have this in the weight you wanted. We've rounded your order to the nearest weight increment we stock.</p>
			</div>
		</div>
	</form>

<!-- End Template: AddToCartSmall -->

</div>
</div>
<div class="item">
		









































	
	
		
		
		
		
			
		
	





























<div class="module-grocery-product quickview-simple  clicked" data-quickview-ajax-url="/p/20788073002_EA/quickViewProduct" data-product-id="20788073002_EA"  data-product-price="$3.18">
    
	
	
		<span class="subtitle"></span>
	

	<div class="product-page-hotspot">
	    <div class="product-cell quickview-button">
	  	    <div class="product-image ">
                
	  		    <img src="https://assets.shop.loblaws.ca/products/20788073002/b1/en/front/20788073002_front_a01.png" onerror="this.src='https://assets.shop.loblaws.ca/products/NoImage/b1/en/front/NoImage_front_a01_@2.png';" alt="Wavy Potato Chips, Ketchup" />
                
	  			    
	  	        
                
                    
                

	  		    

	  		    
	  			    <span class="sticker deal">
	  				    <span class="deal-badge">
	  					    <span class="module-deal-badge module-deal-badge-feature flyer expires undefined">
	  						    <span class="deal-type">
								    Flyer<br />
	  							    Item
	  						    </span>
	  						    








	<span class="deal-expiry">
		Exp. 12/19
	</span>

	  					    </span>
	  				    </span>
	  			    </span>
	  			    
	  		    

	  		    

	  		    <div class="hover-text-container">
	  			    <button href="#" tabindex="0" class="hover-text " aria-label="Quick View for Wavy Potato Chips, Ketchup.">Quick View</button>
	  		    </div>
	  	    </div>
	    </div>

	    <div class="product-in-cart">
	  	    <div class="wrapper-product-in-cart">
	  		    <span>
	  			    In Cart
	  		    </span>
	  	    </div>
	    </div>

	    <div class="product-info">
	  	    <div class="product-name-wrapper">
	  		    <a href="/Food/Pantry/Chips-%26-Salty-Snacks/Potato-Chips/Lay%27s-WAVY-Wavy-Potato-Chips%2C-Ketchup/p/20788073002_EA" class="product-name" aria-label="Product page for Wavy Potato Chips, Ketchup" >
	  			    <span class="js-product-entry-brand">Lay's&nbsp;</span>

	  			    

	  			    <span class="js-product-entry-name">Wavy Potato Chips, Ketchup</span>

	  			    <span class="js-product-entry-size-detail">(255 g)</span>

	  		    </a>
	  	    </div>
	  	    
	  	    
	  		    
	  		    
	  			    



	
	
		
		<span class="ad-match-badge  hidden">Ad Match</span>
	

	  				
	  			        
	  					
	  				        
	  					
	  				
	  		    
	  	    

	  	    <div class="price">
			    <div class="price-wrapper no-discount  ">
				    <span class="reg-price  " aria-label="Regular Price: $3.18">
					    <span class="reg-price-text">$3.18</span>
					    
					    <sup class="reg-price-unit">ea</sup>
				    </span>
				    <span class="sale-price hidden" aria-label="Sale Price:">
					    <span class="sale-price-text"></span>
					    <sup class="sale-price-unit">ea</sup>
				    </span>
				    
				    <span class="secondary-price hidden">
					    
					    <span class="secondary-price-text" aria-label="Secondary Price:"></span>
				    </span>
			    </div>
	  	    </div>

	  	    <div class="qty">
	  		    <span class="reg-qty  ">
		
			
		  	
		  		<span class="sr-only">Sale Price Per Unit:</span>
        $1.25
        /
        100
        g
		  	
	  	
	</span>

	<span class="sale-qty hidden">
		
			
		  	
		  		<span class="sr-only">Sale Price Per Unit:</span>
        $1.25
        /
        100
        g
		  	
	  	
	</span>

	<span class="secondary-qty hidden">
		
	  	<span class="secondary-qty-text"></span>
	</span>
	  	    </div>
	    </div>


	    

	    
	</div>
	<form class="form-product  quickview-btn-simple"
	  data-product-id="20788073002_EA"
	  data-min-qty="1.0"
	  data-max-qty="999.0"
	  data-unit-type="ea"
	  data-cart-qty="1"
	  data-default-qty="1"
	  novalidate="novalidate"
	  promoCode=""
	  promoNumber=""
	  data-is-customized="false"
	  data-cart-url="/cart/product/20788073002_EA"
	  data-csrf-token="5582ec01-90c0-448b-b4f7-e2cf68d9f8a0"
	  data-is-weighted-product="false">

	<div class="module-add-to-cart " data-change-type="plus" data-auto-edit="true" data-auto-add="true"
		 data-cart-ajax-url="/cart/updateCart">
		<div class="wrapper-add-to-cart-btn">
					<div class="module-add-to-cart-button-small">
							<button type="button" class="btn btn-secondary btn-add-to-cart " data-auid="add-to-cart-button" data-has-pts-badge="false" aria-label="Add Wavy Potato Chips, Ketchup to cart">
										<span class="icon-cart"></span>
										<span class="add-to-cart-text">
											Add</span>
									</button>
									<button type="button" class="btn btn-secondary btn-edit-cart hidden " aria-label="Edit Cart">
										<span class="qty-in-cart"></span>
										<span class="edit-cart-text">
											<spring code="product.edit.text" />"
										</span>
									</button>
								<div class="add-list-parent add-list-module  bottom-add-list-module ">
	<button class="btn btn-inline-link btn-save-to-list  dark is-btn-animated" 
	  data-login-url="/account/login?productCode=20788073002_EA" 
	  data-ajax-url="/restful/lists/all?productCode=20788073002_EA" 
	  data-user-guest="Y" 
	  data-user-guest="Y" data-product-code="20788073002_EA" 
	  data-delete-item="false"
	  aria-label="Add Wavy Potato Chips, Ketchup to a List">
	  <span class="glyphicon glyphicon-th-list"></span>
	  <div class="list-cta-text  is-btn-animated">Add to List</div>
	</button>
	 
	<!-- this is the list HTML   -->
	<div class="save-to-list-popup  is-btn-animated animation-up dark" 
	  data-save-to-list-error="Can not get lists at this time. Please try again later."
	  data-product-name="Wavy Potato Chips, Ketchup">
	  <div class="inner-container">
	  </div>
	  
	</div>
</div>

</div>
				</div>
			</div>


	<div class="module-plus-minus-buttons small hidden ">
			<button type="button" class="btn cart-change-qty" data-change-type="minus" data-auid="decrease-product-quantity" alt="Minus" aria-label="Minus">
				<span class="icon-minimize"></span>
			</button>
			<div class="plus-minus-input-wrapper">
				<input class="input-qty cart-change-qty" aria-label="Enter manual quantity" type="text" name="qty" title="Change quantity in cart"
							data-unit-type="ea"
							value="1ea" data-change-type="equals"
							maxlength="7">

						<span class="input-qty-pretty">
							<span class="input-qty-pretty-value">1</span>
							<span class="input-qty-pretty-unit"></span>
						</span>
					</div>

			<button type="button" class="btn cart-change-qty" data-change-type="plus" data-auid="increase-product-quantity" alt="Plus" aria-label="Plus">
				<span class="icon-plus-sign"></span>
			</button>

			<p class="deal-limit-reached hidden">Deal Limit Reached</p>

			<div class="tooltip-qty-error tooltip-qty-limit hidden">
				<p>
					Limit to
					&nbsp;
					999
					&nbsp;each&nbsp;
					per customer.</p>
			</div>
			<div class="tooltip-qty-error tooltip-round-error hidden">
				<p>
					We do not have this in the weight you wanted. We've rounded your order to the nearest weight increment we stock.</p>
			</div>
		</div>
	</form>

<!-- End Template: AddToCartSmall -->

</div>
</div>
<div class="item">
		









































	
	
		
		
		
		
			
		
	





























<div class="module-grocery-product quickview-simple  clicked" data-quickview-ajax-url="/p/20503479001_EA/quickViewProduct" data-product-id="20503479001_EA"  data-product-price="$3.28">
    
	
	
		<span class="subtitle"></span>
	

	<div class="product-page-hotspot">
	    <div class="product-cell quickview-button">
	  	    <div class="product-image ">
                
	  		    <img src="https://assets.shop.loblaws.ca/products/20503479001/b1/en/front/20503479001_front_a01.png" onerror="this.src='https://assets.shop.loblaws.ca/products/NoImage/b1/en/front/NoImage_front_a01_@2.png';" alt="Dutch Crunch Kettle Chips, Original" />
                
	  			    
	  	        
                
                    
                

	  		    

	  		    

	  		    

	  		    <div class="hover-text-container">
	  			    <button href="#" tabindex="0" class="hover-text " aria-label="Quick View for Dutch Crunch Kettle Chips, Original.">Quick View</button>
	  		    </div>
	  	    </div>
	    </div>

	    <div class="product-in-cart">
	  	    <div class="wrapper-product-in-cart">
	  		    <span>
	  			    In Cart
	  		    </span>
	  	    </div>
	    </div>

	    <div class="product-info">
	  	    <div class="product-name-wrapper">
	  		    <a href="/Food/Pantry/Chips-%26-Salty-Snacks/Potato-Chips/Dutch-Crunch-Kettle-Chips%2C-Original/p/20503479001_EA" class="product-name" aria-label="Product page for Dutch Crunch Kettle Chips, Original" >
	  			    <span class="js-product-entry-brand">Old Dutch&nbsp;</span>

	  			    <span class="js-product-entry-subbrand">DUTCH CRUNCH&nbsp;</span>

	  			    <span class="js-product-entry-name">Dutch Crunch Kettle Chips, Original</span>

	  			    <span class="js-product-entry-size-detail">(200 g)</span>

	  		    </a>
	  	    </div>
	  	    
	  	    
	  		    
	  		    
	  			    



	
	
		
		<span class="ad-match-badge  hidden">Ad Match</span>
	

	  				
	  			        
	  					
	  				        
	  					
	  				
	  		    
	  	    

	  	    <div class="price">
			    <div class="price-wrapper no-discount  ">
				    <span class="reg-price  " aria-label="Regular Price: $3.28">
					    <span class="reg-price-text">$3.28</span>
					    
					    <sup class="reg-price-unit">ea</sup>
				    </span>
				    <span class="sale-price hidden" aria-label="Sale Price:">
					    <span class="sale-price-text"></span>
					    <sup class="sale-price-unit">ea</sup>
				    </span>
				    
				    <span class="secondary-price hidden">
					    
					    <span class="secondary-price-text" aria-label="Secondary Price:"></span>
				    </span>
			    </div>
	  	    </div>

	  	    <div class="qty">
	  		    <span class="reg-qty  ">
		
			
		  	
		  		<span class="sr-only">Sale Price Per Unit:</span>
        $1.64
        /
        100
        g
		  	
	  	
	</span>

	<span class="sale-qty hidden">
		
			
		  	
		  		<span class="sr-only">Sale Price Per Unit:</span>
        $1.64
        /
        100
        g
		  	
	  	
	</span>

	<span class="secondary-qty hidden">
		
	  	<span class="secondary-qty-text"></span>
	</span>
	  	    </div>
	    </div>


	    

	    
	</div>
	<form class="form-product  quickview-btn-simple"
	  data-product-id="20503479001_EA"
	  data-min-qty="1.0"
	  data-max-qty="999.0"
	  data-unit-type="ea"
	  data-cart-qty="1"
	  data-default-qty="1"
	  novalidate="novalidate"
	  promoCode=""
	  promoNumber=""
	  data-is-customized="false"
	  data-cart-url="/cart/product/20503479001_EA"
	  data-csrf-token="5582ec01-90c0-448b-b4f7-e2cf68d9f8a0"
	  data-is-weighted-product="false">

	<div class="module-add-to-cart " data-change-type="plus" data-auto-edit="true" data-auto-add="true"
		 data-cart-ajax-url="/cart/updateCart">
		<div class="wrapper-add-to-cart-btn">
					<div class="module-add-to-cart-button-small">
							<button type="button" class="btn btn-secondary btn-add-to-cart " data-auid="add-to-cart-button" data-has-pts-badge="false" aria-label="Add Dutch Crunch Kettle Chips, Original to cart">
										<span class="icon-cart"></span>
										<span class="add-to-cart-text">
											Add</span>
									</button>
									<button type="button" class="btn btn-secondary btn-edit-cart hidden " aria-label="Edit Cart">
										<span class="qty-in-cart"></span>
										<span class="edit-cart-text">
											<spring code="product.edit.text" />"
										</span>
									</button>
								<div class="add-list-parent add-list-module  bottom-add-list-module ">
	<button class="btn btn-inline-link btn-save-to-list  dark is-btn-animated" 
	  data-login-url="/account/login?productCode=20503479001_EA" 
	  data-ajax-url="/restful/lists/all?productCode=20503479001_EA" 
	  data-user-guest="Y" 
	  data-user-guest="Y" data-product-code="20503479001_EA" 
	  data-delete-item="false"
	  aria-label="Add Dutch Crunch Kettle Chips, Original to a List">
	  <span class="glyphicon glyphicon-th-list"></span>
	  <div class="list-cta-text  is-btn-animated">Add to List</div>
	</button>
	 
	<!-- this is the list HTML   -->
	<div class="save-to-list-popup  is-btn-animated animation-up dark" 
	  data-save-to-list-error="Can not get lists at this time. Please try again later."
	  data-product-name="Dutch Crunch Kettle Chips, Original">
	  <div class="inner-container">
	  </div>
	  
	</div>
</div>

</div>
				</div>
			</div>


	<div class="module-plus-minus-buttons small hidden ">
			<button type="button" class="btn cart-change-qty" data-change-type="minus" data-auid="decrease-product-quantity" alt="Minus" aria-label="Minus">
				<span class="icon-minimize"></span>
			</button>
			<div class="plus-minus-input-wrapper">
				<input class="input-qty cart-change-qty" aria-label="Enter manual quantity" type="text" name="qty" title="Change quantity in cart"
							data-unit-type="ea"
							value="1ea" data-change-type="equals"
							maxlength="7">

						<span class="input-qty-pretty">
							<span class="input-qty-pretty-value">1</span>
							<span class="input-qty-pretty-unit"></span>
						</span>
					</div>

			<button type="button" class="btn cart-change-qty" data-change-type="plus" data-auid="increase-product-quantity" alt="Plus" aria-label="Plus">
				<span class="icon-plus-sign"></span>
			</button>

			<p class="deal-limit-reached hidden">Deal Limit Reached</p>

			<div class="tooltip-qty-error tooltip-qty-limit hidden">
				<p>
					Limit to
					&nbsp;
					999
					&nbsp;each&nbsp;
					per customer.</p>
			</div>
			<div class="tooltip-qty-error tooltip-round-error hidden">
				<p>
					We do not have this in the weight you wanted. We've rounded your order to the nearest weight increment we stock.</p>
			</div>
		</div>
	</form>

<!-- End Template: AddToCartSmall -->

</div>
</div>
<div class="item">
		









































	
	
		
		
		
		
			
		
	





























<div class="module-grocery-product quickview-simple  clicked" data-quickview-ajax-url="/p/20797306001_EA/quickViewProduct" data-product-id="20797306001_EA"  data-product-price="$1.69">
    
	
	
		<span class="subtitle"></span>
	

	<div class="product-page-hotspot">
	    <div class="product-cell quickview-button">
	  	    <div class="product-image ">
                
	  		    <img src="https://assets.shop.loblaws.ca/products/20797306001/b1/en/front/20797306001_front_a01.png" onerror="this.src='https://assets.shop.loblaws.ca/products/NoImage/b1/en/front/NoImage_front_a01_@2.png';" alt="Potato Chips, Classic" />
                
	  			    
	  	        
                
                    
                

	  		    

	  		    

	  		    

	  		    <div class="hover-text-container">
	  			    <button href="#" tabindex="0" class="hover-text " aria-label="Quick View for Potato Chips, Classic.">Quick View</button>
	  		    </div>
	  	    </div>
	    </div>

	    <div class="product-in-cart">
	  	    <div class="wrapper-product-in-cart">
	  		    <span>
	  			    In Cart
	  		    </span>
	  	    </div>
	    </div>

	    <div class="product-info">
	  	    <div class="product-name-wrapper">
	  		    <a href="/Food/Pantry/Chips-%26-Salty-Snacks/Potato-Chips/Potato-Chips%2C-Classic/p/20797306001_EA" class="product-name" aria-label="Product page for Potato Chips, Classic" >
	  			    <span class="js-product-entry-brand">Lay's&nbsp;</span>

	  			    

	  			    <span class="js-product-entry-name">Potato Chips, Classic</span>

	  			    <span class="js-product-entry-size-detail">(66 g)</span>

	  		    </a>
	  	    </div>
	  	    
	  	    
	  		    
	  		    
	  			    



	
	
		
		<span class="ad-match-badge  hidden">Ad Match</span>
	

	  				
	  			        
	  					
	  				        
	  					
	  				
	  		    
	  	    

	  	    <div class="price">
			    <div class="price-wrapper no-discount  ">
				    <span class="reg-price  " aria-label="Regular Price: $1.69">
					    <span class="reg-price-text">$1.69</span>
					    
					    <sup class="reg-price-unit">ea</sup>
				    </span>
				    <span class="sale-price hidden" aria-label="Sale Price:">
					    <span class="sale-price-text"></span>
					    <sup class="sale-price-unit">ea</sup>
				    </span>
				    
				    <span class="secondary-price hidden">
					    
					    <span class="secondary-price-text" aria-label="Secondary Price:"></span>
				    </span>
			    </div>
	  	    </div>

	  	    <div class="qty">
	  		    <span class="reg-qty  ">
		
			
		  	
		  		<span class="sr-only">Sale Price Per Unit:</span>
        $2.56
        /
        100
        g
		  	
	  	
	</span>

	<span class="sale-qty hidden">
		
			
		  	
		  		<span class="sr-only">Sale Price Per Unit:</span>
        $2.56
        /
        100
        g
		  	
	  	
	</span>

	<span class="secondary-qty hidden">
		
	  	<span class="secondary-qty-text"></span>
	</span>
	  	    </div>
	    </div>


	    

	    
	</div>
	<form class="form-product  quickview-btn-simple"
	  data-product-id="20797306001_EA"
	  data-min-qty="1.0"
	  data-max-qty="999.0"
	  data-unit-type="ea"
	  data-cart-qty="1"
	  data-default-qty="1"
	  novalidate="novalidate"
	  promoCode=""
	  promoNumber=""
	  data-is-customized="false"
	  data-cart-url="/cart/product/20797306001_EA"
	  data-csrf-token="5582ec01-90c0-448b-b4f7-e2cf68d9f8a0"
	  data-is-weighted-product="false">

	<div class="module-add-to-cart " data-change-type="plus" data-auto-edit="true" data-auto-add="true"
		 data-cart-ajax-url="/cart/updateCart">
		<div class="wrapper-add-to-cart-btn">
					<div class="module-add-to-cart-button-small">
							<button type="button" class="btn btn-secondary btn-add-to-cart " data-auid="add-to-cart-button" data-has-pts-badge="false" aria-label="Add Potato Chips, Classic to cart">
										<span class="icon-cart"></span>
										<span class="add-to-cart-text">
											Add</span>
									</button>
									<button type="button" class="btn btn-secondary btn-edit-cart hidden " aria-label="Edit Cart">
										<span class="qty-in-cart"></span>
										<span class="edit-cart-text">
											<spring code="product.edit.text" />"
										</span>
									</button>
								<div class="add-list-parent add-list-module  bottom-add-list-module ">
	<button class="btn btn-inline-link btn-save-to-list  dark is-btn-animated" 
	  data-login-url="/account/login?productCode=20797306001_EA" 
	  data-ajax-url="/restful/lists/all?productCode=20797306001_EA" 
	  data-user-guest="Y" 
	  data-user-guest="Y" data-product-code="20797306001_EA" 
	  data-delete-item="false"
	  aria-label="Add Potato Chips, Classic to a List">
	  <span class="glyphicon glyphicon-th-list"></span>
	  <div class="list-cta-text  is-btn-animated">Add to List</div>
	</button>
	 
	<!-- this is the list HTML   -->
	<div class="save-to-list-popup  is-btn-animated animation-up dark" 
	  data-save-to-list-error="Can not get lists at this time. Please try again later."
	  data-product-name="Potato Chips, Classic">
	  <div class="inner-container">
	  </div>
	  
	</div>
</div>

</div>
				</div>
			</div>


	<div class="module-plus-minus-buttons small hidden ">
			<button type="button" class="btn cart-change-qty" data-change-type="minus" data-auid="decrease-product-quantity" alt="Minus" aria-label="Minus">
				<span class="icon-minimize"></span>
			</button>
			<div class="plus-minus-input-wrapper">
				<input class="input-qty cart-change-qty" aria-label="Enter manual quantity" type="text" name="qty" title="Change quantity in cart"
							data-unit-type="ea"
							value="1ea" data-change-type="equals"
							maxlength="7">

						<span class="input-qty-pretty">
							<span class="input-qty-pretty-value">1</span>
							<span class="input-qty-pretty-unit"></span>
						</span>
					</div>

			<button type="button" class="btn cart-change-qty" data-change-type="plus" data-auid="increase-product-quantity" alt="Plus" aria-label="Plus">
				<span class="icon-plus-sign"></span>
			</button>

			<p class="deal-limit-reached hidden">Deal Limit Reached</p>

			<div class="tooltip-qty-error tooltip-qty-limit hidden">
				<p>
					Limit to
					&nbsp;
					999
					&nbsp;each&nbsp;
					per customer.</p>
			</div>
			<div class="tooltip-qty-error tooltip-round-error hidden">
				<p>
					We do not have this in the weight you wanted. We've rounded your order to the nearest weight increment we stock.</p>
			</div>
		</div>
	</form>

<!-- End Template: AddToCartSmall -->

</div>
</div>
<div class="item">
		









































	
	
		
		
		
		
			
		
	





























<div class="module-grocery-product quickview-simple  clicked" data-quickview-ajax-url="/p/20946463_EA/quickViewProduct" data-product-id="20946463_EA"  data-product-price="$1.28">
    
	
	
		<span class="subtitle"></span>
	

	<div class="product-page-hotspot">
	    <div class="product-cell quickview-button">
	  	    <div class="product-image ">
                
	  		    <img src="https://assets.shop.loblaws.ca/products/20946463/b1/en/front/20946463_front_a01.png" onerror="this.src='https://assets.shop.loblaws.ca/products/NoImage/b1/en/front/NoImage_front_a01_@2.png';" alt="Potato Crisps, BBQ" />
                
	  			    
	  			        <span class="sticker deal">
	  				        <span class="deal-badge">
	  				            
	  			                
	  				            

	  				            <span class="module-deal-badge module-deal-badge-grid simple-save-unit "
	  						        data-deal-type="3 FOR $3.45"
	  						        data-ajax-promo-url="/simpleDeal/deals/product-tile?productCode=20946463_EA"
	  						        data-deal-id="20946463_EA">
	  						        <span class="deal-type">3 FOR $3.45</span>
	  						            








	<span class="deal-expiry">
		Exp. 12/31
	</span>

	  					                
	  				            </span>
	  			            </span>
	  		            </span>
	  			        
	  	            
	  	        
                
                    
                

	  		    

	  		    

	  		    

	  		    <div class="hover-text-container">
	  			    <button href="#" tabindex="0" class="hover-text " aria-label="Quick View for Potato Crisps, BBQ.">Quick View</button>
	  		    </div>
	  	    </div>
	    </div>

	    <div class="product-in-cart">
	  	    <div class="wrapper-product-in-cart">
	  		    <span>
	  			    In Cart
	  		    </span>
	  	    </div>
	    </div>

	    <div class="product-info">
	  	    <div class="product-name-wrapper">
	  		    <a href="/Food/Pantry/Chips-%26-Salty-Snacks/Potato-Chips/No-Name-Potato-Crisps%2C-BBQ/p/20946463_EA" class="product-name" aria-label="Product page for Potato Crisps, BBQ" >
	  			    <span class="js-product-entry-brand">No Name&nbsp;</span>

	  			    

	  			    <span class="js-product-entry-name">Potato Crisps, BBQ</span>

	  			    <span class="js-product-entry-size-detail">(142 g)</span>

	  		    </a>
	  	    </div>
	  	    
	  	    
	  		    
	  		    
	  			    



	
	
		
		<span class="ad-match-badge  hidden">Ad Match</span>
	

	  				
	  			        
	  					
	  				        
	  					
	  				
	  		    
	  	    

	  	    <div class="price">
			    <div class="price-wrapper no-discount  ">
				    <span class="reg-price  " aria-label="Regular Price: $1.28">
					    <span class="reg-price-text">$1.28</span>
					    
					    <sup class="reg-price-unit">ea</sup>
				    </span>
				    <span class="sale-price hidden" aria-label="Sale Price:">
					    <span class="sale-price-text"></span>
					    <sup class="sale-price-unit">ea</sup>
				    </span>
				    
				    <span class="secondary-price hidden">
					    
					    <span class="secondary-price-text" aria-label="Secondary Price:"></span>
				    </span>
			    </div>
	  	    </div>

	  	    <div class="qty">
	  		    <span class="reg-qty  ">
		
			
		  	
		  		<span class="sr-only">Sale Price Per Unit:</span>
        $0.90
        /
        100
        g
		  	
	  	
	</span>

	<span class="sale-qty hidden">
		
			
		  	
		  		<span class="sr-only">Sale Price Per Unit:</span>
        $0.90
        /
        100
        g
		  	
	  	
	</span>

	<span class="secondary-qty hidden">
		
	  	<span class="secondary-qty-text"></span>
	</span>
	  	    </div>
	    </div>


	    

	    
	</div>
	<form class="form-product  quickview-btn-simple"
	  data-product-id="20946463_EA"
	  data-min-qty="1.0"
	  data-max-qty="999.0"
	  data-unit-type="ea"
	  data-cart-qty="1"
	  data-default-qty="1"
	  novalidate="novalidate"
	  promoCode=""
	  promoNumber=""
	  data-is-customized="false"
	  data-cart-url="/cart/product/20946463_EA"
	  data-csrf-token="5582ec01-90c0-448b-b4f7-e2cf68d9f8a0"
	  data-is-weighted-product="false">

	<div class="module-add-to-cart " data-change-type="plus" data-auto-edit="true" data-auto-add="true"
		 data-cart-ajax-url="/cart/updateCart">
		<div class="wrapper-add-to-cart-btn">
					<div class="module-add-to-cart-button-small">
							<button type="button" class="btn btn-secondary btn-add-to-cart " data-auid="add-to-cart-button" data-has-pts-badge="false" aria-label="Add Potato Crisps, BBQ to cart">
										<span class="icon-cart"></span>
										<span class="add-to-cart-text">
											Add</span>
									</button>
									<button type="button" class="btn btn-secondary btn-edit-cart hidden " aria-label="Edit Cart">
										<span class="qty-in-cart"></span>
										<span class="edit-cart-text">
											<spring code="product.edit.text" />"
										</span>
									</button>
								<div class="add-list-parent add-list-module  bottom-add-list-module ">
	<button class="btn btn-inline-link btn-save-to-list  dark is-btn-animated" 
	  data-login-url="/account/login?productCode=20946463_EA" 
	  data-ajax-url="/restful/lists/all?productCode=20946463_EA" 
	  data-user-guest="Y" 
	  data-user-guest="Y" data-product-code="20946463_EA" 
	  data-delete-item="false"
	  aria-label="Add Potato Crisps, BBQ to a List">
	  <span class="glyphicon glyphicon-th-list"></span>
	  <div class="list-cta-text  is-btn-animated">Add to List</div>
	</button>
	 
	<!-- this is the list HTML   -->
	<div class="save-to-list-popup  is-btn-animated animation-up dark" 
	  data-save-to-list-error="Can not get lists at this time. Please try again later."
	  data-product-name="Potato Crisps, BBQ">
	  <div class="inner-container">
	  </div>
	  
	</div>
</div>

</div>
				</div>
			</div>


	<div class="module-plus-minus-buttons small hidden ">
			<button type="button" class="btn cart-change-qty" data-change-type="minus" data-auid="decrease-product-quantity" alt="Minus" aria-label="Minus">
				<span class="icon-minimize"></span>
			</button>
			<div class="plus-minus-input-wrapper">
				<input class="input-qty cart-change-qty" aria-label="Enter manual quantity" type="text" name="qty" title="Change quantity in cart"
							data-unit-type="ea"
							value="1ea" data-change-type="equals"
							maxlength="7">

						<span class="input-qty-pretty">
							<span class="input-qty-pretty-value">1</span>
							<span class="input-qty-pretty-unit"></span>
						</span>
					</div>

			<button type="button" class="btn cart-change-qty" data-change-type="plus" data-auid="increase-product-quantity" alt="Plus" aria-label="Plus">
				<span class="icon-plus-sign"></span>
			</button>

			<p class="deal-limit-reached hidden">Deal Limit Reached</p>

			<div class="tooltip-qty-error tooltip-qty-limit hidden">
				<p>
					Limit to
					&nbsp;
					999
					&nbsp;each&nbsp;
					per customer.</p>
			</div>
			<div class="tooltip-qty-error tooltip-round-error hidden">
				<p>
					We do not have this in the weight you wanted. We've rounded your order to the nearest weight increment we stock.</p>
			</div>
		</div>
	</form>

<!-- End Template: AddToCartSmall -->

</div>
</div>
<div class="item">
		









































	
	
		
		
		
		
			
		
	





























<div class="module-grocery-product quickview-simple  clicked" data-quickview-ajax-url="/p/21028591_EA/quickViewProduct" data-product-id="21028591_EA"  data-product-price="$3.28">
    
	
	
		<span class="subtitle"></span>
	

	<div class="product-page-hotspot">
	    <div class="product-cell quickview-button">
	  	    <div class="product-image ">
                
	  		    <img src="https://assets.shop.loblaws.ca/products/21028591/b1/en/front/21028591_front_a01.png" onerror="this.src='https://assets.shop.loblaws.ca/products/NoImage/b1/en/front/NoImage_front_a01_@2.png';" alt="Ridges Potato Chips, Tangy BBQ" />
                
	  			    
	  			        <span class="sticker deal">
	  				        <span class="deal-badge">
	  				            
	  			                
	  				            

	  				            <span class="module-deal-badge module-deal-badge-grid simple-save-unit "
	  						        data-deal-type="2 FOR $5.90"
	  						        data-ajax-promo-url="/simpleDeal/deals/product-tile?productCode=21028591_EA"
	  						        data-deal-id="21028591_EA">
	  						        <span class="deal-type">2 FOR $5.90</span>
	  						            








	<span class="deal-expiry">
		Exp. 12/31
	</span>

	  					                
	  				            </span>
	  			            </span>
	  		            </span>
	  			        
	  	            
	  	        
                
                    
                

	  		    

	  		    

	  		    

	  		    <div class="hover-text-container">
	  			    <button href="#" tabindex="0" class="hover-text " aria-label="Quick View for Ridges Potato Chips, Tangy BBQ.">Quick View</button>
	  		    </div>
	  	    </div>
	    </div>

	    <div class="product-in-cart">
	  	    <div class="wrapper-product-in-cart">
	  		    <span>
	  			    In Cart
	  		    </span>
	  	    </div>
	    </div>

	    <div class="product-info">
	  	    <div class="product-name-wrapper">
	  		    <a href="/Food/Pantry/Chips-%26-Salty-Snacks/Potato-Chips/Popchips-Ridges-Potato-Chips%2C-Tangy-BBQ/p/21028591_EA" class="product-name" aria-label="Product page for Ridges Potato Chips, Tangy BBQ" >
	  			    <span class="js-product-entry-brand">Popchips&nbsp;</span>

	  			    

	  			    <span class="js-product-entry-name">Ridges Potato Chips, Tangy BBQ</span>

	  			    <span class="js-product-entry-size-detail">(85 g)</span>

	  		    </a>
	  	    </div>
	  	    
	  	    
	  		    
	  		    
	  			    



	
	
		
		<span class="ad-match-badge  hidden">Ad Match</span>
	

	  				
	  			        
	  					
	  				        
	  					
	  				
	  		    
	  	    

	  	    <div class="price">
			    <div class="price-wrapper no-discount  ">
				    <span class="reg-price  " aria-label="Regular Price: $3.28">
					    <span class="reg-price-text">$3.28</span>
					    
					    <sup class="reg-price-unit">ea</sup>
				    </span>
				    <span class="sale-price hidden" aria-label="Sale Price:">
					    <span class="sale-price-text"></span>
					    <sup class="sale-price-unit">ea</sup>
				    </span>
				    
				    <span class="secondary-price hidden">
					    
					    <span class="secondary-price-text" aria-label="Secondary Price:"></span>
				    </span>
			    </div>
	  	    </div>

	  	    <div class="qty">
	  		    <span class="reg-qty  ">
		
			
		  	
		  		<span class="sr-only">Sale Price Per Unit:</span>
        $3.86
        /
        100
        g
		  	
	  	
	</span>

	<span class="sale-qty hidden">
		
			
		  	
		  		<span class="sr-only">Sale Price Per Unit:</span>
        $3.86
        /
        100
        g
		  	
	  	
	</span>

	<span class="secondary-qty hidden">
		
	  	<span class="secondary-qty-text"></span>
	</span>
	  	    </div>
	    </div>


	    

	    
	</div>
	<form class="form-product  quickview-btn-simple"
	  data-product-id="21028591_EA"
	  data-min-qty="1.0"
	  data-max-qty="999.0"
	  data-unit-type="ea"
	  data-cart-qty="1"
	  data-default-qty="1"
	  novalidate="novalidate"
	  promoCode=""
	  promoNumber=""
	  data-is-customized="false"
	  data-cart-url="/cart/product/21028591_EA"
	  data-csrf-token="5582ec01-90c0-448b-b4f7-e2cf68d9f8a0"
	  data-is-weighted-product="false">

	<div class="module-add-to-cart " data-change-type="plus" data-auto-edit="true" data-auto-add="true"
		 data-cart-ajax-url="/cart/updateCart">
		<div class="wrapper-add-to-cart-btn">
					<div class="module-add-to-cart-button-small">
							<button type="button" class="btn btn-secondary btn-add-to-cart " data-auid="add-to-cart-button" data-has-pts-badge="false" aria-label="Add Ridges Potato Chips, Tangy BBQ to cart">
										<span class="icon-cart"></span>
										<span class="add-to-cart-text">
											Add</span>
									</button>
									<button type="button" class="btn btn-secondary btn-edit-cart hidden " aria-label="Edit Cart">
										<span class="qty-in-cart"></span>
										<span class="edit-cart-text">
											<spring code="product.edit.text" />"
										</span>
									</button>
								<div class="add-list-parent add-list-module  bottom-add-list-module ">
	<button class="btn btn-inline-link btn-save-to-list  dark is-btn-animated" 
	  data-login-url="/account/login?productCode=21028591_EA" 
	  data-ajax-url="/restful/lists/all?productCode=21028591_EA" 
	  data-user-guest="Y" 
	  data-user-guest="Y" data-product-code="21028591_EA" 
	  data-delete-item="false"
	  aria-label="Add Ridges Potato Chips, Tangy BBQ to a List">
	  <span class="glyphicon glyphicon-th-list"></span>
	  <div class="list-cta-text  is-btn-animated">Add to List</div>
	</button>
	 
	<!-- this is the list HTML   -->
	<div class="save-to-list-popup  is-btn-animated animation-up dark" 
	  data-save-to-list-error="Can not get lists at this time. Please try again later."
	  data-product-name="Ridges Potato Chips, Tangy BBQ">
	  <div class="inner-container">
	  </div>
	  
	</div>
</div>

</div>
				</div>
			</div>


	<div class="module-plus-minus-buttons small hidden ">
			<button type="button" class="btn cart-change-qty" data-change-type="minus" data-auid="decrease-product-quantity" alt="Minus" aria-label="Minus">
				<span class="icon-minimize"></span>
			</button>
			<div class="plus-minus-input-wrapper">
				<input class="input-qty cart-change-qty" aria-label="Enter manual quantity" type="text" name="qty" title="Change quantity in cart"
							data-unit-type="ea"
							value="1ea" data-change-type="equals"
							maxlength="7">

						<span class="input-qty-pretty">
							<span class="input-qty-pretty-value">1</span>
							<span class="input-qty-pretty-unit"></span>
						</span>
					</div>

			<button type="button" class="btn cart-change-qty" data-change-type="plus" data-auid="increase-product-quantity" alt="Plus" aria-label="Plus">
				<span class="icon-plus-sign"></span>
			</button>

			<p class="deal-limit-reached hidden">Deal Limit Reached</p>

			<div class="tooltip-qty-error tooltip-qty-limit hidden">
				<p>
					Limit to
					&nbsp;
					999
					&nbsp;each&nbsp;
					per customer.</p>
			</div>
			<div class="tooltip-qty-error tooltip-round-error hidden">
				<p>
					We do not have this in the weight you wanted. We've rounded your order to the nearest weight increment we stock.</p>
			</div>
		</div>
	</form>

<!-- End Template: AddToCartSmall -->

</div>
</div>
<div class="item">
		






































	


	



	
	
		
		
		
		
			
		
	





























<div class="module-grocery-product quickview-simple  clicked" data-quickview-ajax-url="/p/20810497001_EA/quickViewProduct" data-product-id="20810497001_EA"  data-product-price="$1.68">
    
	
	
		<span class="subtitle"></span>
	

	<div class="product-page-hotspot">
	    <div class="product-cell quickview-button">
	  	    <div class="product-image ">
                
	  		    <img src="https://assets.shop.loblaws.ca/products/20810497001/b1/en/front/20810497001_front_a01.png" onerror="this.src='https://assets.shop.loblaws.ca/products/NoImage/b1/en/front/NoImage_front_a01_@2.png';" alt="Kettle Cooked Potato Chips, Original" />
                
	  			    
	  			        <span class="sticker deal">
	  				        <span class="deal-badge">
	  				            
	  			                
	  				            

	  				            <span class="module-deal-badge module-deal-badge-grid simple-save-unit "
	  						        data-deal-type="SAVE $0.80"
	  						        data-ajax-promo-url="/simpleDeal/deals/product-tile?productCode=20810497001_EA"
	  						        data-deal-id="20810497001_EA">
	  						        <span class="deal-type">SAVE $0.80</span>
	  						            








	<span class="deal-expiry">
		Exp. 01/03
	</span>

	  					                
	  				            </span>
	  			            </span>
	  		            </span>
	  			        
	  	            
	  	        
                
                    
                

	  		    

	  		    

	  		    

	  		    <div class="hover-text-container">
	  			    <button href="#" tabindex="0" class="hover-text " aria-label="Quick View for Kettle Cooked Potato Chips, Original.">Quick View</button>
	  		    </div>
	  	    </div>
	    </div>

	    <div class="product-in-cart">
	  	    <div class="wrapper-product-in-cart">
	  		    <span>
	  			    In Cart
	  		    </span>
	  	    </div>
	    </div>

	    <div class="product-info">
	  	    <div class="product-name-wrapper">
	  		    <a href="/Food/Pantry/Chips-%26-Salty-Snacks/Potato-Chips/Kettle-Cooked-Potato-Chips%2C-Original/p/20810497001_EA" class="product-name" aria-label="Product page for Kettle Cooked Potato Chips, Original" >
	  			    <span class="js-product-entry-brand">President's Choice&nbsp;</span>

	  			    

	  			    <span class="js-product-entry-name">Kettle Cooked Potato Chips, Original</span>

	  			    <span class="js-product-entry-size-detail">(220 g)</span>

	  		    </a>
	  	    </div>
	  	    
	  	    
	  		    
	  		    
	  			    



	
	
		
		<span class="ad-match-badge  hidden">Ad Match</span>
	

	  				
	  			        
	  					
	  				        
	  					
	  				
	  		    
	  	    

	  	    <div class="price">
			    <div class="price-wrapper discount promo-alert ">
				    <span class="reg-price  price-alert" aria-label="Regular Price: $1.68">
					    <span class="reg-price-text">$1.68</span>
					    
					    <sup class="reg-price-unit">ea</sup>
				    </span>
				    <span class="sale-price hidden" aria-label="Sale Price:">
					    <span class="sale-price-text"></span>
					    <sup class="sale-price-unit">ea</sup>
				    </span>
				    
					    <span class="old-price" aria-label="Original Price: $2.48">
						    <span class="old-price-text">$2.48</span>
					    </span>
				    
				    <span class="secondary-price hidden">
					    
					    <span class="secondary-price-text" aria-label="Secondary Price:"></span>
				    </span>
			    </div>
	  	    </div>

	  	    <div class="qty">
	  		    <span class="reg-qty  price-alert">
		
			
		  	
		  		<span class="sr-only">Sale Price Per Unit:</span>
        $0.76
        /
        100
        g
		  	
	  	
	</span>

	<span class="sale-qty hidden">
		
			
		  	
		  		<span class="sr-only">Sale Price Per Unit:</span>
        $0.76
        /
        100
        g
		  	
	  	
	</span>

	<span class="secondary-qty hidden">
		
	  	<span class="secondary-qty-text"></span>
	</span>
	  	    </div>
	    </div>


	    

	    
	</div>
	<form class="form-product  quickview-btn-simple"
	  data-product-id="20810497001_EA"
	  data-min-qty="1.0"
	  data-max-qty="999.0"
	  data-unit-type="ea"
	  data-cart-qty="1"
	  data-default-qty="1"
	  novalidate="novalidate"
	  promoCode=""
	  promoNumber=""
	  data-is-customized="false"
	  data-cart-url="/cart/product/20810497001_EA"
	  data-csrf-token="5582ec01-90c0-448b-b4f7-e2cf68d9f8a0"
	  data-is-weighted-product="false">

	<div class="module-add-to-cart " data-change-type="plus" data-auto-edit="true" data-auto-add="true"
		 data-cart-ajax-url="/cart/updateCart">
		<div class="wrapper-add-to-cart-btn">
					<div class="module-add-to-cart-button-small">
							<button type="button" class="btn btn-secondary btn-add-to-cart " data-auid="add-to-cart-button" data-has-pts-badge="false" aria-label="Add Kettle Cooked Potato Chips, Original to cart">
										<span class="icon-cart"></span>
										<span class="add-to-cart-text">
											Add</span>
									</button>
									<button type="button" class="btn btn-secondary btn-edit-cart hidden " aria-label="Edit Cart">
										<span class="qty-in-cart"></span>
										<span class="edit-cart-text">
											<spring code="product.edit.text" />"
										</span>
									</button>
								<div class="add-list-parent add-list-module  bottom-add-list-module ">
	<button class="btn btn-inline-link btn-save-to-list  dark is-btn-animated" 
	  data-login-url="/account/login?productCode=20810497001_EA" 
	  data-ajax-url="/restful/lists/all?productCode=20810497001_EA" 
	  data-user-guest="Y" 
	  data-user-guest="Y" data-product-code="20810497001_EA" 
	  data-delete-item="false"
	  aria-label="Add Kettle Cooked Potato Chips, Original to a List">
	  <span class="glyphicon glyphicon-th-list"></span>
	  <div class="list-cta-text  is-btn-animated">Add to List</div>
	</button>
	 
	<!-- this is the list HTML   -->
	<div class="save-to-list-popup  is-btn-animated animation-up dark" 
	  data-save-to-list-error="Can not get lists at this time. Please try again later."
	  data-product-name="Kettle Cooked Potato Chips, Original">
	  <div class="inner-container">
	  </div>
	  
	</div>
</div>

</div>
				</div>
			</div>


	<div class="module-plus-minus-buttons small hidden ">
			<button type="button" class="btn cart-change-qty" data-change-type="minus" data-auid="decrease-product-quantity" alt="Minus" aria-label="Minus">
				<span class="icon-minimize"></span>
			</button>
			<div class="plus-minus-input-wrapper">
				<input class="input-qty cart-change-qty" aria-label="Enter manual quantity" type="text" name="qty" title="Change quantity in cart"
							data-unit-type="ea"
							value="1ea" data-change-type="equals"
							maxlength="7">

						<span class="input-qty-pretty">
							<span class="input-qty-pretty-value">1</span>
							<span class="input-qty-pretty-unit"></span>
						</span>
					</div>

			<button type="button" class="btn cart-change-qty" data-change-type="plus" data-auid="increase-product-quantity" alt="Plus" aria-label="Plus">
				<span class="icon-plus-sign"></span>
			</button>

			<p class="deal-limit-reached hidden">Deal Limit Reached</p>

			<div class="tooltip-qty-error tooltip-qty-limit hidden">
				<p>
					Limit to
					&nbsp;
					999
					&nbsp;each&nbsp;
					per customer.</p>
			</div>
			<div class="tooltip-qty-error tooltip-round-error hidden">
				<p>
					We do not have this in the weight you wanted. We've rounded your order to the nearest weight increment we stock.</p>
			</div>
		</div>
	</form>

<!-- End Template: AddToCartSmall -->

</div>
</div>
<div class="item">
		









































	
	
		
		
		
		
			
		
	





























<div class="module-grocery-product quickview-simple  clicked" data-quickview-ajax-url="/p/20943744_EA/quickViewProduct" data-product-id="20943744_EA"  data-product-price="$3.18">
    
	
	
		<span class="subtitle"></span>
	

	<div class="product-page-hotspot">
	    <div class="product-cell quickview-button">
	  	    <div class="product-image ">
                
	  		    <img src="https://assets.shop.loblaws.ca/products/20943744/b1/en/front/20943744_front_a01.png" onerror="this.src='https://assets.shop.loblaws.ca/products/NoImage/b1/en/front/NoImage_front_a01_@2.png';" alt="Tortilla Chips, Sweet Chili Heat!" />
                
	  			    
	  	        
                
                    
                

	  		    

	  		    

	  		    

	  		    <div class="hover-text-container">
	  			    <button href="#" tabindex="0" class="hover-text " aria-label="Quick View for Tortilla Chips, Sweet Chili Heat!.">Quick View</button>
	  		    </div>
	  	    </div>
	    </div>

	    <div class="product-in-cart">
	  	    <div class="wrapper-product-in-cart">
	  		    <span>
	  			    In Cart
	  		    </span>
	  	    </div>
	    </div>

	    <div class="product-info">
	  	    <div class="product-name-wrapper">
	  		    <a href="/Food/Pantry/Chips-%26-Salty-Snacks/Pretzels-%26-Snack-Mixes/Doritos-Tortilla-Chips%2C-Sweet-Chili-Heat%21/p/20943744_EA" class="product-name" aria-label="Product page for Tortilla Chips, Sweet Chili Heat!" >
	  			    <span class="js-product-entry-brand">Doritos&nbsp;</span>

	  			    

	  			    <span class="js-product-entry-name">Tortilla Chips, Sweet Chili Heat!</span>

	  			    <span class="js-product-entry-size-detail">(255 g)</span>

	  		    </a>
	  	    </div>
	  	    
	  	    
	  		    
	  		    
	  			    



	
	
		
		<span class="ad-match-badge  hidden">Ad Match</span>
	

	  				
	  			        
	  					
	  				        
	  					
	  				
	  		    
	  	    

	  	    <div class="price">
			    <div class="price-wrapper no-discount  ">
				    <span class="reg-price  " aria-label="Regular Price: $3.18">
					    <span class="reg-price-text">$3.18</span>
					    
					    <sup class="reg-price-unit">ea</sup>
				    </span>
				    <span class="sale-price hidden" aria-label="Sale Price:">
					    <span class="sale-price-text"></span>
					    <sup class="sale-price-unit">ea</sup>
				    </span>
				    
				    <span class="secondary-price hidden">
					    
					    <span class="secondary-price-text" aria-label="Secondary Price:"></span>
				    </span>
			    </div>
	  	    </div>

	  	    <div class="qty">
	  		    <span class="reg-qty  ">
		
			
		  	
		  		<span class="sr-only">Sale Price Per Unit:</span>
        $1.25
        /
        100
        g
		  	
	  	
	</span>

	<span class="sale-qty hidden">
		
			
		  	
		  		<span class="sr-only">Sale Price Per Unit:</span>
        $1.25
        /
        100
        g
		  	
	  	
	</span>

	<span class="secondary-qty hidden">
		
	  	<span class="secondary-qty-text"></span>
	</span>
	  	    </div>
	    </div>


	    

	    
	</div>
	<form class="form-product  quickview-btn-simple"
	  data-product-id="20943744_EA"
	  data-min-qty="1.0"
	  data-max-qty="999.0"
	  data-unit-type="ea"
	  data-cart-qty="1"
	  data-default-qty="1"
	  novalidate="novalidate"
	  promoCode=""
	  promoNumber=""
	  data-is-customized="false"
	  data-cart-url="/cart/product/20943744_EA"
	  data-csrf-token="5582ec01-90c0-448b-b4f7-e2cf68d9f8a0"
	  data-is-weighted-product="false">

	<div class="module-add-to-cart " data-change-type="plus" data-auto-edit="true" data-auto-add="true"
		 data-cart-ajax-url="/cart/updateCart">
		<div class="wrapper-add-to-cart-btn">
					<div class="module-add-to-cart-button-small">
							<button type="button" class="btn btn-secondary btn-add-to-cart " data-auid="add-to-cart-button" data-has-pts-badge="false" aria-label="Add Tortilla Chips, Sweet Chili Heat! to cart">
										<span class="icon-cart"></span>
										<span class="add-to-cart-text">
											Add</span>
									</button>
									<button type="button" class="btn btn-secondary btn-edit-cart hidden " aria-label="Edit Cart">
										<span class="qty-in-cart"></span>
										<span class="edit-cart-text">
											<spring code="product.edit.text" />"
										</span>
									</button>
								<div class="add-list-parent add-list-module  bottom-add-list-module ">
	<button class="btn btn-inline-link btn-save-to-list  dark is-btn-animated" 
	  data-login-url="/account/login?productCode=20943744_EA" 
	  data-ajax-url="/restful/lists/all?productCode=20943744_EA" 
	  data-user-guest="Y" 
	  data-user-guest="Y" data-product-code="20943744_EA" 
	  data-delete-item="false"
	  aria-label="Add Tortilla Chips, Sweet Chili Heat! to a List">
	  <span class="glyphicon glyphicon-th-list"></span>
	  <div class="list-cta-text  is-btn-animated">Add to List</div>
	</button>
	 
	<!-- this is the list HTML   -->
	<div class="save-to-list-popup  is-btn-animated animation-up dark" 
	  data-save-to-list-error="Can not get lists at this time. Please try again later."
	  data-product-name="Tortilla Chips, Sweet Chili Heat!">
	  <div class="inner-container">
	  </div>
	  
	</div>
</div>

</div>
				</div>
			</div>


	<div class="module-plus-minus-buttons small hidden ">
			<button type="button" class="btn cart-change-qty" data-change-type="minus" data-auid="decrease-product-quantity" alt="Minus" aria-label="Minus">
				<span class="icon-minimize"></span>
			</button>
			<div class="plus-minus-input-wrapper">
				<input class="input-qty cart-change-qty" aria-label="Enter manual quantity" type="text" name="qty" title="Change quantity in cart"
							data-unit-type="ea"
							value="1ea" data-change-type="equals"
							maxlength="7">

						<span class="input-qty-pretty">
							<span class="input-qty-pretty-value">1</span>
							<span class="input-qty-pretty-unit"></span>
						</span>
					</div>

			<button type="button" class="btn cart-change-qty" data-change-type="plus" data-auid="increase-product-quantity" alt="Plus" aria-label="Plus">
				<span class="icon-plus-sign"></span>
			</button>

			<p class="deal-limit-reached hidden">Deal Limit Reached</p>

			<div class="tooltip-qty-error tooltip-qty-limit hidden">
				<p>
					Limit to
					&nbsp;
					999
					&nbsp;each&nbsp;
					per customer.</p>
			</div>
			<div class="tooltip-qty-error tooltip-round-error hidden">
				<p>
					We do not have this in the weight you wanted. We've rounded your order to the nearest weight increment we stock.</p>
			</div>
		</div>
	</form>

<!-- End Template: AddToCartSmall -->

</div>
</div>
<div class="item">
		









































	
	
		
		
		
		
			
		
	





























<div class="module-grocery-product quickview-simple  clicked" data-quickview-ajax-url="/p/21059715_EA/quickViewProduct" data-product-id="21059715_EA"  data-product-price="$3.67">
    
	
	
		<span class="subtitle"></span>
	

	<div class="product-page-hotspot">
	    <div class="product-cell quickview-button">
	  	    <div class="product-image ">
                
	  		    <img src="https://assets.shop.loblaws.ca/products/21059715/b1/en/front/21059715_front_a01.png" onerror="this.src='https://assets.shop.loblaws.ca/products/NoImage/b1/en/front/NoImage_front_a01_@2.png';" alt="Multigrain Snacks, Harvest Cheddar" />
                
	  			    
	  			        <span class="sticker deal">
	  				        <span class="deal-badge">
	  				            
	  			                
	  				            

	  				            <span class="module-deal-badge module-deal-badge-grid simple-save-unit "
	  						        data-deal-type="2 FOR $6.66"
	  						        data-ajax-promo-url="/simpleDeal/deals/product-tile?productCode=21059715_EA"
	  						        data-deal-id="21059715_EA">
	  						        <span class="deal-type">2 FOR $6.66</span>
	  						            








	<span class="deal-expiry">
		Exp. 12/31
	</span>

	  					                
	  				            </span>
	  			            </span>
	  		            </span>
	  			        
	  	            
	  	        
                
                    
                

	  		    

	  		    

	  		    

	  		    <div class="hover-text-container">
	  			    <button href="#" tabindex="0" class="hover-text " aria-label="Quick View for Multigrain Snacks, Harvest Cheddar.">Quick View</button>
	  		    </div>
	  	    </div>
	    </div>

	    <div class="product-in-cart">
	  	    <div class="wrapper-product-in-cart">
	  		    <span>
	  			    In Cart
	  		    </span>
	  	    </div>
	    </div>

	    <div class="product-info">
	  	    <div class="product-name-wrapper">
	  		    <a href="/Food/Pantry/Chips-%26-Salty-Snacks/Pretzels-%26-Snack-Mixes/Sunchips-Multigrain-Snacks%2C-Harvest-Cheddar/p/21059715_EA" class="product-name" aria-label="Product page for Multigrain Snacks, Harvest Cheddar" >
	  			    <span class="js-product-entry-brand">Sunchips&nbsp;</span>

	  			    

	  			    <span class="js-product-entry-name">Multigrain Snacks, Harvest Cheddar</span>

	  			    <span class="js-product-entry-size-detail">(225 g)</span>

	  		    </a>
	  	    </div>
	  	    
	  	    
	  		    
	  		    
	  			    



	
	
		
		<span class="ad-match-badge  hidden">Ad Match</span>
	

	  				
	  			        
	  					
	  				        
	  					
	  				
	  		    
	  	    

	  	    <div class="price">
			    <div class="price-wrapper no-discount  ">
				    <span class="reg-price  " aria-label="Regular Price: $3.67">
					    <span class="reg-price-text">$3.67</span>
					    
					    <sup class="reg-price-unit">ea</sup>
				    </span>
				    <span class="sale-price hidden" aria-label="Sale Price:">
					    <span class="sale-price-text"></span>
					    <sup class="sale-price-unit">ea</sup>
				    </span>
				    
				    <span class="secondary-price hidden">
					    
					    <span class="secondary-price-text" aria-label="Secondary Price:"></span>
				    </span>
			    </div>
	  	    </div>

	  	    <div class="qty">
	  		    <span class="reg-qty  ">
		
			
		  	
		  		<span class="sr-only">Sale Price Per Unit:</span>
        $1.63
        /
        100
        g
		  	
	  	
	</span>

	<span class="sale-qty hidden">
		
			
		  	
		  		<span class="sr-only">Sale Price Per Unit:</span>
        $1.63
        /
        100
        g
		  	
	  	
	</span>

	<span class="secondary-qty hidden">
		
	  	<span class="secondary-qty-text"></span>
	</span>
	  	    </div>
	    </div>


	    

	    
	</div>
	<form class="form-product  quickview-btn-simple"
	  data-product-id="21059715_EA"
	  data-min-qty="1.0"
	  data-max-qty="999.0"
	  data-unit-type="ea"
	  data-cart-qty="1"
	  data-default-qty="1"
	  novalidate="novalidate"
	  promoCode=""
	  promoNumber=""
	  data-is-customized="false"
	  data-cart-url="/cart/product/21059715_EA"
	  data-csrf-token="5582ec01-90c0-448b-b4f7-e2cf68d9f8a0"
	  data-is-weighted-product="false">

	<div class="module-add-to-cart " data-change-type="plus" data-auto-edit="true" data-auto-add="true"
		 data-cart-ajax-url="/cart/updateCart">
		<div class="wrapper-add-to-cart-btn">
					<div class="module-add-to-cart-button-small">
							<button type="button" class="btn btn-secondary btn-add-to-cart " data-auid="add-to-cart-button" data-has-pts-badge="false" aria-label="Add Multigrain Snacks, Harvest Cheddar to cart">
										<span class="icon-cart"></span>
										<span class="add-to-cart-text">
											Add</span>
									</button>
									<button type="button" class="btn btn-secondary btn-edit-cart hidden " aria-label="Edit Cart">
										<span class="qty-in-cart"></span>
										<span class="edit-cart-text">
											<spring code="product.edit.text" />"
										</span>
									</button>
								<div class="add-list-parent add-list-module  bottom-add-list-module ">
	<button class="btn btn-inline-link btn-save-to-list  dark is-btn-animated" 
	  data-login-url="/account/login?productCode=21059715_EA" 
	  data-ajax-url="/restful/lists/all?productCode=21059715_EA" 
	  data-user-guest="Y" 
	  data-user-guest="Y" data-product-code="21059715_EA" 
	  data-delete-item="false"
	  aria-label="Add Multigrain Snacks, Harvest Cheddar to a List">
	  <span class="glyphicon glyphicon-th-list"></span>
	  <div class="list-cta-text  is-btn-animated">Add to List</div>
	</button>
	 
	<!-- this is the list HTML   -->
	<div class="save-to-list-popup  is-btn-animated animation-up dark" 
	  data-save-to-list-error="Can not get lists at this time. Please try again later."
	  data-product-name="Multigrain Snacks, Harvest Cheddar">
	  <div class="inner-container">
	  </div>
	  
	</div>
</div>

</div>
				</div>
			</div>


	<div class="module-plus-minus-buttons small hidden ">
			<button type="button" class="btn cart-change-qty" data-change-type="minus" data-auid="decrease-product-quantity" alt="Minus" aria-label="Minus">
				<span class="icon-minimize"></span>
			</button>
			<div class="plus-minus-input-wrapper">
				<input class="input-qty cart-change-qty" aria-label="Enter manual quantity" type="text" name="qty" title="Change quantity in cart"
							data-unit-type="ea"
							value="1ea" data-change-type="equals"
							maxlength="7">

						<span class="input-qty-pretty">
							<span class="input-qty-pretty-value">1</span>
							<span class="input-qty-pretty-unit"></span>
						</span>
					</div>

			<button type="button" class="btn cart-change-qty" data-change-type="plus" data-auid="increase-product-quantity" alt="Plus" aria-label="Plus">
				<span class="icon-plus-sign"></span>
			</button>

			<p class="deal-limit-reached hidden">Deal Limit Reached</p>

			<div class="tooltip-qty-error tooltip-qty-limit hidden">
				<p>
					Limit to
					&nbsp;
					999
					&nbsp;each&nbsp;
					per customer.</p>
			</div>
			<div class="tooltip-qty-error tooltip-round-error hidden">
				<p>
					We do not have this in the weight you wanted. We've rounded your order to the nearest weight increment we stock.</p>
			</div>
		</div>
	</form>

<!-- End Template: AddToCartSmall -->

</div>
</div>
<div class="item">
		









































	
	
		
		
		
		
			
		
	





























<div class="module-grocery-product quickview-simple  clicked" data-quickview-ajax-url="/p/20180720_EA/quickViewProduct" data-product-id="20180720_EA"  data-product-price="$7.28">
    
	
	
		<span class="subtitle"></span>
	

	<div class="product-page-hotspot">
	    <div class="product-cell quickview-button">
	  	    <div class="product-image ">
                
	  		    <img src="https://assets.shop.loblaws.ca/products/20180720/b1/en/front/20180720_front_a01.png" onerror="this.src='https://assets.shop.loblaws.ca/products/NoImage/b1/en/front/NoImage_front_a01_@2.png';" alt="Snacks, Snack Mix Original" />
                
	  			    
	  	        
                
                    
                

	  		    

	  		    

	  		    

	  		    <div class="hover-text-container">
	  			    <button href="#" tabindex="0" class="hover-text " aria-label="Quick View for Snacks, Snack Mix Original.">Quick View</button>
	  		    </div>
	  	    </div>
	    </div>

	    <div class="product-in-cart">
	  	    <div class="wrapper-product-in-cart">
	  		    <span>
	  			    In Cart
	  		    </span>
	  	    </div>
	    </div>

	    <div class="product-info">
	  	    <div class="product-name-wrapper">
	  		    <a href="/Food/Pantry/Chips-%26-Salty-Snacks/Pretzels-%26-Snack-Mixes/Munchies-Snacks%2C-Snack-Mix-Original/p/20180720_EA" class="product-name" aria-label="Product page for Snacks, Snack Mix Original" >
	  			    <span class="js-product-entry-brand">Munchies&nbsp;</span>

	  			    

	  			    <span class="js-product-entry-name">Snacks, Snack Mix Original</span>

	  			    <span class="js-product-entry-size-detail">(1100 g)</span>

	  		    </a>
	  	    </div>
	  	    
	  	    
	  		    
	  		    
	  			    



	
	
		
		<span class="ad-match-badge  hidden">Ad Match</span>
	

	  				
	  			        
	  					
	  				        
	  					
	  				
	  		    
	  	    

	  	    <div class="price">
			    <div class="price-wrapper no-discount  ">
				    <span class="reg-price  " aria-label="Regular Price: $7.28">
					    <span class="reg-price-text">$7.28</span>
					    
					    <sup class="reg-price-unit">ea</sup>
				    </span>
				    <span class="sale-price hidden" aria-label="Sale Price:">
					    <span class="sale-price-text"></span>
					    <sup class="sale-price-unit">ea</sup>
				    </span>
				    
				    <span class="secondary-price hidden">
					    
					    <span class="secondary-price-text" aria-label="Secondary Price:"></span>
				    </span>
			    </div>
	  	    </div>

	  	    <div class="qty">
	  		    <span class="reg-qty  ">
		
			
		  	
		  		<span class="sr-only">Sale Price Per Unit:</span>
        $0.66
        /
        100
        g
		  	
	  	
	</span>

	<span class="sale-qty hidden">
		
			
		  	
		  		<span class="sr-only">Sale Price Per Unit:</span>
        $0.66
        /
        100
        g
		  	
	  	
	</span>

	<span class="secondary-qty hidden">
		
	  	<span class="secondary-qty-text"></span>
	</span>
	  	    </div>
	    </div>


	    

	    
	</div>
	<form class="form-product  quickview-btn-simple"
	  data-product-id="20180720_EA"
	  data-min-qty="1.0"
	  data-max-qty="999.0"
	  data-unit-type="ea"
	  data-cart-qty="1"
	  data-default-qty="1"
	  novalidate="novalidate"
	  promoCode=""
	  promoNumber=""
	  data-is-customized="false"
	  data-cart-url="/cart/product/20180720_EA"
	  data-csrf-token="5582ec01-90c0-448b-b4f7-e2cf68d9f8a0"
	  data-is-weighted-product="false">

	<div class="module-add-to-cart " data-change-type="plus" data-auto-edit="true" data-auto-add="true"
		 data-cart-ajax-url="/cart/updateCart">
		<div class="wrapper-add-to-cart-btn">
					<div class="module-add-to-cart-button-small">
							<button type="button" class="btn btn-secondary btn-add-to-cart " data-auid="add-to-cart-button" data-has-pts-badge="false" aria-label="Add Snacks, Snack Mix Original to cart">
										<span class="icon-cart"></span>
										<span class="add-to-cart-text">
											Add</span>
									</button>
									<button type="button" class="btn btn-secondary btn-edit-cart hidden " aria-label="Edit Cart">
										<span class="qty-in-cart"></span>
										<span class="edit-cart-text">
											<spring code="product.edit.text" />"
										</span>
									</button>
								<div class="add-list-parent add-list-module  bottom-add-list-module ">
	<button class="btn btn-inline-link btn-save-to-list  dark is-btn-animated" 
	  data-login-url="/account/login?productCode=20180720_EA" 
	  data-ajax-url="/restful/lists/all?productCode=20180720_EA" 
	  data-user-guest="Y" 
	  data-user-guest="Y" data-product-code="20180720_EA" 
	  data-delete-item="false"
	  aria-label="Add Snacks, Snack Mix Original to a List">
	  <span class="glyphicon glyphicon-th-list"></span>
	  <div class="list-cta-text  is-btn-animated">Add to List</div>
	</button>
	 
	<!-- this is the list HTML   -->
	<div class="save-to-list-popup  is-btn-animated animation-up dark" 
	  data-save-to-list-error="Can not get lists at this time. Please try again later."
	  data-product-name="Snacks, Snack Mix Original">
	  <div class="inner-container">
	  </div>
	  
	</div>
</div>

</div>
				</div>
			</div>


	<div class="module-plus-minus-buttons small hidden ">
			<button type="button" class="btn cart-change-qty" data-change-type="minus" data-auid="decrease-product-quantity" alt="Minus" aria-label="Minus">
				<span class="icon-minimize"></span>
			</button>
			<div class="plus-minus-input-wrapper">
				<input class="input-qty cart-change-qty" aria-label="Enter manual quantity" type="text" name="qty" title="Change quantity in cart"
							data-unit-type="ea"
							value="1ea" data-change-type="equals"
							maxlength="7">

						<span class="input-qty-pretty">
							<span class="input-qty-pretty-value">1</span>
							<span class="input-qty-pretty-unit"></span>
						</span>
					</div>

			<button type="button" class="btn cart-change-qty" data-change-type="plus" data-auid="increase-product-quantity" alt="Plus" aria-label="Plus">
				<span class="icon-plus-sign"></span>
			</button>

			<p class="deal-limit-reached hidden">Deal Limit Reached</p>

			<div class="tooltip-qty-error tooltip-qty-limit hidden">
				<p>
					Limit to
					&nbsp;
					999
					&nbsp;each&nbsp;
					per customer.</p>
			</div>
			<div class="tooltip-qty-error tooltip-round-error hidden">
				<p>
					We do not have this in the weight you wanted. We've rounded your order to the nearest weight increment we stock.</p>
			</div>
		</div>
	</form>

<!-- End Template: AddToCartSmall -->

</div>
</div>
<div class="item">
		









































	
	
		
		
		
		
			
		
	





























<div class="module-grocery-product quickview-simple  clicked" data-quickview-ajax-url="/p/20899063001_EA/quickViewProduct" data-product-id="20899063001_EA"  data-product-price="$4.98">
    
	
	
		<span class="subtitle"></span>
	

	<div class="product-page-hotspot">
	    <div class="product-cell quickview-button">
	  	    <div class="product-image ">
                
	  		    <img src="https://assets.shop.loblaws.ca/products/20899063001/b1/en/front/20899063001_front_a01.png" onerror="this.src='https://assets.shop.loblaws.ca/products/NoImage/b1/en/front/NoImage_front_a01_@2.png';" alt="Sea Salt Chick Peas Snack" />
                
	  			    
	  	        
                
                    
                

	  		    

	  		    

	  		    

	  		    <div class="hover-text-container">
	  			    <button href="#" tabindex="0" class="hover-text " aria-label="Quick View for Sea Salt Chick Peas Snack.">Quick View</button>
	  		    </div>
	  	    </div>
	    </div>

	    <div class="product-in-cart">
	  	    <div class="wrapper-product-in-cart">
	  		    <span>
	  			    In Cart
	  		    </span>
	  	    </div>
	    </div>

	    <div class="product-info">
	  	    <div class="product-name-wrapper">
	  		    <a href="/Food/Pantry/Chips-%26-Salty-Snacks/Potato-Chips/The-Good-Bean-Sea-Salt-Chick-Peas-Snack/p/20899063001_EA" class="product-name" aria-label="Product page for Sea Salt Chick Peas Snack" >
	  			    <span class="js-product-entry-brand">The Good Bean&nbsp;</span>

	  			    

	  			    <span class="js-product-entry-name">Sea Salt Chick Peas Snack</span>

	  			    <span class="js-product-entry-size-detail">(170 g)</span>

	  		    </a>
	  	    </div>
	  	    
	  	    
	  		    
	  		    
	  			    



	
	
		
		<span class="ad-match-badge  hidden">Ad Match</span>
	

	  				
	  			        
	  					
	  				        
	  					
	  				
	  		    
	  	    

	  	    <div class="price">
			    <div class="price-wrapper no-discount  ">
				    <span class="reg-price  " aria-label="Regular Price: $4.98">
					    <span class="reg-price-text">$4.98</span>
					    
					    <sup class="reg-price-unit">ea</sup>
				    </span>
				    <span class="sale-price hidden" aria-label="Sale Price:">
					    <span class="sale-price-text"></span>
					    <sup class="sale-price-unit">ea</sup>
				    </span>
				    
				    <span class="secondary-price hidden">
					    
					    <span class="secondary-price-text" aria-label="Secondary Price:"></span>
				    </span>
			    </div>
	  	    </div>

	  	    <div class="qty">
	  		    <span class="reg-qty  ">
		
			
		  	
		  		<span class="sr-only">Sale Price Per Unit:</span>
        $2.93
        /
        100
        g
		  	
	  	
	</span>

	<span class="sale-qty hidden">
		
			
		  	
		  		<span class="sr-only">Sale Price Per Unit:</span>
        $2.93
        /
        100
        g
		  	
	  	
	</span>

	<span class="secondary-qty hidden">
		
	  	<span class="secondary-qty-text"></span>
	</span>
	  	    </div>
	    </div>


	    

	    
	</div>
	<form class="form-product  quickview-btn-simple"
	  data-product-id="20899063001_EA"
	  data-min-qty="1.0"
	  data-max-qty="999.0"
	  data-unit-type="ea"
	  data-cart-qty="1"
	  data-default-qty="1"
	  novalidate="novalidate"
	  promoCode=""
	  promoNumber=""
	  data-is-customized="false"
	  data-cart-url="/cart/product/20899063001_EA"
	  data-csrf-token="5582ec01-90c0-448b-b4f7-e2cf68d9f8a0"
	  data-is-weighted-product="false">

	<div class="module-add-to-cart " data-change-type="plus" data-auto-edit="true" data-auto-add="true"
		 data-cart-ajax-url="/cart/updateCart">
		<div class="wrapper-add-to-cart-btn">
					<div class="module-add-to-cart-button-small">
							<button type="button" class="btn btn-secondary btn-add-to-cart " data-auid="add-to-cart-button" data-has-pts-badge="false" aria-label="Add Sea Salt Chick Peas Snack to cart">
										<span class="icon-cart"></span>
										<span class="add-to-cart-text">
											Add</span>
									</button>
									<button type="button" class="btn btn-secondary btn-edit-cart hidden " aria-label="Edit Cart">
										<span class="qty-in-cart"></span>
										<span class="edit-cart-text">
											<spring code="product.edit.text" />"
										</span>
									</button>
								<div class="add-list-parent add-list-module  bottom-add-list-module ">
	<button class="btn btn-inline-link btn-save-to-list  dark is-btn-animated" 
	  data-login-url="/account/login?productCode=20899063001_EA" 
	  data-ajax-url="/restful/lists/all?productCode=20899063001_EA" 
	  data-user-guest="Y" 
	  data-user-guest="Y" data-product-code="20899063001_EA" 
	  data-delete-item="false"
	  aria-label="Add Sea Salt Chick Peas Snack to a List">
	  <span class="glyphicon glyphicon-th-list"></span>
	  <div class="list-cta-text  is-btn-animated">Add to List</div>
	</button>
	 
	<!-- this is the list HTML   -->
	<div class="save-to-list-popup  is-btn-animated animation-up dark" 
	  data-save-to-list-error="Can not get lists at this time. Please try again later."
	  data-product-name="Sea Salt Chick Peas Snack">
	  <div class="inner-container">
	  </div>
	  
	</div>
</div>

</div>
				</div>
			</div>


	<div class="module-plus-minus-buttons small hidden ">
			<button type="button" class="btn cart-change-qty" data-change-type="minus" data-auid="decrease-product-quantity" alt="Minus" aria-label="Minus">
				<span class="icon-minimize"></span>
			</button>
			<div class="plus-minus-input-wrapper">
				<input class="input-qty cart-change-qty" aria-label="Enter manual quantity" type="text" name="qty" title="Change quantity in cart"
							data-unit-type="ea"
							value="1ea" data-change-type="equals"
							maxlength="7">

						<span class="input-qty-pretty">
							<span class="input-qty-pretty-value">1</span>
							<span class="input-qty-pretty-unit"></span>
						</span>
					</div>

			<button type="button" class="btn cart-change-qty" data-change-type="plus" data-auid="increase-product-quantity" alt="Plus" aria-label="Plus">
				<span class="icon-plus-sign"></span>
			</button>

			<p class="deal-limit-reached hidden">Deal Limit Reached</p>

			<div class="tooltip-qty-error tooltip-qty-limit hidden">
				<p>
					Limit to
					&nbsp;
					999
					&nbsp;each&nbsp;
					per customer.</p>
			</div>
			<div class="tooltip-qty-error tooltip-round-error hidden">
				<p>
					We do not have this in the weight you wanted. We've rounded your order to the nearest weight increment we stock.</p>
			</div>
		</div>
	</form>

<!-- End Template: AddToCartSmall -->

</div>
</div>
<div class="item">
		






































	


	



	
	
		
		
		
		
			
		
	





























<div class="module-grocery-product quickview-simple  clicked" data-quickview-ajax-url="/p/20841921002_EA/quickViewProduct" data-product-id="20841921002_EA"  data-product-price="$1.68">
    
	
	
		<span class="subtitle"></span>
	

	<div class="product-page-hotspot">
	    <div class="product-cell quickview-button">
	  	    <div class="product-image ">
                
	  		    <img src="https://assets.shop.loblaws.ca/products/20841921002/b1/en/front/20841921002_front_a01.png" onerror="this.src='https://assets.shop.loblaws.ca/products/NoImage/b1/en/front/NoImage_front_a01_@2.png';" alt="Thick Cut Potato Chips, Sour Cream & Dill" />
                
	  			    
	  			        <span class="sticker deal">
	  				        <span class="deal-badge">
	  				            
	  			                
	  				            

	  				            <span class="module-deal-badge module-deal-badge-grid simple-save-unit "
	  						        data-deal-type="SAVE $0.20"
	  						        data-ajax-promo-url="/simpleDeal/deals/product-tile?productCode=20841921002_EA"
	  						        data-deal-id="20841921002_EA">
	  						        <span class="deal-type">SAVE $0.20</span>
	  						            








	<span class="deal-expiry">
		Exp. 01/03
	</span>

	  					                
	  				            </span>
	  			            </span>
	  		            </span>
	  			        
	  	            
	  	        
                
                    
                

	  		    

	  		    

	  		    

	  		    <div class="hover-text-container">
	  			    <button href="#" tabindex="0" class="hover-text " aria-label="Quick View for Thick Cut Potato Chips, Sour Cream & Dill.">Quick View</button>
	  		    </div>
	  	    </div>
	    </div>

	    <div class="product-in-cart">
	  	    <div class="wrapper-product-in-cart">
	  		    <span>
	  			    In Cart
	  		    </span>
	  	    </div>
	    </div>

	    <div class="product-info">
	  	    <div class="product-name-wrapper">
	  		    <a href="/Food/Pantry/Chips-%26-Salty-Snacks/Potato-Chips/President%27s-Choice-Thick-Cut-Potato-Chips%2C-Sour-Cream-%26-Dill/p/20841921002_EA" class="product-name" aria-label="Product page for Thick Cut Potato Chips, Sour Cream & Dill" >
	  			    <span class="js-product-entry-brand">President's Choice&nbsp;</span>

	  			    

	  			    <span class="js-product-entry-name">Thick Cut Potato Chips, Sour Cream & Dill</span>

	  			    <span class="js-product-entry-size-detail">(200 g)</span>

	  		    </a>
	  	    </div>
	  	    
	  	    
	  		    
	  		    
	  			    



	
	
		
		<span class="ad-match-badge  hidden">Ad Match</span>
	

	  				
	  			        
	  					
	  				        
	  					
	  				
	  		    
	  	    

	  	    <div class="price">
			    <div class="price-wrapper discount promo-alert ">
				    <span class="reg-price  price-alert" aria-label="Regular Price: $1.68">
					    <span class="reg-price-text">$1.68</span>
					    
					    <sup class="reg-price-unit">ea</sup>
				    </span>
				    <span class="sale-price hidden" aria-label="Sale Price:">
					    <span class="sale-price-text"></span>
					    <sup class="sale-price-unit">ea</sup>
				    </span>
				    
					    <span class="old-price" aria-label="Original Price: $1.88">
						    <span class="old-price-text">$1.88</span>
					    </span>
				    
				    <span class="secondary-price hidden">
					    
					    <span class="secondary-price-text" aria-label="Secondary Price:"></span>
				    </span>
			    </div>
	  	    </div>

	  	    <div class="qty">
	  		    <span class="reg-qty  price-alert">
		
			
		  	
		  		<span class="sr-only">Sale Price Per Unit:</span>
        $0.84
        /
        100
        g
		  	
	  	
	</span>

	<span class="sale-qty hidden">
		
			
		  	
		  		<span class="sr-only">Sale Price Per Unit:</span>
        $0.84
        /
        100
        g
		  	
	  	
	</span>

	<span class="secondary-qty hidden">
		
	  	<span class="secondary-qty-text"></span>
	</span>
	  	    </div>
	    </div>


	    

	    
	</div>
	<form class="form-product  quickview-btn-simple"
	  data-product-id="20841921002_EA"
	  data-min-qty="1.0"
	  data-max-qty="999.0"
	  data-unit-type="ea"
	  data-cart-qty="1"
	  data-default-qty="1"
	  novalidate="novalidate"
	  promoCode=""
	  promoNumber=""
	  data-is-customized="false"
	  data-cart-url="/cart/product/20841921002_EA"
	  data-csrf-token="5582ec01-90c0-448b-b4f7-e2cf68d9f8a0"
	  data-is-weighted-product="false">

	<div class="module-add-to-cart " data-change-type="plus" data-auto-edit="true" data-auto-add="true"
		 data-cart-ajax-url="/cart/updateCart">
		<div class="wrapper-add-to-cart-btn">
					<div class="module-add-to-cart-button-small">
							<button type="button" class="btn btn-secondary btn-add-to-cart " data-auid="add-to-cart-button" data-has-pts-badge="false" aria-label="Add Thick Cut Potato Chips, Sour Cream & Dill to cart">
										<span class="icon-cart"></span>
										<span class="add-to-cart-text">
											Add</span>
									</button>
									<button type="button" class="btn btn-secondary btn-edit-cart hidden " aria-label="Edit Cart">
										<span class="qty-in-cart"></span>
										<span class="edit-cart-text">
											<spring code="product.edit.text" />"
										</span>
									</button>
								<div class="add-list-parent add-list-module  bottom-add-list-module ">
	<button class="btn btn-inline-link btn-save-to-list  dark is-btn-animated" 
	  data-login-url="/account/login?productCode=20841921002_EA" 
	  data-ajax-url="/restful/lists/all?productCode=20841921002_EA" 
	  data-user-guest="Y" 
	  data-user-guest="Y" data-product-code="20841921002_EA" 
	  data-delete-item="false"
	  aria-label="Add Thick Cut Potato Chips, Sour Cream & Dill to a List">
	  <span class="glyphicon glyphicon-th-list"></span>
	  <div class="list-cta-text  is-btn-animated">Add to List</div>
	</button>
	 
	<!-- this is the list HTML   -->
	<div class="save-to-list-popup  is-btn-animated animation-up dark" 
	  data-save-to-list-error="Can not get lists at this time. Please try again later."
	  data-product-name="Thick Cut Potato Chips, Sour Cream & Dill">
	  <div class="inner-container">
	  </div>
	  
	</div>
</div>

</div>
				</div>
			</div>


	<div class="module-plus-minus-buttons small hidden ">
			<button type="button" class="btn cart-change-qty" data-change-type="minus" data-auid="decrease-product-quantity" alt="Minus" aria-label="Minus">
				<span class="icon-minimize"></span>
			</button>
			<div class="plus-minus-input-wrapper">
				<input class="input-qty cart-change-qty" aria-label="Enter manual quantity" type="text" name="qty" title="Change quantity in cart"
							data-unit-type="ea"
							value="1ea" data-change-type="equals"
							maxlength="7">

						<span class="input-qty-pretty">
							<span class="input-qty-pretty-value">1</span>
							<span class="input-qty-pretty-unit"></span>
						</span>
					</div>

			<button type="button" class="btn cart-change-qty" data-change-type="plus" data-auid="increase-product-quantity" alt="Plus" aria-label="Plus">
				<span class="icon-plus-sign"></span>
			</button>

			<p class="deal-limit-reached hidden">Deal Limit Reached</p>

			<div class="tooltip-qty-error tooltip-qty-limit hidden">
				<p>
					Limit to
					&nbsp;
					999
					&nbsp;each&nbsp;
					per customer.</p>
			</div>
			<div class="tooltip-qty-error tooltip-round-error hidden">
				<p>
					We do not have this in the weight you wanted. We've rounded your order to the nearest weight increment we stock.</p>
			</div>
		</div>
	</form>

<!-- End Template: AddToCartSmall -->

</div>
</div>
<div class="item">
		






































	




	
	
		
		
		
		
			
		
	





























<div class="module-grocery-product quickview-simple  clicked" data-quickview-ajax-url="/p/20140411003_EA/quickViewProduct" data-product-id="20140411003_EA"  data-product-price="$3.98">
    
	
	
		<span class="subtitle"></span>
	

	<div class="product-page-hotspot">
	    <div class="product-cell quickview-button">
	  	    <div class="product-image ">
                
	  		    <img src="https://assets.shop.loblaws.ca/products/20140411003/b1/en/front/20140411003_front_a01.png" onerror="this.src='https://assets.shop.loblaws.ca/products/NoImage/b1/en/front/NoImage_front_a01_@2.png';" alt="Vegetable Chips, Mediterranean" />
                
	  			    
	  			        <span class="sticker deal">
	  				        <span class="deal-badge">
	  				            
	  			                
	  				            

	  				            <span class="module-deal-badge module-deal-badge-grid simple-save-unit "
	  						        data-deal-type="$3.98 LIMIT 4"
	  						        data-ajax-promo-url="/simpleDeal/deals/product-tile?productCode=20140411003_EA"
	  						        data-deal-id="20140411003_EA">
	  						        <span class="deal-type">$3.98 LIMIT 4</span>
	  						            








	<span class="deal-expiry">
		Exp. 12/27
	</span>

	  					                
	  				            </span>
	  			            </span>
	  		            </span>
	  			        
	  	            
	  	        
                
                    
                

	  		    

	  		    

	  		    

	  		    <div class="hover-text-container">
	  			    <button href="#" tabindex="0" class="hover-text " aria-label="Quick View for Vegetable Chips, Mediterranean.">Quick View</button>
	  		    </div>
	  	    </div>
	    </div>

	    <div class="product-in-cart">
	  	    <div class="wrapper-product-in-cart">
	  		    <span>
	  			    In Cart
	  		    </span>
	  	    </div>
	    </div>

	    <div class="product-info">
	  	    <div class="product-name-wrapper">
	  		    <a href="/Food/Pantry/Chips-%26-Salty-Snacks/Potato-Chips/Vegetable-Chips%2C-Mediterranean/p/20140411003_EA" class="product-name" aria-label="Product page for Vegetable Chips, Mediterranean" >
	  			    <span class="js-product-entry-brand">Terra&nbsp;</span>

	  			    

	  			    <span class="js-product-entry-name">Vegetable Chips, Mediterranean</span>

	  			    <span class="js-product-entry-size-detail">(170 g)</span>

	  		    </a>
	  	    </div>
	  	    
	  	    
	  		    
	  		    
	  			    



	
	
		
		<span class="ad-match-badge  hidden">Ad Match</span>
	

	  				
	  			        
	  					
	  				        
	  					
	  				
	  		    
	  	    

	  	    <div class="price">
			    <div class="price-wrapper no-discount promo-alert ">
				    <span class="reg-price  price-alert" aria-label="Regular Price: $3.98">
					    <span class="reg-price-text">$3.98</span>
					    
					    <sup class="reg-price-unit">ea</sup>
				    </span>
				    <span class="sale-price hidden" aria-label="Sale Price:">
					    <span class="sale-price-text"></span>
					    <sup class="sale-price-unit">ea</sup>
				    </span>
				    
				    <span class="secondary-price hidden">
					    
					    <span class="secondary-price-text" aria-label="Secondary Price:"></span>
				    </span>
			    </div>
	  	    </div>

	  	    <div class="qty">
	  		    <span class="reg-qty  price-alert">
		
			
		  	
		  		<span class="sr-only">Sale Price Per Unit:</span>
        $2.34
        /
        100
        g
		  	
	  	
	</span>

	<span class="sale-qty hidden">
		
			
		  	
		  		<span class="sr-only">Sale Price Per Unit:</span>
        $2.34
        /
        100
        g
		  	
	  	
	</span>

	<span class="secondary-qty hidden">
		
	  	<span class="secondary-qty-text"></span>
	</span>
	  	    </div>
	    </div>


	    

	    
	</div>
	<form class="form-product  quickview-btn-simple"
	  data-product-id="20140411003_EA"
	  data-min-qty="1.0"
	  data-max-qty="999.0"
	  data-unit-type="ea"
	  data-cart-qty="1"
	  data-default-qty="1"
	  novalidate="novalidate"
	  promoCode=""
	  promoNumber=""
	  data-is-customized="false"
	  data-cart-url="/cart/product/20140411003_EA"
	  data-csrf-token="5582ec01-90c0-448b-b4f7-e2cf68d9f8a0"
	  data-is-weighted-product="false">

	<div class="module-add-to-cart " data-change-type="plus" data-auto-edit="true" data-auto-add="true"
		 data-cart-ajax-url="/cart/updateCart">
		<div class="wrapper-add-to-cart-btn">
					<div class="module-add-to-cart-button-small">
							<button type="button" class="btn btn-secondary btn-add-to-cart " data-auid="add-to-cart-button" data-has-pts-badge="false" aria-label="Add Vegetable Chips, Mediterranean to cart">
										<span class="icon-cart"></span>
										<span class="add-to-cart-text">
											Add</span>
									</button>
									<button type="button" class="btn btn-secondary btn-edit-cart hidden " aria-label="Edit Cart">
										<span class="qty-in-cart"></span>
										<span class="edit-cart-text">
											<spring code="product.edit.text" />"
										</span>
									</button>
								<div class="add-list-parent add-list-module  bottom-add-list-module ">
	<button class="btn btn-inline-link btn-save-to-list  dark is-btn-animated" 
	  data-login-url="/account/login?productCode=20140411003_EA" 
	  data-ajax-url="/restful/lists/all?productCode=20140411003_EA" 
	  data-user-guest="Y" 
	  data-user-guest="Y" data-product-code="20140411003_EA" 
	  data-delete-item="false"
	  aria-label="Add Vegetable Chips, Mediterranean to a List">
	  <span class="glyphicon glyphicon-th-list"></span>
	  <div class="list-cta-text  is-btn-animated">Add to List</div>
	</button>
	 
	<!-- this is the list HTML   -->
	<div class="save-to-list-popup  is-btn-animated animation-up dark" 
	  data-save-to-list-error="Can not get lists at this time. Please try again later."
	  data-product-name="Vegetable Chips, Mediterranean">
	  <div class="inner-container">
	  </div>
	  
	</div>
</div>

</div>
				</div>
			</div>


	<div class="module-plus-minus-buttons small hidden ">
			<button type="button" class="btn cart-change-qty" data-change-type="minus" data-auid="decrease-product-quantity" alt="Minus" aria-label="Minus">
				<span class="icon-minimize"></span>
			</button>
			<div class="plus-minus-input-wrapper">
				<input class="input-qty cart-change-qty" aria-label="Enter manual quantity" type="text" name="qty" title="Change quantity in cart"
							data-unit-type="ea"
							value="1ea" data-change-type="equals"
							maxlength="7">

						<span class="input-qty-pretty">
							<span class="input-qty-pretty-value">1</span>
							<span class="input-qty-pretty-unit"></span>
						</span>
					</div>

			<button type="button" class="btn cart-change-qty" data-change-type="plus" data-auid="increase-product-quantity" alt="Plus" aria-label="Plus">
				<span class="icon-plus-sign"></span>
			</button>

			<p class="deal-limit-reached hidden">Deal Limit Reached</p>

			<div class="tooltip-qty-error tooltip-qty-limit hidden">
				<p>
					Limit to
					&nbsp;
					999
					&nbsp;each&nbsp;
					per customer.</p>
			</div>
			<div class="tooltip-qty-error tooltip-round-error hidden">
				<p>
					We do not have this in the weight you wanted. We've rounded your order to the nearest weight increment we stock.</p>
			</div>
		</div>
	</form>

<!-- End Template: AddToCartSmall -->

</div>
</div>
<div class="item">
		









































	
	
		
		
		
		
			
		
	





























<div class="module-grocery-product quickview-simple  clicked" data-quickview-ajax-url="/p/21049592_EA/quickViewProduct" data-product-id="21049592_EA"  data-product-price="$2.48">
    
	
	
		<span class="subtitle"></span>
	

	<div class="product-page-hotspot">
	    <div class="product-cell quickview-button">
	  	    <div class="product-image ">
                
	  		    <img src="https://assets.shop.loblaws.ca/products/21049592/b1/en/front/21049592_front_a01.png" onerror="this.src='https://assets.shop.loblaws.ca/products/NoImage/b1/en/front/NoImage_front_a01_@2.png';" alt="Sweet & Heat Popcorn" />
                
	  			    
	  	        
                
                    
                

	  		    

	  		    

	  		    

	  		    <div class="hover-text-container">
	  			    <button href="#" tabindex="0" class="hover-text " aria-label="Quick View for Sweet & Heat Popcorn.">Quick View</button>
	  		    </div>
	  	    </div>
	    </div>

	    <div class="product-in-cart">
	  	    <div class="wrapper-product-in-cart">
	  		    <span>
	  			    In Cart
	  		    </span>
	  	    </div>
	    </div>

	    <div class="product-info">
	  	    <div class="product-name-wrapper">
	  		    <a href="/Food/Pantry/Chips-%26-Salty-Snacks/Pretzels-%26-Snack-Mixes/President%27s-Choice-Sweet-%26-Heat-Popcorn/p/21049592_EA" class="product-name" aria-label="Product page for Sweet & Heat Popcorn" >
	  			    <span class="js-product-entry-brand">President's Choice&nbsp;</span>

	  			    

	  			    <span class="js-product-entry-name">Sweet & Heat Popcorn</span>

	  			    <span class="js-product-entry-size-detail">(220 g)</span>

	  		    </a>
	  	    </div>
	  	    
	  	    
	  		    
	  		    
	  			    



	
	
		
		<span class="ad-match-badge  hidden">Ad Match</span>
	

	  				
	  			        
	  					
	  				        
	  					
	  				
	  		    
	  	    

	  	    <div class="price">
			    <div class="price-wrapper no-discount  ">
				    <span class="reg-price  " aria-label="Regular Price: $2.48">
					    <span class="reg-price-text">$2.48</span>
					    
					    <sup class="reg-price-unit">ea</sup>
				    </span>
				    <span class="sale-price hidden" aria-label="Sale Price:">
					    <span class="sale-price-text"></span>
					    <sup class="sale-price-unit">ea</sup>
				    </span>
				    
				    <span class="secondary-price hidden">
					    
					    <span class="secondary-price-text" aria-label="Secondary Price:"></span>
				    </span>
			    </div>
	  	    </div>

	  	    <div class="qty">
	  		    <span class="reg-qty  ">
		
			
		  	
		  		<span class="sr-only">Sale Price Per Unit:</span>
        $1.13
        /
        100
        g
		  	
	  	
	</span>

	<span class="sale-qty hidden">
		
			
		  	
		  		<span class="sr-only">Sale Price Per Unit:</span>
        $1.13
        /
        100
        g
		  	
	  	
	</span>

	<span class="secondary-qty hidden">
		
	  	<span class="secondary-qty-text"></span>
	</span>
	  	    </div>
	    </div>


	    

	    
	</div>
	<form class="form-product  quickview-btn-simple"
	  data-product-id="21049592_EA"
	  data-min-qty="1.0"
	  data-max-qty="999.0"
	  data-unit-type="ea"
	  data-cart-qty="1"
	  data-default-qty="1"
	  novalidate="novalidate"
	  promoCode=""
	  promoNumber=""
	  data-is-customized="false"
	  data-cart-url="/cart/product/21049592_EA"
	  data-csrf-token="5582ec01-90c0-448b-b4f7-e2cf68d9f8a0"
	  data-is-weighted-product="false">

	<div class="module-add-to-cart " data-change-type="plus" data-auto-edit="true" data-auto-add="true"
		 data-cart-ajax-url="/cart/updateCart">
		<div class="wrapper-add-to-cart-btn">
					<div class="module-add-to-cart-button-small">
							<button type="button" class="btn btn-secondary btn-add-to-cart " data-auid="add-to-cart-button" data-has-pts-badge="false" aria-label="Add Sweet & Heat Popcorn to cart">
										<span class="icon-cart"></span>
										<span class="add-to-cart-text">
											Add</span>
									</button>
									<button type="button" class="btn btn-secondary btn-edit-cart hidden " aria-label="Edit Cart">
										<span class="qty-in-cart"></span>
										<span class="edit-cart-text">
											<spring code="product.edit.text" />"
										</span>
									</button>
								<div class="add-list-parent add-list-module  bottom-add-list-module ">
	<button class="btn btn-inline-link btn-save-to-list  dark is-btn-animated" 
	  data-login-url="/account/login?productCode=21049592_EA" 
	  data-ajax-url="/restful/lists/all?productCode=21049592_EA" 
	  data-user-guest="Y" 
	  data-user-guest="Y" data-product-code="21049592_EA" 
	  data-delete-item="false"
	  aria-label="Add Sweet & Heat Popcorn to a List">
	  <span class="glyphicon glyphicon-th-list"></span>
	  <div class="list-cta-text  is-btn-animated">Add to List</div>
	</button>
	 
	<!-- this is the list HTML   -->
	<div class="save-to-list-popup  is-btn-animated animation-up dark" 
	  data-save-to-list-error="Can not get lists at this time. Please try again later."
	  data-product-name="Sweet & Heat Popcorn">
	  <div class="inner-container">
	  </div>
	  
	</div>
</div>

</div>
				</div>
			</div>


	<div class="module-plus-minus-buttons small hidden ">
			<button type="button" class="btn cart-change-qty" data-change-type="minus" data-auid="decrease-product-quantity" alt="Minus" aria-label="Minus">
				<span class="icon-minimize"></span>
			</button>
			<div class="plus-minus-input-wrapper">
				<input class="input-qty cart-change-qty" aria-label="Enter manual quantity" type="text" name="qty" title="Change quantity in cart"
							data-unit-type="ea"
							value="1ea" data-change-type="equals"
							maxlength="7">

						<span class="input-qty-pretty">
							<span class="input-qty-pretty-value">1</span>
							<span class="input-qty-pretty-unit"></span>
						</span>
					</div>

			<button type="button" class="btn cart-change-qty" data-change-type="plus" data-auid="increase-product-quantity" alt="Plus" aria-label="Plus">
				<span class="icon-plus-sign"></span>
			</button>

			<p class="deal-limit-reached hidden">Deal Limit Reached</p>

			<div class="tooltip-qty-error tooltip-qty-limit hidden">
				<p>
					Limit to
					&nbsp;
					999
					&nbsp;each&nbsp;
					per customer.</p>
			</div>
			<div class="tooltip-qty-error tooltip-round-error hidden">
				<p>
					We do not have this in the weight you wanted. We've rounded your order to the nearest weight increment we stock.</p>
			</div>
		</div>
	</form>

<!-- End Template: AddToCartSmall -->

</div>
</div>
