<div class="item">
		






































	




	
	
		
		
		
		
			
		
	





























<div class="module-grocery-product quickview-simple  clicked" data-quickview-ajax-url="/p/21003823_EA/quickViewProduct" data-product-id="21003823_EA"  data-product-price="$1.88">
    
	
	
		<span class="subtitle"></span>
	

	<div class="product-page-hotspot">
	    <div class="product-cell quickview-button">
	  	    <div class="product-image ">
                
	  		    <img src="https://assets.shop.loblaws.ca/products/21003823/b1/en/front/21003823_front_a01.png" onerror="this.src='https://assets.shop.loblaws.ca/products/NoImage/b1/en/front/NoImage_front_a01_@2.png';" alt="Sour Cream & Onion Flavour Potato Chips" />
                
	  			    
	  			        <span class="sticker deal">
	  				        <span class="deal-badge">
	  				            
	  			                
	  				            

	  				            <span class="module-deal-badge module-deal-badge-grid simple-save-unit "
	  						        data-deal-type="$1.88 LIMIT 4"
	  						        data-ajax-promo-url="/simpleDeal/deals/product-tile?productCode=21003823_EA"
	  						        data-deal-id="21003823_EA">
	  						        <span class="deal-type">$1.88 LIMIT 4</span>
	  						            








	<span class="deal-expiry">
		Exp. 12/27
	</span>

	  					                
	  				            </span>
	  			            </span>
	  		            </span>
	  			        
	  	            
	  	        
                
                    
                

	  		    

	  		    

	  		    

	  		    <div class="hover-text-container">
	  			    <button href="#" tabindex="0" class="hover-text " aria-label="Quick View for Sour Cream & Onion Flavour Potato Chips.">Quick View</button>
	  		    </div>
	  	    </div>
	    </div>

	    <div class="product-in-cart">
	  	    <div class="wrapper-product-in-cart">
	  		    <span>
	  			    In Cart
	  		    </span>
	  	    </div>
	    </div>

	    <div class="product-info">
	  	    <div class="product-name-wrapper">
	  		    <a href="/Food/Pantry/Chips-%26-Salty-Snacks/Potato-Chips/Pringles-Sour-Cream-%26-Onion-Flavour-Potato-Chips/p/21003823_EA" class="product-name" aria-label="Product page for Sour Cream & Onion Flavour Potato Chips" >
	  			    <span class="js-product-entry-brand">Pringles&nbsp;</span>

	  			    

	  			    <span class="js-product-entry-name">Sour Cream & Onion Flavour Potato Chips</span>

	  			    <span class="js-product-entry-size-detail">(156 g)</span>

	  		    </a>
	  	    </div>
	  	    
	  	    
	  		    
	  		    
	  			    



	
	
		
		<span class="ad-match-badge  hidden">Ad Match</span>
	

	  				
	  			        
	  					
	  				        
	  					
	  				
	  		    
	  	    

	  	    <div class="price">
			    <div class="price-wrapper no-discount promo-alert ">
				    <span class="reg-price  price-alert" aria-label="Regular Price: $1.88">
					    <span class="reg-price-text">$1.88</span>
					    
					    <sup class="reg-price-unit">ea</sup>
				    </span>
				    <span class="sale-price hidden" aria-label="Sale Price:">
					    <span class="sale-price-text"></span>
					    <sup class="sale-price-unit">ea</sup>
				    </span>
				    
				    <span class="secondary-price hidden">
					    
					    <span class="secondary-price-text" aria-label="Secondary Price:"></span>
				    </span>
			    </div>
	  	    </div>

	  	    <div class="qty">
	  		    <span class="reg-qty  price-alert">
		
			
		  	
		  		<span class="sr-only">Sale Price Per Unit:</span>
        $1.21
        /
        100
        g
		  	
	  	
	</span>

	<span class="sale-qty hidden">
		
			
		  	
		  		<span class="sr-only">Sale Price Per Unit:</span>
        $1.21
        /
        100
        g
		  	
	  	
	</span>

	<span class="secondary-qty hidden">
		
	  	<span class="secondary-qty-text"></span>
	</span>
	  	    </div>
	    </div>


	    

	    
	</div>
	<form class="form-product  quickview-btn-simple"
	  data-product-id="21003823_EA"
	  data-min-qty="1.0"
	  data-max-qty="999.0"
	  data-unit-type="ea"
	  data-cart-qty="1"
	  data-default-qty="1"
	  novalidate="novalidate"
	  promoCode=""
	  promoNumber=""
	  data-is-customized="false"
	  data-cart-url="/cart/product/21003823_EA"
	  data-csrf-token="5582ec01-90c0-448b-b4f7-e2cf68d9f8a0"
	  data-is-weighted-product="false">

	<div class="module-add-to-cart " data-change-type="plus" data-auto-edit="true" data-auto-add="true"
		 data-cart-ajax-url="/cart/updateCart">
		<div class="wrapper-add-to-cart-btn">
					<div class="module-add-to-cart-button-small">
							<button type="button" class="btn btn-secondary btn-add-to-cart " data-auid="add-to-cart-button" data-has-pts-badge="false" aria-label="Add Sour Cream & Onion Flavour Potato Chips to cart">
										<span class="icon-cart"></span>
										<span class="add-to-cart-text">
											Add</span>
									</button>
									<button type="button" class="btn btn-secondary btn-edit-cart hidden " aria-label="Edit Cart">
										<span class="qty-in-cart"></span>
										<span class="edit-cart-text">
											<spring code="product.edit.text" />"
										</span>
									</button>
								<div class="add-list-parent add-list-module  bottom-add-list-module ">
	<button class="btn btn-inline-link btn-save-to-list  dark is-btn-animated" 
	  data-login-url="/account/login?productCode=21003823_EA" 
	  data-ajax-url="/restful/lists/all?productCode=21003823_EA" 
	  data-user-guest="Y" 
	  data-user-guest="Y" data-product-code="21003823_EA" 
	  data-delete-item="false"
	  aria-label="Add Sour Cream & Onion Flavour Potato Chips to a List">
	  <span class="glyphicon glyphicon-th-list"></span>
	  <div class="list-cta-text  is-btn-animated">Add to List</div>
	</button>
	 
	<!-- this is the list HTML   -->
	<div class="save-to-list-popup  is-btn-animated animation-up dark" 
	  data-save-to-list-error="Can not get lists at this time. Please try again later."
	  data-product-name="Sour Cream & Onion Flavour Potato Chips">
	  <div class="inner-container">
	  </div>
	  
	</div>
</div>





<script id="tmpl-product-list-grid" type="text/x-dot-template">
<ul>
{{~it.shoppingListData :entry:index }}
	{{? entry.added }}
			<li class="already-added">
			<div class="no-link item-label">
			
			<span class="category-list-name">{{=entry.shoppingListName}}</span>
			</div><span class="glyphicon glyphicon-ok"></span></li>
	{{??}}
			<li class="has-item-label-link"><a data-shopping-list-name="{{=entry.shoppingListName}}" 
			 class="item-label"
			 data-submit-message="{{!entry.addMessage}}"
			 href="/restful/lists/{{=entry.shoppingListCode}}/product/{{=it.productCode}}?CSRFToken={{=it.csrf}}">{{=entry.shoppingListName}}</a></li>
	{{?}}
{{~}}
<li class="create-new trigger-modal" data-modal-content-id="create-list-modal-content" data-productcode="{{=it.productCode}}"><a href="#">Create New List</a></li>
</ul>
</script>

<!-- Begin Template: createListModal -->
<script type="text/x-dot-template" class="modal-content" id="create-list-modal-content">
		<div class="wrapper-new-list-popup">
			<div class="new-list-popup-container">
				<h1>
					Create a new list</h1>
				<div class="subhead">
					Lists are a great way to organize your shopping needs. After you create a list, they can be found in the "My Favourites" page.</div>
				{{? it.productcode }}
					<form class="container form-create-list" novalidate="novalidate" method="POST" commandName="shoppingListForm" action="/restful/lists/{{=it.productcode}}?CSRFToken=5582ec01-90c0-448b-b4f7-e2cf68d9f8a0" data-ajax-url="/restful/lists/{{=it.productcode}}?CSRFToken=5582ec01-90c0-448b-b4f7-e2cf68d9f8a0" data-server-error-message="Sorry, something went wrong. Please try again later.">
				{{??}}
					<form class="container form-create-list" novalidate="novalidate" method="POST" commandName="shoppingListForm" action="/restful/lists/?CSRFToken=5582ec01-90c0-448b-b4f7-e2cf68d9f8a0" data-ajax-url="/restful/lists/?CSRFToken=5582ec01-90c0-448b-b4f7-e2cf68d9f8a0" data-server-error-message="Sorry, something went wrong. Please try again later.">
				{{?}}
					<div class="row-error">
						<div>
							<span class='warning server-warning'>
							</span>
						</div>
					</div>
					<input id="name" name="name" class="form-control input-list-name" type="text" autocomplete="off"
						autofocus
						placeholder="Enter a name" path="name" maxlength="160"
						required="true" data-msg-required="Please enter name for list." />
		
					<textarea id="description" name="description" class="form-control input-list-desc" type="text"
						placeholder="Add a description (optional)" path="description" maxlength="160"></textarea>
		
					<button type="submit" class="btn btn-primary save-list input-submitter-submit">
						Save</button>
		
					<a href="javascript:void(0)" class="cancel-new-list modal-close">
						Cancel</a>
				</form>
			</div>
		</div>
</script>

<!-- End Template: createListModal --></div>
				</div>
			</div>


	<div class="module-plus-minus-buttons small hidden ">
			<button type="button" class="btn cart-change-qty" data-change-type="minus" data-auid="decrease-product-quantity" alt="Minus" aria-label="Minus">
				<span class="icon-minimize"></span>
			</button>
			<div class="plus-minus-input-wrapper">
				<input class="input-qty cart-change-qty" aria-label="Enter manual quantity" type="text" name="qty" title="Change quantity in cart"
							data-unit-type="ea"
							value="1ea" data-change-type="equals"
							maxlength="7">

						<span class="input-qty-pretty">
							<span class="input-qty-pretty-value">1</span>
							<span class="input-qty-pretty-unit"></span>
						</span>
					</div>

			<button type="button" class="btn cart-change-qty" data-change-type="plus" data-auid="increase-product-quantity" alt="Plus" aria-label="Plus">
				<span class="icon-plus-sign"></span>
			</button>

			<p class="deal-limit-reached hidden">Deal Limit Reached</p>

			<div class="tooltip-qty-error tooltip-qty-limit hidden">
				<p>
					Limit to
					&nbsp;
					999
					&nbsp;each&nbsp;
					per customer.</p>
			</div>
			<div class="tooltip-qty-error tooltip-round-error hidden">
				<p>
					We do not have this in the weight you wanted. We've rounded your order to the nearest weight increment we stock.</p>
			</div>
		</div>
	</form>

<!-- End Template: AddToCartSmall -->

</div>
</div>
<div class="item">
		









































	
	
		
		
		
		
			
		
	





























<div class="module-grocery-product quickview-simple  clicked" data-quickview-ajax-url="/p/20301951003_EA/quickViewProduct" data-product-id="20301951003_EA"  data-product-price="$3.97">
    
	
	
		<span class="subtitle"></span>
	

	<div class="product-page-hotspot">
	    <div class="product-cell quickview-button">
	  	    <div class="product-image ">
                
	  		    <img src="https://assets.shop.loblaws.ca/products/20301951003/b1/en/front/20301951003_front_a01.png" onerror="this.src='https://assets.shop.loblaws.ca/products/NoImage/b1/en/front/NoImage_front_a01_@2.png';" alt="Kettle Cooked Potato Chips, Sea Salt & Malt Vinegar" />
                
	  			    
	  	        
                
                    
                

	  		    

	  		    

	  		    

	  		    <div class="hover-text-container">
	  			    <button href="#" tabindex="0" class="hover-text " aria-label="Quick View for Kettle Cooked Potato Chips, Sea Salt & Malt Vinegar.">Quick View</button>
	  		    </div>
	  	    </div>
	    </div>

	    <div class="product-in-cart">
	  	    <div class="wrapper-product-in-cart">
	  		    <span>
	  			    In Cart
	  		    </span>
	  	    </div>
	    </div>

	    <div class="product-info">
	  	    <div class="product-name-wrapper">
	  		    <a href="/Food/Pantry/Chips-%26-Salty-Snacks/Potato-Chips/Kettle-Cooked-Potato-Chips%2C-Sea-Salt-%26-Malt-Vinegar/p/20301951003_EA" class="product-name" aria-label="Product page for Kettle Cooked Potato Chips, Sea Salt & Malt Vinegar" >
	  			    <span class="js-product-entry-brand">Miss Vickies&nbsp;</span>

	  			    

	  			    <span class="js-product-entry-name">Kettle Cooked Potato Chips, Sea Salt & Malt Vinegar</span>

	  			    <span class="js-product-entry-size-detail">(220 g)</span>

	  		    </a>
	  	    </div>
	  	    
	  	    
	  		    
	  		    
	  			    



	
	
		
		<span class="ad-match-badge  hidden">Ad Match</span>
	

	  				
	  			        
	  					
	  				        
	  					
	  				
	  		    
	  	    

	  	    <div class="price">
			    <div class="price-wrapper no-discount  ">
				    <span class="reg-price  " aria-label="Regular Price: $3.97">
					    <span class="reg-price-text">$3.97</span>
					    
					    <sup class="reg-price-unit">ea</sup>
				    </span>
				    <span class="sale-price hidden" aria-label="Sale Price:">
					    <span class="sale-price-text"></span>
					    <sup class="sale-price-unit">ea</sup>
				    </span>
				    
				    <span class="secondary-price hidden">
					    
					    <span class="secondary-price-text" aria-label="Secondary Price:"></span>
				    </span>
			    </div>
	  	    </div>

	  	    <div class="qty">
	  		    <span class="reg-qty  ">
		
			
		  	
		  		<span class="sr-only">Sale Price Per Unit:</span>
        $1.80
        /
        100
        g
		  	
	  	
	</span>

	<span class="sale-qty hidden">
		
			
		  	
		  		<span class="sr-only">Sale Price Per Unit:</span>
        $1.80
        /
        100
        g
		  	
	  	
	</span>

	<span class="secondary-qty hidden">
		
	  	<span class="secondary-qty-text"></span>
	</span>
	  	    </div>
	    </div>


	    

	    
	</div>
	<form class="form-product  quickview-btn-simple"
	  data-product-id="20301951003_EA"
	  data-min-qty="1.0"
	  data-max-qty="999.0"
	  data-unit-type="ea"
	  data-cart-qty="1"
	  data-default-qty="1"
	  novalidate="novalidate"
	  promoCode=""
	  promoNumber=""
	  data-is-customized="false"
	  data-cart-url="/cart/product/20301951003_EA"
	  data-csrf-token="5582ec01-90c0-448b-b4f7-e2cf68d9f8a0"
	  data-is-weighted-product="false">

	<div class="module-add-to-cart " data-change-type="plus" data-auto-edit="true" data-auto-add="true"
		 data-cart-ajax-url="/cart/updateCart">
		<div class="wrapper-add-to-cart-btn">
					<div class="module-add-to-cart-button-small">
							<button type="button" class="btn btn-secondary btn-add-to-cart " data-auid="add-to-cart-button" data-has-pts-badge="false" aria-label="Add Kettle Cooked Potato Chips, Sea Salt & Malt Vinegar to cart">
										<span class="icon-cart"></span>
										<span class="add-to-cart-text">
											Add</span>
									</button>
									<button type="button" class="btn btn-secondary btn-edit-cart hidden " aria-label="Edit Cart">
										<span class="qty-in-cart"></span>
										<span class="edit-cart-text">
											<spring code="product.edit.text" />"
										</span>
									</button>
								<div class="add-list-parent add-list-module  bottom-add-list-module ">
	<button class="btn btn-inline-link btn-save-to-list  dark is-btn-animated" 
	  data-login-url="/account/login?productCode=20301951003_EA" 
	  data-ajax-url="/restful/lists/all?productCode=20301951003_EA" 
	  data-user-guest="Y" 
	  data-user-guest="Y" data-product-code="20301951003_EA" 
	  data-delete-item="false"
	  aria-label="Add Kettle Cooked Potato Chips, Sea Salt & Malt Vinegar to a List">
	  <span class="glyphicon glyphicon-th-list"></span>
	  <div class="list-cta-text  is-btn-animated">Add to List</div>
	</button>
	 
	<!-- this is the list HTML   -->
	<div class="save-to-list-popup  is-btn-animated animation-up dark" 
	  data-save-to-list-error="Can not get lists at this time. Please try again later."
	  data-product-name="Kettle Cooked Potato Chips, Sea Salt & Malt Vinegar">
	  <div class="inner-container">
	  </div>
	  
	</div>
</div>

</div>
				</div>
			</div>


	<div class="module-plus-minus-buttons small hidden ">
			<button type="button" class="btn cart-change-qty" data-change-type="minus" data-auid="decrease-product-quantity" alt="Minus" aria-label="Minus">
				<span class="icon-minimize"></span>
			</button>
			<div class="plus-minus-input-wrapper">
				<input class="input-qty cart-change-qty" aria-label="Enter manual quantity" type="text" name="qty" title="Change quantity in cart"
							data-unit-type="ea"
							value="1ea" data-change-type="equals"
							maxlength="7">

						<span class="input-qty-pretty">
							<span class="input-qty-pretty-value">1</span>
							<span class="input-qty-pretty-unit"></span>
						</span>
					</div>

			<button type="button" class="btn cart-change-qty" data-change-type="plus" data-auid="increase-product-quantity" alt="Plus" aria-label="Plus">
				<span class="icon-plus-sign"></span>
			</button>

			<p class="deal-limit-reached hidden">Deal Limit Reached</p>

			<div class="tooltip-qty-error tooltip-qty-limit hidden">
				<p>
					Limit to
					&nbsp;
					999
					&nbsp;each&nbsp;
					per customer.</p>
			</div>
			<div class="tooltip-qty-error tooltip-round-error hidden">
				<p>
					We do not have this in the weight you wanted. We've rounded your order to the nearest weight increment we stock.</p>
			</div>
		</div>
	</form>

<!-- End Template: AddToCartSmall -->

</div>
</div>
<div class="item">
		






































	




	
	
		
		
		
		
			
		
	





























<div class="module-grocery-product quickview-simple  clicked" data-quickview-ajax-url="/p/20298997007_EA/quickViewProduct" data-product-id="20298997007_EA"  data-product-price="$2.48">
    
	
	
		<span class="subtitle"></span>
	

	<div class="product-page-hotspot">
	    <div class="product-cell quickview-button">
	  	    <div class="product-image ">
                
	  		    <img src="https://assets.shop.loblaws.ca/products/20298997007/b1/en/front/20298997007_front_a01.png" onerror="this.src='https://assets.shop.loblaws.ca/products/NoImage/b1/en/front/NoImage_front_a01_@2.png';" alt="Kettle Chips, New York Cheddar" />
                
	  			    
	  			        <span class="sticker deal">
	  				        <span class="deal-badge">
	  				            
	  			                
	  				            

	  				            <span class="module-deal-badge module-deal-badge-grid simple-save-unit "
	  						        data-deal-type="$2.48 LIMIT 4"
	  						        data-ajax-promo-url="/simpleDeal/deals/product-tile?productCode=20298997007_EA"
	  						        data-deal-id="20298997007_EA">
	  						        <span class="deal-type">$2.48 LIMIT 4</span>
	  						            








	<span class="deal-expiry">
		Exp. 12/20
	</span>

	  					                
	  				            </span>
	  			            </span>
	  		            </span>
	  			        
	  	            
	  	        
                
                    
                

	  		    

	  		    

	  		    

	  		    <div class="hover-text-container">
	  			    <button href="#" tabindex="0" class="hover-text " aria-label="Quick View for Kettle Chips, New York Cheddar.">Quick View</button>
	  		    </div>
	  	    </div>
	    </div>

	    <div class="product-in-cart">
	  	    <div class="wrapper-product-in-cart">
	  		    <span>
	  			    In Cart
	  		    </span>
	  	    </div>
	    </div>

	    <div class="product-info">
	  	    <div class="product-name-wrapper">
	  		    <a href="/Food/Natural-%26-Organic/Pantry/Snacks-%26-Candy/Kettle-Chips%2C-New-York-Cheddar/p/20298997007_EA" class="product-name" aria-label="Product page for Kettle Chips, New York Cheddar" >
	  			    <span class="js-product-entry-brand">Kettle&nbsp;</span>

	  			    

	  			    <span class="js-product-entry-name">Kettle Chips, New York Cheddar</span>

	  			    <span class="js-product-entry-size-detail">(220 g)</span>

	  		    </a>
	  	    </div>
	  	    
	  	    
	  		    
	  		    
	  			    



	
	
		
		<span class="ad-match-badge  hidden">Ad Match</span>
	

	  				
	  			        
	  					
	  				        
	  					
	  				
	  		    
	  	    

	  	    <div class="price">
			    <div class="price-wrapper no-discount promo-alert ">
				    <span class="reg-price  price-alert" aria-label="Regular Price: $2.48">
					    <span class="reg-price-text">$2.48</span>
					    
					    <sup class="reg-price-unit">ea</sup>
				    </span>
				    <span class="sale-price hidden" aria-label="Sale Price:">
					    <span class="sale-price-text"></span>
					    <sup class="sale-price-unit">ea</sup>
				    </span>
				    
				    <span class="secondary-price hidden">
					    
					    <span class="secondary-price-text" aria-label="Secondary Price:"></span>
				    </span>
			    </div>
	  	    </div>

	  	    <div class="qty">
	  		    <span class="reg-qty  price-alert">
		
			
		  	
		  		<span class="sr-only">Sale Price Per Unit:</span>
        $1.13
        /
        100
        g
		  	
	  	
	</span>

	<span class="sale-qty hidden">
		
			
		  	
		  		<span class="sr-only">Sale Price Per Unit:</span>
        $1.13
        /
        100
        g
		  	
	  	
	</span>

	<span class="secondary-qty hidden">
		
	  	<span class="secondary-qty-text"></span>
	</span>
	  	    </div>
	    </div>


	    

	    
	</div>
	<form class="form-product  quickview-btn-simple"
	  data-product-id="20298997007_EA"
	  data-min-qty="1.0"
	  data-max-qty="999.0"
	  data-unit-type="ea"
	  data-cart-qty="1"
	  data-default-qty="1"
	  novalidate="novalidate"
	  promoCode=""
	  promoNumber=""
	  data-is-customized="false"
	  data-cart-url="/cart/product/20298997007_EA"
	  data-csrf-token="5582ec01-90c0-448b-b4f7-e2cf68d9f8a0"
	  data-is-weighted-product="false">

	<div class="module-add-to-cart " data-change-type="plus" data-auto-edit="true" data-auto-add="true"
		 data-cart-ajax-url="/cart/updateCart">
		<div class="wrapper-add-to-cart-btn">
					<div class="module-add-to-cart-button-small">
							<button type="button" class="btn btn-secondary btn-add-to-cart " data-auid="add-to-cart-button" data-has-pts-badge="false" aria-label="Add Kettle Chips, New York Cheddar to cart">
										<span class="icon-cart"></span>
										<span class="add-to-cart-text">
											Add</span>
									</button>
									<button type="button" class="btn btn-secondary btn-edit-cart hidden " aria-label="Edit Cart">
										<span class="qty-in-cart"></span>
										<span class="edit-cart-text">
											<spring code="product.edit.text" />"
										</span>
									</button>
								<div class="add-list-parent add-list-module  bottom-add-list-module ">
	<button class="btn btn-inline-link btn-save-to-list  dark is-btn-animated" 
	  data-login-url="/account/login?productCode=20298997007_EA" 
	  data-ajax-url="/restful/lists/all?productCode=20298997007_EA" 
	  data-user-guest="Y" 
	  data-user-guest="Y" data-product-code="20298997007_EA" 
	  data-delete-item="false"
	  aria-label="Add Kettle Chips, New York Cheddar to a List">
	  <span class="glyphicon glyphicon-th-list"></span>
	  <div class="list-cta-text  is-btn-animated">Add to List</div>
	</button>
	 
	<!-- this is the list HTML   -->
	<div class="save-to-list-popup  is-btn-animated animation-up dark" 
	  data-save-to-list-error="Can not get lists at this time. Please try again later."
	  data-product-name="Kettle Chips, New York Cheddar">
	  <div class="inner-container">
	  </div>
	  
	</div>
</div>

</div>
				</div>
			</div>


	<div class="module-plus-minus-buttons small hidden ">
			<button type="button" class="btn cart-change-qty" data-change-type="minus" data-auid="decrease-product-quantity" alt="Minus" aria-label="Minus">
				<span class="icon-minimize"></span>
			</button>
			<div class="plus-minus-input-wrapper">
				<input class="input-qty cart-change-qty" aria-label="Enter manual quantity" type="text" name="qty" title="Change quantity in cart"
							data-unit-type="ea"
							value="1ea" data-change-type="equals"
							maxlength="7">

						<span class="input-qty-pretty">
							<span class="input-qty-pretty-value">1</span>
							<span class="input-qty-pretty-unit"></span>
						</span>
					</div>

			<button type="button" class="btn cart-change-qty" data-change-type="plus" data-auid="increase-product-quantity" alt="Plus" aria-label="Plus">
				<span class="icon-plus-sign"></span>
			</button>

			<p class="deal-limit-reached hidden">Deal Limit Reached</p>

			<div class="tooltip-qty-error tooltip-qty-limit hidden">
				<p>
					Limit to
					&nbsp;
					999
					&nbsp;each&nbsp;
					per customer.</p>
			</div>
			<div class="tooltip-qty-error tooltip-round-error hidden">
				<p>
					We do not have this in the weight you wanted. We've rounded your order to the nearest weight increment we stock.</p>
			</div>
		</div>
	</form>

<!-- End Template: AddToCartSmall -->

</div>
</div>
<div class="item">
		






































	




	
	
		
		
		
		
			
		
	





























<div class="module-grocery-product quickview-simple  clicked" data-quickview-ajax-url="/p/21051336_EA/quickViewProduct" data-product-id="21051336_EA"  data-product-price="$3.98">
    
	
	
		<span class="subtitle"></span>
	

	<div class="product-page-hotspot">
	    <div class="product-cell quickview-button">
	  	    <div class="product-image ">
                
	  		    <img src="https://assets.shop.loblaws.ca/products/21051336/b1/en/front/21051336_front_a01.png" onerror="this.src='https://assets.shop.loblaws.ca/products/NoImage/b1/en/front/NoImage_front_a01_@2.png';" alt="Organic Carnival Tortilla Chips" />
                
	  			    
	  			        <span class="sticker deal">
	  				        <span class="deal-badge">
	  				            
	  			                
	  				            

	  				            <span class="module-deal-badge module-deal-badge-grid simple-save-unit "
	  						        data-deal-type="$3.98 LIMIT 4"
	  						        data-ajax-promo-url="/simpleDeal/deals/product-tile?productCode=21051336_EA"
	  						        data-deal-id="21051336_EA">
	  						        <span class="deal-type">$3.98 LIMIT 4</span>
	  						            








	<span class="deal-expiry">
		Exp. 12/27
	</span>

	  					                
	  				            </span>
	  			            </span>
	  		            </span>
	  			        
	  	            
	  	        
                
                    
                

	  		    

	  		    

	  		    

	  		    <div class="hover-text-container">
	  			    <button href="#" tabindex="0" class="hover-text " aria-label="Quick View for Organic Carnival Tortilla Chips.">Quick View</button>
	  		    </div>
	  	    </div>
	    </div>

	    <div class="product-in-cart">
	  	    <div class="wrapper-product-in-cart">
	  		    <span>
	  			    In Cart
	  		    </span>
	  	    </div>
	    </div>

	    <div class="product-info">
	  	    <div class="product-name-wrapper">
	  		    <a href="/Food/Pantry/Chips-%26-Salty-Snacks/Potato-Chips/Que-Pasa-Organic-Carnival-Tortilla-Chips/p/21051336_EA" class="product-name" aria-label="Product page for Organic Carnival Tortilla Chips" >
	  			    <span class="js-product-entry-brand">Que Pasa&nbsp;</span>

	  			    

	  			    <span class="js-product-entry-name">Organic Carnival Tortilla Chips</span>

	  			    <span class="js-product-entry-size-detail">(300 g)</span>

	  		    </a>
	  	    </div>
	  	    
	  	    
	  		    
	  		    
	  			    



	
	
		
		<span class="ad-match-badge  hidden">Ad Match</span>
	

	  				
	  			        
	  					
	  				        
	  					
	  				
	  		    
	  	    

	  	    <div class="price">
			    <div class="price-wrapper no-discount promo-alert ">
				    <span class="reg-price  price-alert" aria-label="Regular Price: $3.98">
					    <span class="reg-price-text">$3.98</span>
					    
					    <sup class="reg-price-unit">ea</sup>
				    </span>
				    <span class="sale-price hidden" aria-label="Sale Price:">
					    <span class="sale-price-text"></span>
					    <sup class="sale-price-unit">ea</sup>
				    </span>
				    
				    <span class="secondary-price hidden">
					    
					    <span class="secondary-price-text" aria-label="Secondary Price:"></span>
				    </span>
			    </div>
	  	    </div>

	  	    <div class="qty">
	  		    <span class="reg-qty  price-alert">
		
			
		  	
		  		<span class="sr-only">Sale Price Per Unit:</span>
        $1.33
        /
        100
        g
		  	
	  	
	</span>

	<span class="sale-qty hidden">
		
			
		  	
		  		<span class="sr-only">Sale Price Per Unit:</span>
        $1.33
        /
        100
        g
		  	
	  	
	</span>

	<span class="secondary-qty hidden">
		
	  	<span class="secondary-qty-text"></span>
	</span>
	  	    </div>
	    </div>


	    

	    
	</div>
	<form class="form-product  quickview-btn-simple"
	  data-product-id="21051336_EA"
	  data-min-qty="1.0"
	  data-max-qty="999.0"
	  data-unit-type="ea"
	  data-cart-qty="1"
	  data-default-qty="1"
	  novalidate="novalidate"
	  promoCode=""
	  promoNumber=""
	  data-is-customized="false"
	  data-cart-url="/cart/product/21051336_EA"
	  data-csrf-token="5582ec01-90c0-448b-b4f7-e2cf68d9f8a0"
	  data-is-weighted-product="false">

	<div class="module-add-to-cart " data-change-type="plus" data-auto-edit="true" data-auto-add="true"
		 data-cart-ajax-url="/cart/updateCart">
		<div class="wrapper-add-to-cart-btn">
					<div class="module-add-to-cart-button-small">
							<button type="button" class="btn btn-secondary btn-add-to-cart " data-auid="add-to-cart-button" data-has-pts-badge="false" aria-label="Add Organic Carnival Tortilla Chips to cart">
										<span class="icon-cart"></span>
										<span class="add-to-cart-text">
											Add</span>
									</button>
									<button type="button" class="btn btn-secondary btn-edit-cart hidden " aria-label="Edit Cart">
										<span class="qty-in-cart"></span>
										<span class="edit-cart-text">
											<spring code="product.edit.text" />"
										</span>
									</button>
								<div class="add-list-parent add-list-module  bottom-add-list-module ">
	<button class="btn btn-inline-link btn-save-to-list  dark is-btn-animated" 
	  data-login-url="/account/login?productCode=21051336_EA" 
	  data-ajax-url="/restful/lists/all?productCode=21051336_EA" 
	  data-user-guest="Y" 
	  data-user-guest="Y" data-product-code="21051336_EA" 
	  data-delete-item="false"
	  aria-label="Add Organic Carnival Tortilla Chips to a List">
	  <span class="glyphicon glyphicon-th-list"></span>
	  <div class="list-cta-text  is-btn-animated">Add to List</div>
	</button>
	 
	<!-- this is the list HTML   -->
	<div class="save-to-list-popup  is-btn-animated animation-up dark" 
	  data-save-to-list-error="Can not get lists at this time. Please try again later."
	  data-product-name="Organic Carnival Tortilla Chips">
	  <div class="inner-container">
	  </div>
	  
	</div>
</div>

</div>
				</div>
			</div>


	<div class="module-plus-minus-buttons small hidden ">
			<button type="button" class="btn cart-change-qty" data-change-type="minus" data-auid="decrease-product-quantity" alt="Minus" aria-label="Minus">
				<span class="icon-minimize"></span>
			</button>
			<div class="plus-minus-input-wrapper">
				<input class="input-qty cart-change-qty" aria-label="Enter manual quantity" type="text" name="qty" title="Change quantity in cart"
							data-unit-type="ea"
							value="1ea" data-change-type="equals"
							maxlength="7">

						<span class="input-qty-pretty">
							<span class="input-qty-pretty-value">1</span>
							<span class="input-qty-pretty-unit"></span>
						</span>
					</div>

			<button type="button" class="btn cart-change-qty" data-change-type="plus" data-auid="increase-product-quantity" alt="Plus" aria-label="Plus">
				<span class="icon-plus-sign"></span>
			</button>

			<p class="deal-limit-reached hidden">Deal Limit Reached</p>

			<div class="tooltip-qty-error tooltip-qty-limit hidden">
				<p>
					Limit to
					&nbsp;
					999
					&nbsp;each&nbsp;
					per customer.</p>
			</div>
			<div class="tooltip-qty-error tooltip-round-error hidden">
				<p>
					We do not have this in the weight you wanted. We've rounded your order to the nearest weight increment we stock.</p>
			</div>
		</div>
	</form>

<!-- End Template: AddToCartSmall -->

</div>
</div>
<div class="item">
		









































	
	
		
		
		
		
			
		
	





























<div class="module-grocery-product quickview-simple  clicked" data-quickview-ajax-url="/p/20503479004_EA/quickViewProduct" data-product-id="20503479004_EA"  data-product-price="$3.28">
    
	
	
		<span class="subtitle"></span>
	

	<div class="product-page-hotspot">
	    <div class="product-cell quickview-button">
	  	    <div class="product-image ">
                
	  		    <img src="https://assets.shop.loblaws.ca/products/20503479004/b1/en/front/20503479004_front_a01.png" onerror="this.src='https://assets.shop.loblaws.ca/products/NoImage/b1/en/front/NoImage_front_a01_@2.png';" alt="Dutch Crunch Kettle Chips, Sea Salt & Malt Vinegar" />
                
	  			    
	  	        
                
                    
                

	  		    

	  		    

	  		    

	  		    <div class="hover-text-container">
	  			    <button href="#" tabindex="0" class="hover-text " aria-label="Quick View for Dutch Crunch Kettle Chips, Sea Salt & Malt Vinegar.">Quick View</button>
	  		    </div>
	  	    </div>
	    </div>

	    <div class="product-in-cart">
	  	    <div class="wrapper-product-in-cart">
	  		    <span>
	  			    In Cart
	  		    </span>
	  	    </div>
	    </div>

	    <div class="product-info">
	  	    <div class="product-name-wrapper">
	  		    <a href="/Food/Pantry/Chips-%26-Salty-Snacks/Potato-Chips/Old-Dutch-DUTCH-CRUNCH-Dutch-Crunch-Kettle-Chips%2C-Sea-Salt-%26-Malt-Vinegar/p/20503479004_EA" class="product-name" aria-label="Product page for Dutch Crunch Kettle Chips, Sea Salt & Malt Vinegar" >
	  			    <span class="js-product-entry-brand">Old Dutch&nbsp;</span>

	  			    <span class="js-product-entry-subbrand">DUTCH CRUNCH&nbsp;</span>

	  			    <span class="js-product-entry-name">Dutch Crunch Kettle Chips, Sea Salt & Malt Vinegar</span>

	  			    <span class="js-product-entry-size-detail">(200 g)</span>

	  		    </a>
	  	    </div>
	  	    
	  	    
	  		    
	  		    
	  			    



	
	
		
		<span class="ad-match-badge  hidden">Ad Match</span>
	

	  				
	  			        
	  					
	  				        
	  					
	  				
	  		    
	  	    

	  	    <div class="price">
			    <div class="price-wrapper no-discount  ">
				    <span class="reg-price  " aria-label="Regular Price: $3.28">
					    <span class="reg-price-text">$3.28</span>
					    
					    <sup class="reg-price-unit">ea</sup>
				    </span>
				    <span class="sale-price hidden" aria-label="Sale Price:">
					    <span class="sale-price-text"></span>
					    <sup class="sale-price-unit">ea</sup>
				    </span>
				    
				    <span class="secondary-price hidden">
					    
					    <span class="secondary-price-text" aria-label="Secondary Price:"></span>
				    </span>
			    </div>
	  	    </div>

	  	    <div class="qty">
	  		    <span class="reg-qty  ">
		
			
		  	
		  		<span class="sr-only">Sale Price Per Unit:</span>
        $1.64
        /
        100
        g
		  	
	  	
	</span>

	<span class="sale-qty hidden">
		
			
		  	
		  		<span class="sr-only">Sale Price Per Unit:</span>
        $1.64
        /
        100
        g
		  	
	  	
	</span>

	<span class="secondary-qty hidden">
		
	  	<span class="secondary-qty-text"></span>
	</span>
	  	    </div>
	    </div>


	    

	    
	</div>
	<form class="form-product  quickview-btn-simple"
	  data-product-id="20503479004_EA"
	  data-min-qty="1.0"
	  data-max-qty="999.0"
	  data-unit-type="ea"
	  data-cart-qty="1"
	  data-default-qty="1"
	  novalidate="novalidate"
	  promoCode=""
	  promoNumber=""
	  data-is-customized="false"
	  data-cart-url="/cart/product/20503479004_EA"
	  data-csrf-token="5582ec01-90c0-448b-b4f7-e2cf68d9f8a0"
	  data-is-weighted-product="false">

	<div class="module-add-to-cart " data-change-type="plus" data-auto-edit="true" data-auto-add="true"
		 data-cart-ajax-url="/cart/updateCart">
		<div class="wrapper-add-to-cart-btn">
					<div class="module-add-to-cart-button-small">
							<button type="button" class="btn btn-secondary btn-add-to-cart " data-auid="add-to-cart-button" data-has-pts-badge="false" aria-label="Add Dutch Crunch Kettle Chips, Sea Salt & Malt Vinegar to cart">
										<span class="icon-cart"></span>
										<span class="add-to-cart-text">
											Add</span>
									</button>
									<button type="button" class="btn btn-secondary btn-edit-cart hidden " aria-label="Edit Cart">
										<span class="qty-in-cart"></span>
										<span class="edit-cart-text">
											<spring code="product.edit.text" />"
										</span>
									</button>
								<div class="add-list-parent add-list-module  bottom-add-list-module ">
	<button class="btn btn-inline-link btn-save-to-list  dark is-btn-animated" 
	  data-login-url="/account/login?productCode=20503479004_EA" 
	  data-ajax-url="/restful/lists/all?productCode=20503479004_EA" 
	  data-user-guest="Y" 
	  data-user-guest="Y" data-product-code="20503479004_EA" 
	  data-delete-item="false"
	  aria-label="Add Dutch Crunch Kettle Chips, Sea Salt & Malt Vinegar to a List">
	  <span class="glyphicon glyphicon-th-list"></span>
	  <div class="list-cta-text  is-btn-animated">Add to List</div>
	</button>
	 
	<!-- this is the list HTML   -->
	<div class="save-to-list-popup  is-btn-animated animation-up dark" 
	  data-save-to-list-error="Can not get lists at this time. Please try again later."
	  data-product-name="Dutch Crunch Kettle Chips, Sea Salt & Malt Vinegar">
	  <div class="inner-container">
	  </div>
	  
	</div>
</div>

</div>
				</div>
			</div>


	<div class="module-plus-minus-buttons small hidden ">
			<button type="button" class="btn cart-change-qty" data-change-type="minus" data-auid="decrease-product-quantity" alt="Minus" aria-label="Minus">
				<span class="icon-minimize"></span>
			</button>
			<div class="plus-minus-input-wrapper">
				<input class="input-qty cart-change-qty" aria-label="Enter manual quantity" type="text" name="qty" title="Change quantity in cart"
							data-unit-type="ea"
							value="1ea" data-change-type="equals"
							maxlength="7">

						<span class="input-qty-pretty">
							<span class="input-qty-pretty-value">1</span>
							<span class="input-qty-pretty-unit"></span>
						</span>
					</div>

			<button type="button" class="btn cart-change-qty" data-change-type="plus" data-auid="increase-product-quantity" alt="Plus" aria-label="Plus">
				<span class="icon-plus-sign"></span>
			</button>

			<p class="deal-limit-reached hidden">Deal Limit Reached</p>

			<div class="tooltip-qty-error tooltip-qty-limit hidden">
				<p>
					Limit to
					&nbsp;
					999
					&nbsp;each&nbsp;
					per customer.</p>
			</div>
			<div class="tooltip-qty-error tooltip-round-error hidden">
				<p>
					We do not have this in the weight you wanted. We've rounded your order to the nearest weight increment we stock.</p>
			</div>
		</div>
	</form>

<!-- End Template: AddToCartSmall -->

</div>
</div>
<div class="item">
		






































	




	
	
		
		
		
		
			
		
	





























<div class="module-grocery-product quickview-simple  clicked" data-quickview-ajax-url="/p/21031311_EA/quickViewProduct" data-product-id="21031311_EA"  data-product-price="$2.98">
    
	
	
		<span class="subtitle"></span>
	

	<div class="product-page-hotspot">
	    <div class="product-cell quickview-button">
	  	    <div class="product-image ">
                
	  		    <img src="https://assets.shop.loblaws.ca/products/21031311/b1/en/front/21031311_front_a01.png" onerror="this.src='https://assets.shop.loblaws.ca/products/NoImage/b1/en/front/NoImage_front_a01_@2.png';" alt="Unsalted Tortilla Chips" />
                
	  			    
	  			        <span class="sticker deal">
	  				        <span class="deal-badge">
	  				            
	  			                
	  				            

	  				            <span class="module-deal-badge module-deal-badge-grid simple-save-unit "
	  						        data-deal-type="$2.98 LIMIT 4"
	  						        data-ajax-promo-url="/simpleDeal/deals/product-tile?productCode=21031311_EA"
	  						        data-deal-id="21031311_EA">
	  						        <span class="deal-type">$2.98 LIMIT 4</span>
	  						            








	<span class="deal-expiry">
		Exp. 12/27
	</span>

	  					                
	  				            </span>
	  			            </span>
	  		            </span>
	  			        
	  	            
	  	        
                
                    
                

	  		    

	  		    

	  		    

	  		    <div class="hover-text-container">
	  			    <button href="#" tabindex="0" class="hover-text " aria-label="Quick View for Unsalted Tortilla Chips.">Quick View</button>
	  		    </div>
	  	    </div>
	    </div>

	    <div class="product-in-cart">
	  	    <div class="wrapper-product-in-cart">
	  		    <span>
	  			    In Cart
	  		    </span>
	  	    </div>
	    </div>

	    <div class="product-info">
	  	    <div class="product-name-wrapper">
	  		    <a href="/Food/Pantry/Chips-%26-Salty-Snacks/Potato-Chips/Que-Pasa-Unsalted-Tortilla-Chips/p/21031311_EA" class="product-name" aria-label="Product page for Unsalted Tortilla Chips" >
	  			    <span class="js-product-entry-brand">Que Pasa&nbsp;</span>

	  			    

	  			    <span class="js-product-entry-name">Unsalted Tortilla Chips</span>

	  			    <span class="js-product-entry-size-detail">(350 g)</span>

	  		    </a>
	  	    </div>
	  	    
	  	    
	  		    
	  		    
	  			    



	
	
		
		<span class="ad-match-badge  hidden">Ad Match</span>
	

	  				
	  			        
	  					
	  				        
	  					
	  				
	  		    
	  	    

	  	    <div class="price">
			    <div class="price-wrapper no-discount promo-alert ">
				    <span class="reg-price  price-alert" aria-label="Regular Price: $2.98">
					    <span class="reg-price-text">$2.98</span>
					    
					    <sup class="reg-price-unit">ea</sup>
				    </span>
				    <span class="sale-price hidden" aria-label="Sale Price:">
					    <span class="sale-price-text"></span>
					    <sup class="sale-price-unit">ea</sup>
				    </span>
				    
				    <span class="secondary-price hidden">
					    
					    <span class="secondary-price-text" aria-label="Secondary Price:"></span>
				    </span>
			    </div>
	  	    </div>

	  	    <div class="qty">
	  		    <span class="reg-qty  price-alert">
		
			
		  	
		  		<span class="sr-only">Sale Price Per Unit:</span>
        $0.85
        /
        100
        g
		  	
	  	
	</span>

	<span class="sale-qty hidden">
		
			
		  	
		  		<span class="sr-only">Sale Price Per Unit:</span>
        $0.85
        /
        100
        g
		  	
	  	
	</span>

	<span class="secondary-qty hidden">
		
	  	<span class="secondary-qty-text"></span>
	</span>
	  	    </div>
	    </div>


	    

	    
	</div>
	<form class="form-product  quickview-btn-simple"
	  data-product-id="21031311_EA"
	  data-min-qty="1.0"
	  data-max-qty="999.0"
	  data-unit-type="ea"
	  data-cart-qty="1"
	  data-default-qty="1"
	  novalidate="novalidate"
	  promoCode=""
	  promoNumber=""
	  data-is-customized="false"
	  data-cart-url="/cart/product/21031311_EA"
	  data-csrf-token="5582ec01-90c0-448b-b4f7-e2cf68d9f8a0"
	  data-is-weighted-product="false">

	<div class="module-add-to-cart " data-change-type="plus" data-auto-edit="true" data-auto-add="true"
		 data-cart-ajax-url="/cart/updateCart">
		<div class="wrapper-add-to-cart-btn">
					<div class="module-add-to-cart-button-small">
							<button type="button" class="btn btn-secondary btn-add-to-cart " data-auid="add-to-cart-button" data-has-pts-badge="false" aria-label="Add Unsalted Tortilla Chips to cart">
										<span class="icon-cart"></span>
										<span class="add-to-cart-text">
											Add</span>
									</button>
									<button type="button" class="btn btn-secondary btn-edit-cart hidden " aria-label="Edit Cart">
										<span class="qty-in-cart"></span>
										<span class="edit-cart-text">
											<spring code="product.edit.text" />"
										</span>
									</button>
								<div class="add-list-parent add-list-module  bottom-add-list-module ">
	<button class="btn btn-inline-link btn-save-to-list  dark is-btn-animated" 
	  data-login-url="/account/login?productCode=21031311_EA" 
	  data-ajax-url="/restful/lists/all?productCode=21031311_EA" 
	  data-user-guest="Y" 
	  data-user-guest="Y" data-product-code="21031311_EA" 
	  data-delete-item="false"
	  aria-label="Add Unsalted Tortilla Chips to a List">
	  <span class="glyphicon glyphicon-th-list"></span>
	  <div class="list-cta-text  is-btn-animated">Add to List</div>
	</button>
	 
	<!-- this is the list HTML   -->
	<div class="save-to-list-popup  is-btn-animated animation-up dark" 
	  data-save-to-list-error="Can not get lists at this time. Please try again later."
	  data-product-name="Unsalted Tortilla Chips">
	  <div class="inner-container">
	  </div>
	  
	</div>
</div>

</div>
				</div>
			</div>


	<div class="module-plus-minus-buttons small hidden ">
			<button type="button" class="btn cart-change-qty" data-change-type="minus" data-auid="decrease-product-quantity" alt="Minus" aria-label="Minus">
				<span class="icon-minimize"></span>
			</button>
			<div class="plus-minus-input-wrapper">
				<input class="input-qty cart-change-qty" aria-label="Enter manual quantity" type="text" name="qty" title="Change quantity in cart"
							data-unit-type="ea"
							value="1ea" data-change-type="equals"
							maxlength="7">

						<span class="input-qty-pretty">
							<span class="input-qty-pretty-value">1</span>
							<span class="input-qty-pretty-unit"></span>
						</span>
					</div>

			<button type="button" class="btn cart-change-qty" data-change-type="plus" data-auid="increase-product-quantity" alt="Plus" aria-label="Plus">
				<span class="icon-plus-sign"></span>
			</button>

			<p class="deal-limit-reached hidden">Deal Limit Reached</p>

			<div class="tooltip-qty-error tooltip-qty-limit hidden">
				<p>
					Limit to
					&nbsp;
					999
					&nbsp;each&nbsp;
					per customer.</p>
			</div>
			<div class="tooltip-qty-error tooltip-round-error hidden">
				<p>
					We do not have this in the weight you wanted. We've rounded your order to the nearest weight increment we stock.</p>
			</div>
		</div>
	</form>

<!-- End Template: AddToCartSmall -->

</div>
</div>
<div class="item">
		









































	
	
		
		
		
		
			
		
	





























<div class="module-grocery-product quickview-simple  clicked" data-quickview-ajax-url="/p/20063709_EA/quickViewProduct" data-product-id="20063709_EA"  data-product-price="$2.58">
    
	
	
		<span class="subtitle"></span>
	

	<div class="product-page-hotspot">
	    <div class="product-cell quickview-button">
	  	    <div class="product-image ">
                
	  		    <img src="https://assets.shop.loblaws.ca/products/20063709/b1/en/front/20063709_front_a01.png" onerror="this.src='https://assets.shop.loblaws.ca/products/NoImage/b1/en/front/NoImage_front_a01_@2.png';" alt="Popcorn Twists" />
                
	  			    
	  			        <span class="sticker deal">
	  				        <span class="deal-badge">
	  				            
	  			                
	  				            

	  				            <span class="module-deal-badge module-deal-badge-grid simple-save-unit "
	  						        data-deal-type="2 FOR $4.64"
	  						        data-ajax-promo-url="/simpleDeal/deals/product-tile?productCode=20063709_EA"
	  						        data-deal-id="20063709_EA">
	  						        <span class="deal-type">2 FOR $4.64</span>
	  						            








	<span class="deal-expiry">
		Exp. 12/31
	</span>

	  					                
	  				            </span>
	  			            </span>
	  		            </span>
	  			        
	  	            
	  	        
                
                    
                

	  		    

	  		    

	  		    

	  		    <div class="hover-text-container">
	  			    <button href="#" tabindex="0" class="hover-text " aria-label="Quick View for Popcorn Twists.">Quick View</button>
	  		    </div>
	  	    </div>
	    </div>

	    <div class="product-in-cart">
	  	    <div class="wrapper-product-in-cart">
	  		    <span>
	  			    In Cart
	  		    </span>
	  	    </div>
	    </div>

	    <div class="product-info">
	  	    <div class="product-name-wrapper">
	  		    <a href="/No-Navigation-Supercategory/Popcorn-%26-Pretzels/Popcorn-Twists/p/20063709_EA" class="product-name" aria-label="Product page for Popcorn Twists" >
	  			    <span class="js-product-entry-brand">Old Dutch&nbsp;</span>

	  			    

	  			    <span class="js-product-entry-name">Popcorn Twists</span>

	  			    <span class="js-product-entry-size-detail">(175 g)</span>

	  		    </a>
	  	    </div>
	  	    
	  	    
	  		    
	  		    
	  			    



	
	
		
		<span class="ad-match-badge  hidden">Ad Match</span>
	

	  				
	  			        
	  					
	  				        
	  					
	  				
	  		    
	  	    

	  	    <div class="price">
			    <div class="price-wrapper no-discount  ">
				    <span class="reg-price  " aria-label="Regular Price: $2.58">
					    <span class="reg-price-text">$2.58</span>
					    
					    <sup class="reg-price-unit">ea</sup>
				    </span>
				    <span class="sale-price hidden" aria-label="Sale Price:">
					    <span class="sale-price-text"></span>
					    <sup class="sale-price-unit">ea</sup>
				    </span>
				    
				    <span class="secondary-price hidden">
					    
					    <span class="secondary-price-text" aria-label="Secondary Price:"></span>
				    </span>
			    </div>
	  	    </div>

	  	    <div class="qty">
	  		    <span class="reg-qty  ">
		
			
		  	
		  		<span class="sr-only">Sale Price Per Unit:</span>
        $1.47
        /
        100
        g
		  	
	  	
	</span>

	<span class="sale-qty hidden">
		
			
		  	
		  		<span class="sr-only">Sale Price Per Unit:</span>
        $1.47
        /
        100
        g
		  	
	  	
	</span>

	<span class="secondary-qty hidden">
		
	  	<span class="secondary-qty-text"></span>
	</span>
	  	    </div>
	    </div>


	    

	    
	</div>
	<form class="form-product  quickview-btn-simple"
	  data-product-id="20063709_EA"
	  data-min-qty="1.0"
	  data-max-qty="999.0"
	  data-unit-type="ea"
	  data-cart-qty="1"
	  data-default-qty="1"
	  novalidate="novalidate"
	  promoCode=""
	  promoNumber=""
	  data-is-customized="false"
	  data-cart-url="/cart/product/20063709_EA"
	  data-csrf-token="5582ec01-90c0-448b-b4f7-e2cf68d9f8a0"
	  data-is-weighted-product="false">

	<div class="module-add-to-cart " data-change-type="plus" data-auto-edit="true" data-auto-add="true"
		 data-cart-ajax-url="/cart/updateCart">
		<div class="wrapper-add-to-cart-btn">
					<div class="module-add-to-cart-button-small">
							<button type="button" class="btn btn-secondary btn-add-to-cart " data-auid="add-to-cart-button" data-has-pts-badge="false" aria-label="Add Popcorn Twists to cart">
										<span class="icon-cart"></span>
										<span class="add-to-cart-text">
											Add</span>
									</button>
									<button type="button" class="btn btn-secondary btn-edit-cart hidden " aria-label="Edit Cart">
										<span class="qty-in-cart"></span>
										<span class="edit-cart-text">
											<spring code="product.edit.text" />"
										</span>
									</button>
								<div class="add-list-parent add-list-module  bottom-add-list-module ">
	<button class="btn btn-inline-link btn-save-to-list  dark is-btn-animated" 
	  data-login-url="/account/login?productCode=20063709_EA" 
	  data-ajax-url="/restful/lists/all?productCode=20063709_EA" 
	  data-user-guest="Y" 
	  data-user-guest="Y" data-product-code="20063709_EA" 
	  data-delete-item="false"
	  aria-label="Add Popcorn Twists to a List">
	  <span class="glyphicon glyphicon-th-list"></span>
	  <div class="list-cta-text  is-btn-animated">Add to List</div>
	</button>
	 
	<!-- this is the list HTML   -->
	<div class="save-to-list-popup  is-btn-animated animation-up dark" 
	  data-save-to-list-error="Can not get lists at this time. Please try again later."
	  data-product-name="Popcorn Twists">
	  <div class="inner-container">
	  </div>
	  
	</div>
</div>

</div>
				</div>
			</div>


	<div class="module-plus-minus-buttons small hidden ">
			<button type="button" class="btn cart-change-qty" data-change-type="minus" data-auid="decrease-product-quantity" alt="Minus" aria-label="Minus">
				<span class="icon-minimize"></span>
			</button>
			<div class="plus-minus-input-wrapper">
				<input class="input-qty cart-change-qty" aria-label="Enter manual quantity" type="text" name="qty" title="Change quantity in cart"
							data-unit-type="ea"
							value="1ea" data-change-type="equals"
							maxlength="7">

						<span class="input-qty-pretty">
							<span class="input-qty-pretty-value">1</span>
							<span class="input-qty-pretty-unit"></span>
						</span>
					</div>

			<button type="button" class="btn cart-change-qty" data-change-type="plus" data-auid="increase-product-quantity" alt="Plus" aria-label="Plus">
				<span class="icon-plus-sign"></span>
			</button>

			<p class="deal-limit-reached hidden">Deal Limit Reached</p>

			<div class="tooltip-qty-error tooltip-qty-limit hidden">
				<p>
					Limit to
					&nbsp;
					999
					&nbsp;each&nbsp;
					per customer.</p>
			</div>
			<div class="tooltip-qty-error tooltip-round-error hidden">
				<p>
					We do not have this in the weight you wanted. We've rounded your order to the nearest weight increment we stock.</p>
			</div>
		</div>
	</form>

<!-- End Template: AddToCartSmall -->

</div>
</div>
<div class="item">
		









































	
	
		
		
		
		
			
		
	





























<div class="module-grocery-product quickview-simple  clicked" data-quickview-ajax-url="/p/20964360_EA/quickViewProduct" data-product-id="20964360_EA"  data-product-price="$2.47">
    
	
	
		<span class="subtitle"></span>
	

	<div class="product-page-hotspot">
	    <div class="product-cell quickview-button">
	  	    <div class="product-image ">
                
	  		    <img src="https://assets.shop.loblaws.ca/products/20964360/b1/en/front/20964360_front_a01.png" onerror="this.src='https://assets.shop.loblaws.ca/products/NoImage/b1/en/front/NoImage_front_a01_@2.png';" alt="Potato Chips, Sea Salt & Pepper" />
                
	  			    
	  	        
                
                    
                

	  		    

	  		    
	  			    <span class="sticker deal">
	  				    <span class="deal-badge">
	  					    <span class="module-deal-badge module-deal-badge-feature flyer expires undefined">
	  						    <span class="deal-type">
								    Flyer<br />
	  							    Item
	  						    </span>
	  						    








	<span class="deal-expiry">
		Exp. 12/19
	</span>

	  					    </span>
	  				    </span>
	  			    </span>
	  			    
	  		    

	  		    

	  		    <div class="hover-text-container">
	  			    <button href="#" tabindex="0" class="hover-text " aria-label="Quick View for Potato Chips, Sea Salt & Pepper.">Quick View</button>
	  		    </div>
	  	    </div>
	    </div>

	    <div class="product-in-cart">
	  	    <div class="wrapper-product-in-cart">
	  		    <span>
	  			    In Cart
	  		    </span>
	  	    </div>
	    </div>

	    <div class="product-info">
	  	    <div class="product-name-wrapper">
	  		    <a href="/Food/Pantry/Chips-%26-Salty-Snacks/Potato-Chips/Lay%27s-Potato-Chips%2C-Sea-Salt-%26-Pepper/p/20964360_EA" class="product-name" aria-label="Product page for Potato Chips, Sea Salt & Pepper" >
	  			    <span class="js-product-entry-brand">Lay's&nbsp;</span>

	  			    

	  			    <span class="js-product-entry-name">Potato Chips, Sea Salt & Pepper</span>

	  			    <span class="js-product-entry-size-detail">(255 g)</span>

	  		    </a>
	  	    </div>
	  	    
	  	    
	  		    
	  		    
	  			    



	
	
		
		<span class="ad-match-badge  hidden">Ad Match</span>
	

	  				
	  			        
	  					
	  				        
	  					
	  				
	  		    
	  	    

	  	    <div class="price">
			    <div class="price-wrapper no-discount  ">
				    <span class="reg-price  " aria-label="Regular Price: $2.47">
					    <span class="reg-price-text">$2.47</span>
					    
					    <sup class="reg-price-unit">ea</sup>
				    </span>
				    <span class="sale-price hidden" aria-label="Sale Price:">
					    <span class="sale-price-text"></span>
					    <sup class="sale-price-unit">ea</sup>
				    </span>
				    
				    <span class="secondary-price hidden">
					    
					    <span class="secondary-price-text" aria-label="Secondary Price:"></span>
				    </span>
			    </div>
	  	    </div>

	  	    <div class="qty">
	  		    <span class="reg-qty  ">
		
			
		  	
		  		<span class="sr-only">Sale Price Per Unit:</span>
        $0.97
        /
        100
        g
		  	
	  	
	</span>

	<span class="sale-qty hidden">
		
			
		  	
		  		<span class="sr-only">Sale Price Per Unit:</span>
        $0.97
        /
        100
        g
		  	
	  	
	</span>

	<span class="secondary-qty hidden">
		
	  	<span class="secondary-qty-text"></span>
	</span>
	  	    </div>
	    </div>


	    

	    
	</div>
	<form class="form-product  quickview-btn-simple"
	  data-product-id="20964360_EA"
	  data-min-qty="1.0"
	  data-max-qty="999.0"
	  data-unit-type="ea"
	  data-cart-qty="1"
	  data-default-qty="1"
	  novalidate="novalidate"
	  promoCode=""
	  promoNumber=""
	  data-is-customized="false"
	  data-cart-url="/cart/product/20964360_EA"
	  data-csrf-token="5582ec01-90c0-448b-b4f7-e2cf68d9f8a0"
	  data-is-weighted-product="false">

	<div class="module-add-to-cart " data-change-type="plus" data-auto-edit="true" data-auto-add="true"
		 data-cart-ajax-url="/cart/updateCart">
		<div class="wrapper-add-to-cart-btn">
					<div class="module-add-to-cart-button-small">
							<button type="button" class="btn btn-secondary btn-add-to-cart " data-auid="add-to-cart-button" data-has-pts-badge="false" aria-label="Add Potato Chips, Sea Salt & Pepper to cart">
										<span class="icon-cart"></span>
										<span class="add-to-cart-text">
											Add</span>
									</button>
									<button type="button" class="btn btn-secondary btn-edit-cart hidden " aria-label="Edit Cart">
										<span class="qty-in-cart"></span>
										<span class="edit-cart-text">
											<spring code="product.edit.text" />"
										</span>
									</button>
								<div class="add-list-parent add-list-module  bottom-add-list-module ">
	<button class="btn btn-inline-link btn-save-to-list  dark is-btn-animated" 
	  data-login-url="/account/login?productCode=20964360_EA" 
	  data-ajax-url="/restful/lists/all?productCode=20964360_EA" 
	  data-user-guest="Y" 
	  data-user-guest="Y" data-product-code="20964360_EA" 
	  data-delete-item="false"
	  aria-label="Add Potato Chips, Sea Salt & Pepper to a List">
	  <span class="glyphicon glyphicon-th-list"></span>
	  <div class="list-cta-text  is-btn-animated">Add to List</div>
	</button>
	 
	<!-- this is the list HTML   -->
	<div class="save-to-list-popup  is-btn-animated animation-up dark" 
	  data-save-to-list-error="Can not get lists at this time. Please try again later."
	  data-product-name="Potato Chips, Sea Salt & Pepper">
	  <div class="inner-container">
	  </div>
	  
	</div>
</div>

</div>
				</div>
			</div>


	<div class="module-plus-minus-buttons small hidden ">
			<button type="button" class="btn cart-change-qty" data-change-type="minus" data-auid="decrease-product-quantity" alt="Minus" aria-label="Minus">
				<span class="icon-minimize"></span>
			</button>
			<div class="plus-minus-input-wrapper">
				<input class="input-qty cart-change-qty" aria-label="Enter manual quantity" type="text" name="qty" title="Change quantity in cart"
							data-unit-type="ea"
							value="1ea" data-change-type="equals"
							maxlength="7">

						<span class="input-qty-pretty">
							<span class="input-qty-pretty-value">1</span>
							<span class="input-qty-pretty-unit"></span>
						</span>
					</div>

			<button type="button" class="btn cart-change-qty" data-change-type="plus" data-auid="increase-product-quantity" alt="Plus" aria-label="Plus">
				<span class="icon-plus-sign"></span>
			</button>

			<p class="deal-limit-reached hidden">Deal Limit Reached</p>

			<div class="tooltip-qty-error tooltip-qty-limit hidden">
				<p>
					Limit to
					&nbsp;
					999
					&nbsp;each&nbsp;
					per customer.</p>
			</div>
			<div class="tooltip-qty-error tooltip-round-error hidden">
				<p>
					We do not have this in the weight you wanted. We've rounded your order to the nearest weight increment we stock.</p>
			</div>
		</div>
	</form>

<!-- End Template: AddToCartSmall -->

</div>
</div>
<div class="item">
		









































	
	
		
		
		
		
			
		
	





























<div class="module-grocery-product quickview-simple  clicked" data-quickview-ajax-url="/p/21042379_EA/quickViewProduct" data-product-id="21042379_EA"  data-product-price="$2.47">
    
	
	
		<span class="subtitle"></span>
	

	<div class="product-page-hotspot">
	    <div class="product-cell quickview-button">
	  	    <div class="product-image ">
                
	  		    <img src="https://assets.shop.loblaws.ca/products/21042379/b1/en/front/21042379_front_a01.png" onerror="this.src='https://assets.shop.loblaws.ca/products/NoImage/b1/en/front/NoImage_front_a01_@2.png';" alt="Poppables Potato Chips, White Cheddar" />
                
	  			    
	  	        
                
                    
                

	  		    

	  		    
	  			    <span class="sticker deal">
	  				    <span class="deal-badge">
	  					    <span class="module-deal-badge module-deal-badge-feature flyer expires undefined">
	  						    <span class="deal-type">
								    Flyer<br />
	  							    Item
	  						    </span>
	  						    








	<span class="deal-expiry">
		Exp. 12/19
	</span>

	  					    </span>
	  				    </span>
	  			    </span>
	  			    
	  		    

	  		    

	  		    <div class="hover-text-container">
	  			    <button href="#" tabindex="0" class="hover-text " aria-label="Quick View for Poppables Potato Chips, White Cheddar.">Quick View</button>
	  		    </div>
	  	    </div>
	    </div>

	    <div class="product-in-cart">
	  	    <div class="wrapper-product-in-cart">
	  		    <span>
	  			    In Cart
	  		    </span>
	  	    </div>
	    </div>

	    <div class="product-info">
	  	    <div class="product-name-wrapper">
	  		    <a href="/Food/Pantry/Chips-%26-Salty-Snacks/Pretzels-%26-Snack-Mixes/Lay%27s-POPPABLES-Poppables-Potato-Chips%2C-White-Cheddar/p/21042379_EA" class="product-name" aria-label="Product page for Poppables Potato Chips, White Cheddar" >
	  			    <span class="js-product-entry-brand">Lay's&nbsp;</span>

	  			    

	  			    <span class="js-product-entry-name">Poppables Potato Chips, White Cheddar</span>

	  			    <span class="js-product-entry-size-detail">(141 g)</span>

	  		    </a>
	  	    </div>
	  	    
	  	    
	  		    
	  		    
	  			    



	
	
		
		<span class="ad-match-badge  hidden">Ad Match</span>
	

	  				
	  			        
	  					
	  				        
	  					
	  				
	  		    
	  	    

	  	    <div class="price">
			    <div class="price-wrapper no-discount  ">
				    <span class="reg-price  " aria-label="Regular Price: $2.47">
					    <span class="reg-price-text">$2.47</span>
					    
					    <sup class="reg-price-unit">ea</sup>
				    </span>
				    <span class="sale-price hidden" aria-label="Sale Price:">
					    <span class="sale-price-text"></span>
					    <sup class="sale-price-unit">ea</sup>
				    </span>
				    
				    <span class="secondary-price hidden">
					    
					    <span class="secondary-price-text" aria-label="Secondary Price:"></span>
				    </span>
			    </div>
	  	    </div>

	  	    <div class="qty">
	  		    <span class="reg-qty  ">
		
			
		  	
		  		<span class="sr-only">Sale Price Per Unit:</span>
        $1.75
        /
        100
        g
		  	
	  	
	</span>

	<span class="sale-qty hidden">
		
			
		  	
		  		<span class="sr-only">Sale Price Per Unit:</span>
        $1.75
        /
        100
        g
		  	
	  	
	</span>

	<span class="secondary-qty hidden">
		
	  	<span class="secondary-qty-text"></span>
	</span>
	  	    </div>
	    </div>


	    

	    
	</div>
	<form class="form-product  quickview-btn-simple"
	  data-product-id="21042379_EA"
	  data-min-qty="1.0"
	  data-max-qty="999.0"
	  data-unit-type="ea"
	  data-cart-qty="1"
	  data-default-qty="1"
	  novalidate="novalidate"
	  promoCode=""
	  promoNumber=""
	  data-is-customized="false"
	  data-cart-url="/cart/product/21042379_EA"
	  data-csrf-token="5582ec01-90c0-448b-b4f7-e2cf68d9f8a0"
	  data-is-weighted-product="false">

	<div class="module-add-to-cart " data-change-type="plus" data-auto-edit="true" data-auto-add="true"
		 data-cart-ajax-url="/cart/updateCart">
		<div class="wrapper-add-to-cart-btn">
					<div class="module-add-to-cart-button-small">
							<button type="button" class="btn btn-secondary btn-add-to-cart " data-auid="add-to-cart-button" data-has-pts-badge="false" aria-label="Add Poppables Potato Chips, White Cheddar to cart">
										<span class="icon-cart"></span>
										<span class="add-to-cart-text">
											Add</span>
									</button>
									<button type="button" class="btn btn-secondary btn-edit-cart hidden " aria-label="Edit Cart">
										<span class="qty-in-cart"></span>
										<span class="edit-cart-text">
											<spring code="product.edit.text" />"
										</span>
									</button>
								<div class="add-list-parent add-list-module  bottom-add-list-module ">
	<button class="btn btn-inline-link btn-save-to-list  dark is-btn-animated" 
	  data-login-url="/account/login?productCode=21042379_EA" 
	  data-ajax-url="/restful/lists/all?productCode=21042379_EA" 
	  data-user-guest="Y" 
	  data-user-guest="Y" data-product-code="21042379_EA" 
	  data-delete-item="false"
	  aria-label="Add Poppables Potato Chips, White Cheddar to a List">
	  <span class="glyphicon glyphicon-th-list"></span>
	  <div class="list-cta-text  is-btn-animated">Add to List</div>
	</button>
	 
	<!-- this is the list HTML   -->
	<div class="save-to-list-popup  is-btn-animated animation-up dark" 
	  data-save-to-list-error="Can not get lists at this time. Please try again later."
	  data-product-name="Poppables Potato Chips, White Cheddar">
	  <div class="inner-container">
	  </div>
	  
	</div>
</div>

</div>
				</div>
			</div>


	<div class="module-plus-minus-buttons small hidden ">
			<button type="button" class="btn cart-change-qty" data-change-type="minus" data-auid="decrease-product-quantity" alt="Minus" aria-label="Minus">
				<span class="icon-minimize"></span>
			</button>
			<div class="plus-minus-input-wrapper">
				<input class="input-qty cart-change-qty" aria-label="Enter manual quantity" type="text" name="qty" title="Change quantity in cart"
							data-unit-type="ea"
							value="1ea" data-change-type="equals"
							maxlength="7">

						<span class="input-qty-pretty">
							<span class="input-qty-pretty-value">1</span>
							<span class="input-qty-pretty-unit"></span>
						</span>
					</div>

			<button type="button" class="btn cart-change-qty" data-change-type="plus" data-auid="increase-product-quantity" alt="Plus" aria-label="Plus">
				<span class="icon-plus-sign"></span>
			</button>

			<p class="deal-limit-reached hidden">Deal Limit Reached</p>

			<div class="tooltip-qty-error tooltip-qty-limit hidden">
				<p>
					Limit to
					&nbsp;
					999
					&nbsp;each&nbsp;
					per customer.</p>
			</div>
			<div class="tooltip-qty-error tooltip-round-error hidden">
				<p>
					We do not have this in the weight you wanted. We've rounded your order to the nearest weight increment we stock.</p>
			</div>
		</div>
	</form>

<!-- End Template: AddToCartSmall -->

</div>
</div>
<div class="item">
		









































	
	
		
		
		
		
			
		
	





























<div class="module-grocery-product quickview-simple  clicked" data-quickview-ajax-url="/p/21109261_EA/quickViewProduct" data-product-id="21109261_EA"  data-product-price="$2.47">
    
	
	
		<span class="subtitle"></span>
	

	<div class="product-page-hotspot">
	    <div class="product-cell quickview-button">
	  	    <div class="product-image ">
                
	  		    <img src="https://assets.shop.loblaws.ca/products/21109261/b1/en/front/21109261_front_a01.png" onerror="this.src='https://assets.shop.loblaws.ca/products/NoImage/b1/en/front/NoImage_front_a01_@2.png';" alt="Potato Chips, Pizza" />
                
	  			    
	  	        
                
                    
                

	  		    

	  		    
	  			    <span class="sticker deal">
	  				    <span class="deal-badge">
	  					    <span class="module-deal-badge module-deal-badge-feature flyer expires undefined">
	  						    <span class="deal-type">
								    Flyer<br />
	  							    Item
	  						    </span>
	  						    








	<span class="deal-expiry">
		Exp. 12/19
	</span>

	  					    </span>
	  				    </span>
	  			    </span>
	  			    
	  		    

	  		    

	  		    <div class="hover-text-container">
	  			    <button href="#" tabindex="0" class="hover-text " aria-label="Quick View for Potato Chips, Pizza.">Quick View</button>
	  		    </div>
	  	    </div>
	    </div>

	    <div class="product-in-cart">
	  	    <div class="wrapper-product-in-cart">
	  		    <span>
	  			    In Cart
	  		    </span>
	  	    </div>
	    </div>

	    <div class="product-info">
	  	    <div class="product-name-wrapper">
	  		    <a href="/Food/Pantry/Chips-%26-Salty-Snacks/Potato-Chips/Lay%27s-Potato-Chips%2C-Pizza/p/21109261_EA" class="product-name" aria-label="Product page for Potato Chips, Pizza" >
	  			    <span class="js-product-entry-brand">Lay's&nbsp;</span>

	  			    

	  			    <span class="js-product-entry-name">Potato Chips, Pizza</span>

	  			    <span class="js-product-entry-size-detail">(240 g)</span>

	  		    </a>
	  	    </div>
	  	    
	  	    
	  		    
	  		    
	  			    



	
	
		
		<span class="ad-match-badge  hidden">Ad Match</span>
	

	  				
	  			        
	  					
	  				        
	  					
	  				
	  		    
	  	    

	  	    <div class="price">
			    <div class="price-wrapper no-discount  ">
				    <span class="reg-price  " aria-label="Regular Price: $2.47">
					    <span class="reg-price-text">$2.47</span>
					    
					    <sup class="reg-price-unit">ea</sup>
				    </span>
				    <span class="sale-price hidden" aria-label="Sale Price:">
					    <span class="sale-price-text"></span>
					    <sup class="sale-price-unit">ea</sup>
				    </span>
				    
				    <span class="secondary-price hidden">
					    
					    <span class="secondary-price-text" aria-label="Secondary Price:"></span>
				    </span>
			    </div>
	  	    </div>

	  	    <div class="qty">
	  		    <span class="reg-qty  ">
		
			
		  	
		  		<span class="sr-only">Sale Price Per Unit:</span>
        $1.03
        /
        100
        g
		  	
	  	
	</span>

	<span class="sale-qty hidden">
		
			
		  	
		  		<span class="sr-only">Sale Price Per Unit:</span>
        $1.03
        /
        100
        g
		  	
	  	
	</span>

	<span class="secondary-qty hidden">
		
	  	<span class="secondary-qty-text"></span>
	</span>
	  	    </div>
	    </div>


	    

	    
	</div>
	<form class="form-product  quickview-btn-simple"
	  data-product-id="21109261_EA"
	  data-min-qty="1.0"
	  data-max-qty="999.0"
	  data-unit-type="ea"
	  data-cart-qty="1"
	  data-default-qty="1"
	  novalidate="novalidate"
	  promoCode=""
	  promoNumber=""
	  data-is-customized="false"
	  data-cart-url="/cart/product/21109261_EA"
	  data-csrf-token="5582ec01-90c0-448b-b4f7-e2cf68d9f8a0"
	  data-is-weighted-product="false">

	<div class="module-add-to-cart " data-change-type="plus" data-auto-edit="true" data-auto-add="true"
		 data-cart-ajax-url="/cart/updateCart">
		<div class="wrapper-add-to-cart-btn">
					<div class="module-add-to-cart-button-small">
							<button type="button" class="btn btn-secondary btn-add-to-cart " data-auid="add-to-cart-button" data-has-pts-badge="false" aria-label="Add Potato Chips, Pizza to cart">
										<span class="icon-cart"></span>
										<span class="add-to-cart-text">
											Add</span>
									</button>
									<button type="button" class="btn btn-secondary btn-edit-cart hidden " aria-label="Edit Cart">
										<span class="qty-in-cart"></span>
										<span class="edit-cart-text">
											<spring code="product.edit.text" />"
										</span>
									</button>
								<div class="add-list-parent add-list-module  bottom-add-list-module ">
	<button class="btn btn-inline-link btn-save-to-list  dark is-btn-animated" 
	  data-login-url="/account/login?productCode=21109261_EA" 
	  data-ajax-url="/restful/lists/all?productCode=21109261_EA" 
	  data-user-guest="Y" 
	  data-user-guest="Y" data-product-code="21109261_EA" 
	  data-delete-item="false"
	  aria-label="Add Potato Chips, Pizza to a List">
	  <span class="glyphicon glyphicon-th-list"></span>
	  <div class="list-cta-text  is-btn-animated">Add to List</div>
	</button>
	 
	<!-- this is the list HTML   -->
	<div class="save-to-list-popup  is-btn-animated animation-up dark" 
	  data-save-to-list-error="Can not get lists at this time. Please try again later."
	  data-product-name="Potato Chips, Pizza">
	  <div class="inner-container">
	  </div>
	  
	</div>
</div>

</div>
				</div>
			</div>


	<div class="module-plus-minus-buttons small hidden ">
			<button type="button" class="btn cart-change-qty" data-change-type="minus" data-auid="decrease-product-quantity" alt="Minus" aria-label="Minus">
				<span class="icon-minimize"></span>
			</button>
			<div class="plus-minus-input-wrapper">
				<input class="input-qty cart-change-qty" aria-label="Enter manual quantity" type="text" name="qty" title="Change quantity in cart"
							data-unit-type="ea"
							value="1ea" data-change-type="equals"
							maxlength="7">

						<span class="input-qty-pretty">
							<span class="input-qty-pretty-value">1</span>
							<span class="input-qty-pretty-unit"></span>
						</span>
					</div>

			<button type="button" class="btn cart-change-qty" data-change-type="plus" data-auid="increase-product-quantity" alt="Plus" aria-label="Plus">
				<span class="icon-plus-sign"></span>
			</button>

			<p class="deal-limit-reached hidden">Deal Limit Reached</p>

			<div class="tooltip-qty-error tooltip-qty-limit hidden">
				<p>
					Limit to
					&nbsp;
					999
					&nbsp;each&nbsp;
					per customer.</p>
			</div>
			<div class="tooltip-qty-error tooltip-round-error hidden">
				<p>
					We do not have this in the weight you wanted. We've rounded your order to the nearest weight increment we stock.</p>
			</div>
		</div>
	</form>

<!-- End Template: AddToCartSmall -->

</div>
</div>
<div class="item">
		









































	
	
		
		
		
		
			
		
	





























<div class="module-grocery-product quickview-simple  clicked" data-quickview-ajax-url="/p/20502838_EA/quickViewProduct" data-product-id="20502838_EA"  data-product-price="$3.28">
    
	
	
		<span class="subtitle"></span>
	

	<div class="product-page-hotspot">
	    <div class="product-cell quickview-button">
	  	    <div class="product-image ">
                
	  		    <img src="https://assets.shop.loblaws.ca/products/20502838/b1/en/front/20502838_front_a01.png" onerror="this.src='https://assets.shop.loblaws.ca/products/NoImage/b1/en/front/NoImage_front_a01_@2.png';" alt="Restaurante Tortilla Chips, Original" />
                
	  			    
	  	        
                
                    
                

	  		    

	  		    

	  		    

	  		    <div class="hover-text-container">
	  			    <button href="#" tabindex="0" class="hover-text " aria-label="Quick View for Restaurante Tortilla Chips, Original.">Quick View</button>
	  		    </div>
	  	    </div>
	    </div>

	    <div class="product-in-cart">
	  	    <div class="wrapper-product-in-cart">
	  		    <span>
	  			    In Cart
	  		    </span>
	  	    </div>
	    </div>

	    <div class="product-info">
	  	    <div class="product-name-wrapper">
	  		    <a href="/Food/Pantry/Chips-%26-Salty-Snacks/Tortilla-Chips/Old-Dutch-RESTAURANTE-Restaurante-Tortilla-Chips%2C-Original/p/20502838_EA" class="product-name" aria-label="Product page for Restaurante Tortilla Chips, Original" >
	  			    <span class="js-product-entry-brand">Old Dutch&nbsp;</span>

	  			    

	  			    <span class="js-product-entry-name">Restaurante Tortilla Chips, Original</span>

	  			    <span class="js-product-entry-size-detail">(300 g)</span>

	  		    </a>
	  	    </div>
	  	    
	  	    
	  		    
	  		    
	  			    



	
	
		
		<span class="ad-match-badge  hidden">Ad Match</span>
	

	  				
	  			        
	  					
	  				        
	  					
	  				
	  		    
	  	    

	  	    <div class="price">
			    <div class="price-wrapper no-discount  ">
				    <span class="reg-price  " aria-label="Regular Price: $3.28">
					    <span class="reg-price-text">$3.28</span>
					    
					    <sup class="reg-price-unit">ea</sup>
				    </span>
				    <span class="sale-price hidden" aria-label="Sale Price:">
					    <span class="sale-price-text"></span>
					    <sup class="sale-price-unit">ea</sup>
				    </span>
				    
				    <span class="secondary-price hidden">
					    
					    <span class="secondary-price-text" aria-label="Secondary Price:"></span>
				    </span>
			    </div>
	  	    </div>

	  	    <div class="qty">
	  		    <span class="reg-qty  ">
		
			
		  	
		  		<span class="sr-only">Sale Price Per Unit:</span>
        $1.09
        /
        100
        g
		  	
	  	
	</span>

	<span class="sale-qty hidden">
		
			
		  	
		  		<span class="sr-only">Sale Price Per Unit:</span>
        $1.09
        /
        100
        g
		  	
	  	
	</span>

	<span class="secondary-qty hidden">
		
	  	<span class="secondary-qty-text"></span>
	</span>
	  	    </div>
	    </div>


	    

	    
	</div>
	<form class="form-product  quickview-btn-simple"
	  data-product-id="20502838_EA"
	  data-min-qty="1.0"
	  data-max-qty="999.0"
	  data-unit-type="ea"
	  data-cart-qty="1"
	  data-default-qty="1"
	  novalidate="novalidate"
	  promoCode=""
	  promoNumber=""
	  data-is-customized="false"
	  data-cart-url="/cart/product/20502838_EA"
	  data-csrf-token="5582ec01-90c0-448b-b4f7-e2cf68d9f8a0"
	  data-is-weighted-product="false">

	<div class="module-add-to-cart " data-change-type="plus" data-auto-edit="true" data-auto-add="true"
		 data-cart-ajax-url="/cart/updateCart">
		<div class="wrapper-add-to-cart-btn">
					<div class="module-add-to-cart-button-small">
							<button type="button" class="btn btn-secondary btn-add-to-cart " data-auid="add-to-cart-button" data-has-pts-badge="false" aria-label="Add Restaurante Tortilla Chips, Original to cart">
										<span class="icon-cart"></span>
										<span class="add-to-cart-text">
											Add</span>
									</button>
									<button type="button" class="btn btn-secondary btn-edit-cart hidden " aria-label="Edit Cart">
										<span class="qty-in-cart"></span>
										<span class="edit-cart-text">
											<spring code="product.edit.text" />"
										</span>
									</button>
								<div class="add-list-parent add-list-module  bottom-add-list-module ">
	<button class="btn btn-inline-link btn-save-to-list  dark is-btn-animated" 
	  data-login-url="/account/login?productCode=20502838_EA" 
	  data-ajax-url="/restful/lists/all?productCode=20502838_EA" 
	  data-user-guest="Y" 
	  data-user-guest="Y" data-product-code="20502838_EA" 
	  data-delete-item="false"
	  aria-label="Add Restaurante Tortilla Chips, Original to a List">
	  <span class="glyphicon glyphicon-th-list"></span>
	  <div class="list-cta-text  is-btn-animated">Add to List</div>
	</button>
	 
	<!-- this is the list HTML   -->
	<div class="save-to-list-popup  is-btn-animated animation-up dark" 
	  data-save-to-list-error="Can not get lists at this time. Please try again later."
	  data-product-name="Restaurante Tortilla Chips, Original">
	  <div class="inner-container">
	  </div>
	  
	</div>
</div>

</div>
				</div>
			</div>


	<div class="module-plus-minus-buttons small hidden ">
			<button type="button" class="btn cart-change-qty" data-change-type="minus" data-auid="decrease-product-quantity" alt="Minus" aria-label="Minus">
				<span class="icon-minimize"></span>
			</button>
			<div class="plus-minus-input-wrapper">
				<input class="input-qty cart-change-qty" aria-label="Enter manual quantity" type="text" name="qty" title="Change quantity in cart"
							data-unit-type="ea"
							value="1ea" data-change-type="equals"
							maxlength="7">

						<span class="input-qty-pretty">
							<span class="input-qty-pretty-value">1</span>
							<span class="input-qty-pretty-unit"></span>
						</span>
					</div>

			<button type="button" class="btn cart-change-qty" data-change-type="plus" data-auid="increase-product-quantity" alt="Plus" aria-label="Plus">
				<span class="icon-plus-sign"></span>
			</button>

			<p class="deal-limit-reached hidden">Deal Limit Reached</p>

			<div class="tooltip-qty-error tooltip-qty-limit hidden">
				<p>
					Limit to
					&nbsp;
					999
					&nbsp;each&nbsp;
					per customer.</p>
			</div>
			<div class="tooltip-qty-error tooltip-round-error hidden">
				<p>
					We do not have this in the weight you wanted. We've rounded your order to the nearest weight increment we stock.</p>
			</div>
		</div>
	</form>

<!-- End Template: AddToCartSmall -->

</div>
</div>
<div class="item">
		









































	
	
		
		
		
		
			
		
	





























<div class="module-grocery-product quickview-simple  clicked" data-quickview-ajax-url="/p/20964325_EA/quickViewProduct" data-product-id="20964325_EA"  data-product-price="$2.47">
    
	
	
		<span class="subtitle"></span>
	

	<div class="product-page-hotspot">
	    <div class="product-cell quickview-button">
	  	    <div class="product-image ">
                
	  		    <img src="https://assets.shop.loblaws.ca/products/20964325/b1/en/front/20964325_front_a01.png" onerror="this.src='https://assets.shop.loblaws.ca/products/NoImage/b1/en/front/NoImage_front_a01_@2.png';" alt="Potato Chips, Sour Cream & Onion" />
                
	  			    
	  	        
                
                    
                

	  		    

	  		    
	  			    <span class="sticker deal">
	  				    <span class="deal-badge">
	  					    <span class="module-deal-badge module-deal-badge-feature flyer expires undefined">
	  						    <span class="deal-type">
								    Flyer<br />
	  							    Item
	  						    </span>
	  						    








	<span class="deal-expiry">
		Exp. 12/19
	</span>

	  					    </span>
	  				    </span>
	  			    </span>
	  			    
	  		    

	  		    

	  		    <div class="hover-text-container">
	  			    <button href="#" tabindex="0" class="hover-text " aria-label="Quick View for Potato Chips, Sour Cream & Onion.">Quick View</button>
	  		    </div>
	  	    </div>
	    </div>

	    <div class="product-in-cart">
	  	    <div class="wrapper-product-in-cart">
	  		    <span>
	  			    In Cart
	  		    </span>
	  	    </div>
	    </div>

	    <div class="product-info">
	  	    <div class="product-name-wrapper">
	  		    <a href="/Food/Pantry/Chips-%26-Salty-Snacks/Potato-Chips/Lay%27s-Potato-Chips%2C-Sour-Cream-%26-Onion/p/20964325_EA" class="product-name" aria-label="Product page for Potato Chips, Sour Cream & Onion" >
	  			    <span class="js-product-entry-brand">Lay's&nbsp;</span>

	  			    

	  			    <span class="js-product-entry-name">Potato Chips, Sour Cream & Onion</span>

	  			    <span class="js-product-entry-size-detail">(255 g)</span>

	  		    </a>
	  	    </div>
	  	    
	  	    
	  		    
	  		    
	  			    



	
	
		
		<span class="ad-match-badge  hidden">Ad Match</span>
	

	  				
	  			        
	  					
	  				        
	  					
	  				
	  		    
	  	    

	  	    <div class="price">
			    <div class="price-wrapper no-discount  ">
				    <span class="reg-price  " aria-label="Regular Price: $2.47">
					    <span class="reg-price-text">$2.47</span>
					    
					    <sup class="reg-price-unit">ea</sup>
				    </span>
				    <span class="sale-price hidden" aria-label="Sale Price:">
					    <span class="sale-price-text"></span>
					    <sup class="sale-price-unit">ea</sup>
				    </span>
				    
				    <span class="secondary-price hidden">
					    
					    <span class="secondary-price-text" aria-label="Secondary Price:"></span>
				    </span>
			    </div>
	  	    </div>

	  	    <div class="qty">
	  		    <span class="reg-qty  ">
		
			
		  	
		  		<span class="sr-only">Sale Price Per Unit:</span>
        $0.97
        /
        100
        g
		  	
	  	
	</span>

	<span class="sale-qty hidden">
		
			
		  	
		  		<span class="sr-only">Sale Price Per Unit:</span>
        $0.97
        /
        100
        g
		  	
	  	
	</span>

	<span class="secondary-qty hidden">
		
	  	<span class="secondary-qty-text"></span>
	</span>
	  	    </div>
	    </div>


	    

	    
	</div>
	<form class="form-product  quickview-btn-simple"
	  data-product-id="20964325_EA"
	  data-min-qty="1.0"
	  data-max-qty="999.0"
	  data-unit-type="ea"
	  data-cart-qty="1"
	  data-default-qty="1"
	  novalidate="novalidate"
	  promoCode=""
	  promoNumber=""
	  data-is-customized="false"
	  data-cart-url="/cart/product/20964325_EA"
	  data-csrf-token="5582ec01-90c0-448b-b4f7-e2cf68d9f8a0"
	  data-is-weighted-product="false">

	<div class="module-add-to-cart " data-change-type="plus" data-auto-edit="true" data-auto-add="true"
		 data-cart-ajax-url="/cart/updateCart">
		<div class="wrapper-add-to-cart-btn">
					<div class="module-add-to-cart-button-small">
							<button type="button" class="btn btn-secondary btn-add-to-cart " data-auid="add-to-cart-button" data-has-pts-badge="false" aria-label="Add Potato Chips, Sour Cream & Onion to cart">
										<span class="icon-cart"></span>
										<span class="add-to-cart-text">
											Add</span>
									</button>
									<button type="button" class="btn btn-secondary btn-edit-cart hidden " aria-label="Edit Cart">
										<span class="qty-in-cart"></span>
										<span class="edit-cart-text">
											<spring code="product.edit.text" />"
										</span>
									</button>
								<div class="add-list-parent add-list-module  bottom-add-list-module ">
	<button class="btn btn-inline-link btn-save-to-list  dark is-btn-animated" 
	  data-login-url="/account/login?productCode=20964325_EA" 
	  data-ajax-url="/restful/lists/all?productCode=20964325_EA" 
	  data-user-guest="Y" 
	  data-user-guest="Y" data-product-code="20964325_EA" 
	  data-delete-item="false"
	  aria-label="Add Potato Chips, Sour Cream & Onion to a List">
	  <span class="glyphicon glyphicon-th-list"></span>
	  <div class="list-cta-text  is-btn-animated">Add to List</div>
	</button>
	 
	<!-- this is the list HTML   -->
	<div class="save-to-list-popup  is-btn-animated animation-up dark" 
	  data-save-to-list-error="Can not get lists at this time. Please try again later."
	  data-product-name="Potato Chips, Sour Cream & Onion">
	  <div class="inner-container">
	  </div>
	  
	</div>
</div>

</div>
				</div>
			</div>


	<div class="module-plus-minus-buttons small hidden ">
			<button type="button" class="btn cart-change-qty" data-change-type="minus" data-auid="decrease-product-quantity" alt="Minus" aria-label="Minus">
				<span class="icon-minimize"></span>
			</button>
			<div class="plus-minus-input-wrapper">
				<input class="input-qty cart-change-qty" aria-label="Enter manual quantity" type="text" name="qty" title="Change quantity in cart"
							data-unit-type="ea"
							value="1ea" data-change-type="equals"
							maxlength="7">

						<span class="input-qty-pretty">
							<span class="input-qty-pretty-value">1</span>
							<span class="input-qty-pretty-unit"></span>
						</span>
					</div>

			<button type="button" class="btn cart-change-qty" data-change-type="plus" data-auid="increase-product-quantity" alt="Plus" aria-label="Plus">
				<span class="icon-plus-sign"></span>
			</button>

			<p class="deal-limit-reached hidden">Deal Limit Reached</p>

			<div class="tooltip-qty-error tooltip-qty-limit hidden">
				<p>
					Limit to
					&nbsp;
					999
					&nbsp;each&nbsp;
					per customer.</p>
			</div>
			<div class="tooltip-qty-error tooltip-round-error hidden">
				<p>
					We do not have this in the weight you wanted. We've rounded your order to the nearest weight increment we stock.</p>
			</div>
		</div>
	</form>

<!-- End Template: AddToCartSmall -->

</div>
</div>
<div class="item">
		









































	
	
		
		
		
		
			
		
	





























<div class="module-grocery-product quickview-simple  clicked" data-quickview-ajax-url="/p/20301951002_EA/quickViewProduct" data-product-id="20301951002_EA"  data-product-price="$3.97">
    
	
	
		<span class="subtitle"></span>
	

	<div class="product-page-hotspot">
	    <div class="product-cell quickview-button">
	  	    <div class="product-image ">
                
	  		    <img src="https://assets.shop.loblaws.ca/products/20301951002/b1/en/front/20301951002_front_a01.png" onerror="this.src='https://assets.shop.loblaws.ca/products/NoImage/b1/en/front/NoImage_front_a01_@2.png';" alt="Kettle Cooked Potato Chips, Balsamic Vinegar & Sweet Onion" />
                
	  			    
	  	        
                
                    
                

	  		    

	  		    

	  		    

	  		    <div class="hover-text-container">
	  			    <button href="#" tabindex="0" class="hover-text " aria-label="Quick View for Kettle Cooked Potato Chips, Balsamic Vinegar & Sweet Onion.">Quick View</button>
	  		    </div>
	  	    </div>
	    </div>

	    <div class="product-in-cart">
	  	    <div class="wrapper-product-in-cart">
	  		    <span>
	  			    In Cart
	  		    </span>
	  	    </div>
	    </div>

	    <div class="product-info">
	  	    <div class="product-name-wrapper">
	  		    <a href="/Food/Pantry/Chips-%26-Salty-Snacks/Potato-Chips/Kettle-Cooked-Potato-Chips%2C-Balsamic-Vinegar-%26-Sweet-Onion/p/20301951002_EA" class="product-name" aria-label="Product page for Kettle Cooked Potato Chips, Balsamic Vinegar & Sweet Onion" >
	  			    <span class="js-product-entry-brand">Miss Vickies&nbsp;</span>

	  			    

	  			    <span class="js-product-entry-name">Kettle Cooked Potato Chips, Balsamic Vinegar & Sweet Onion</span>

	  			    <span class="js-product-entry-size-detail">(220 g)</span>

	  		    </a>
	  	    </div>
	  	    
	  	    
	  		    
	  		    
	  			    



	
	
		
		<span class="ad-match-badge  hidden">Ad Match</span>
	

	  				
	  			        
	  					
	  				        
	  					
	  				
	  		    
	  	    

	  	    <div class="price">
			    <div class="price-wrapper no-discount  ">
				    <span class="reg-price  " aria-label="Regular Price: $3.97">
					    <span class="reg-price-text">$3.97</span>
					    
					    <sup class="reg-price-unit">ea</sup>
				    </span>
				    <span class="sale-price hidden" aria-label="Sale Price:">
					    <span class="sale-price-text"></span>
					    <sup class="sale-price-unit">ea</sup>
				    </span>
				    
				    <span class="secondary-price hidden">
					    
					    <span class="secondary-price-text" aria-label="Secondary Price:"></span>
				    </span>
			    </div>
	  	    </div>

	  	    <div class="qty">
	  		    <span class="reg-qty  ">
		
			
		  	
		  		<span class="sr-only">Sale Price Per Unit:</span>
        $1.80
        /
        100
        g
		  	
	  	
	</span>

	<span class="sale-qty hidden">
		
			
		  	
		  		<span class="sr-only">Sale Price Per Unit:</span>
        $1.80
        /
        100
        g
		  	
	  	
	</span>

	<span class="secondary-qty hidden">
		
	  	<span class="secondary-qty-text"></span>
	</span>
	  	    </div>
	    </div>


	    

	    
	</div>
	<form class="form-product  quickview-btn-simple"
	  data-product-id="20301951002_EA"
	  data-min-qty="1.0"
	  data-max-qty="999.0"
	  data-unit-type="ea"
	  data-cart-qty="1"
	  data-default-qty="1"
	  novalidate="novalidate"
	  promoCode=""
	  promoNumber=""
	  data-is-customized="false"
	  data-cart-url="/cart/product/20301951002_EA"
	  data-csrf-token="5582ec01-90c0-448b-b4f7-e2cf68d9f8a0"
	  data-is-weighted-product="false">

	<div class="module-add-to-cart " data-change-type="plus" data-auto-edit="true" data-auto-add="true"
		 data-cart-ajax-url="/cart/updateCart">
		<div class="wrapper-add-to-cart-btn">
					<div class="module-add-to-cart-button-small">
							<button type="button" class="btn btn-secondary btn-add-to-cart " data-auid="add-to-cart-button" data-has-pts-badge="false" aria-label="Add Kettle Cooked Potato Chips, Balsamic Vinegar & Sweet Onion to cart">
										<span class="icon-cart"></span>
										<span class="add-to-cart-text">
											Add</span>
									</button>
									<button type="button" class="btn btn-secondary btn-edit-cart hidden " aria-label="Edit Cart">
										<span class="qty-in-cart"></span>
										<span class="edit-cart-text">
											<spring code="product.edit.text" />"
										</span>
									</button>
								<div class="add-list-parent add-list-module  bottom-add-list-module ">
	<button class="btn btn-inline-link btn-save-to-list  dark is-btn-animated" 
	  data-login-url="/account/login?productCode=20301951002_EA" 
	  data-ajax-url="/restful/lists/all?productCode=20301951002_EA" 
	  data-user-guest="Y" 
	  data-user-guest="Y" data-product-code="20301951002_EA" 
	  data-delete-item="false"
	  aria-label="Add Kettle Cooked Potato Chips, Balsamic Vinegar & Sweet Onion to a List">
	  <span class="glyphicon glyphicon-th-list"></span>
	  <div class="list-cta-text  is-btn-animated">Add to List</div>
	</button>
	 
	<!-- this is the list HTML   -->
	<div class="save-to-list-popup  is-btn-animated animation-up dark" 
	  data-save-to-list-error="Can not get lists at this time. Please try again later."
	  data-product-name="Kettle Cooked Potato Chips, Balsamic Vinegar & Sweet Onion">
	  <div class="inner-container">
	  </div>
	  
	</div>
</div>

</div>
				</div>
			</div>


	<div class="module-plus-minus-buttons small hidden ">
			<button type="button" class="btn cart-change-qty" data-change-type="minus" data-auid="decrease-product-quantity" alt="Minus" aria-label="Minus">
				<span class="icon-minimize"></span>
			</button>
			<div class="plus-minus-input-wrapper">
				<input class="input-qty cart-change-qty" aria-label="Enter manual quantity" type="text" name="qty" title="Change quantity in cart"
							data-unit-type="ea"
							value="1ea" data-change-type="equals"
							maxlength="7">

						<span class="input-qty-pretty">
							<span class="input-qty-pretty-value">1</span>
							<span class="input-qty-pretty-unit"></span>
						</span>
					</div>

			<button type="button" class="btn cart-change-qty" data-change-type="plus" data-auid="increase-product-quantity" alt="Plus" aria-label="Plus">
				<span class="icon-plus-sign"></span>
			</button>

			<p class="deal-limit-reached hidden">Deal Limit Reached</p>

			<div class="tooltip-qty-error tooltip-qty-limit hidden">
				<p>
					Limit to
					&nbsp;
					999
					&nbsp;each&nbsp;
					per customer.</p>
			</div>
			<div class="tooltip-qty-error tooltip-round-error hidden">
				<p>
					We do not have this in the weight you wanted. We've rounded your order to the nearest weight increment we stock.</p>
			</div>
		</div>
	</form>

<!-- End Template: AddToCartSmall -->

</div>
</div>
<div class="item">
		









































	
	
		
		
		
		
			
		
	





























<div class="module-grocery-product quickview-simple  clicked" data-quickview-ajax-url="/p/20503218004_EA/quickViewProduct" data-product-id="20503218004_EA"  data-product-price="$3.28">
    
	
	
		<span class="subtitle"></span>
	

	<div class="product-page-hotspot">
	    <div class="product-cell quickview-button">
	  	    <div class="product-image ">
                
	  		    <img src="https://assets.shop.loblaws.ca/products/20503218004/b1/en/front/20503218004_front_a01.png" onerror="this.src='https://assets.shop.loblaws.ca/products/NoImage/b1/en/front/NoImage_front_a01_@2.png';" alt="Restaurante Tortilla Chips, Deli Rounds" />
                
	  			    
	  	        
                
                    
                

	  		    

	  		    

	  		    

	  		    <div class="hover-text-container">
	  			    <button href="#" tabindex="0" class="hover-text " aria-label="Quick View for Restaurante Tortilla Chips, Deli Rounds.">Quick View</button>
	  		    </div>
	  	    </div>
	    </div>

	    <div class="product-in-cart">
	  	    <div class="wrapper-product-in-cart">
	  		    <span>
	  			    In Cart
	  		    </span>
	  	    </div>
	    </div>

	    <div class="product-info">
	  	    <div class="product-name-wrapper">
	  		    <a href="/Food/Pantry/Chips-%26-Salty-Snacks/Tortilla-Chips/Old-Dutch-RESTAURANTE-Restaurante-Tortilla-Chips%2C-Deli-Rounds/p/20503218004_EA" class="product-name" aria-label="Product page for Restaurante Tortilla Chips, Deli Rounds" >
	  			    <span class="js-product-entry-brand">Old Dutch&nbsp;</span>

	  			    

	  			    <span class="js-product-entry-name">Restaurante Tortilla Chips, Deli Rounds</span>

	  			    <span class="js-product-entry-size-detail">(310 g)</span>

	  		    </a>
	  	    </div>
	  	    
	  	    
	  		    
	  		    
	  			    



	
	
		
		<span class="ad-match-badge  hidden">Ad Match</span>
	

	  				
	  			        
	  					
	  				        
	  					
	  				
	  		    
	  	    

	  	    <div class="price">
			    <div class="price-wrapper no-discount  ">
				    <span class="reg-price  " aria-label="Regular Price: $3.28">
					    <span class="reg-price-text">$3.28</span>
					    
					    <sup class="reg-price-unit">ea</sup>
				    </span>
				    <span class="sale-price hidden" aria-label="Sale Price:">
					    <span class="sale-price-text"></span>
					    <sup class="sale-price-unit">ea</sup>
				    </span>
				    
				    <span class="secondary-price hidden">
					    
					    <span class="secondary-price-text" aria-label="Secondary Price:"></span>
				    </span>
			    </div>
	  	    </div>

	  	    <div class="qty">
	  		    <span class="reg-qty  ">
		
			
		  	
		  		<span class="sr-only">Sale Price Per Unit:</span>
        $1.06
        /
        100
        g
		  	
	  	
	</span>

	<span class="sale-qty hidden">
		
			
		  	
		  		<span class="sr-only">Sale Price Per Unit:</span>
        $1.06
        /
        100
        g
		  	
	  	
	</span>

	<span class="secondary-qty hidden">
		
	  	<span class="secondary-qty-text"></span>
	</span>
	  	    </div>
	    </div>


	    

	    
	</div>
	<form class="form-product  quickview-btn-simple"
	  data-product-id="20503218004_EA"
	  data-min-qty="1.0"
	  data-max-qty="999.0"
	  data-unit-type="ea"
	  data-cart-qty="1"
	  data-default-qty="1"
	  novalidate="novalidate"
	  promoCode=""
	  promoNumber=""
	  data-is-customized="false"
	  data-cart-url="/cart/product/20503218004_EA"
	  data-csrf-token="5582ec01-90c0-448b-b4f7-e2cf68d9f8a0"
	  data-is-weighted-product="false">

	<div class="module-add-to-cart " data-change-type="plus" data-auto-edit="true" data-auto-add="true"
		 data-cart-ajax-url="/cart/updateCart">
		<div class="wrapper-add-to-cart-btn">
					<div class="module-add-to-cart-button-small">
							<button type="button" class="btn btn-secondary btn-add-to-cart " data-auid="add-to-cart-button" data-has-pts-badge="false" aria-label="Add Restaurante Tortilla Chips, Deli Rounds to cart">
										<span class="icon-cart"></span>
										<span class="add-to-cart-text">
											Add</span>
									</button>
									<button type="button" class="btn btn-secondary btn-edit-cart hidden " aria-label="Edit Cart">
										<span class="qty-in-cart"></span>
										<span class="edit-cart-text">
											<spring code="product.edit.text" />"
										</span>
									</button>
								<div class="add-list-parent add-list-module  bottom-add-list-module ">
	<button class="btn btn-inline-link btn-save-to-list  dark is-btn-animated" 
	  data-login-url="/account/login?productCode=20503218004_EA" 
	  data-ajax-url="/restful/lists/all?productCode=20503218004_EA" 
	  data-user-guest="Y" 
	  data-user-guest="Y" data-product-code="20503218004_EA" 
	  data-delete-item="false"
	  aria-label="Add Restaurante Tortilla Chips, Deli Rounds to a List">
	  <span class="glyphicon glyphicon-th-list"></span>
	  <div class="list-cta-text  is-btn-animated">Add to List</div>
	</button>
	 
	<!-- this is the list HTML   -->
	<div class="save-to-list-popup  is-btn-animated animation-up dark" 
	  data-save-to-list-error="Can not get lists at this time. Please try again later."
	  data-product-name="Restaurante Tortilla Chips, Deli Rounds">
	  <div class="inner-container">
	  </div>
	  
	</div>
</div>

</div>
				</div>
			</div>


	<div class="module-plus-minus-buttons small hidden ">
			<button type="button" class="btn cart-change-qty" data-change-type="minus" data-auid="decrease-product-quantity" alt="Minus" aria-label="Minus">
				<span class="icon-minimize"></span>
			</button>
			<div class="plus-minus-input-wrapper">
				<input class="input-qty cart-change-qty" aria-label="Enter manual quantity" type="text" name="qty" title="Change quantity in cart"
							data-unit-type="ea"
							value="1ea" data-change-type="equals"
							maxlength="7">

						<span class="input-qty-pretty">
							<span class="input-qty-pretty-value">1</span>
							<span class="input-qty-pretty-unit"></span>
						</span>
					</div>

			<button type="button" class="btn cart-change-qty" data-change-type="plus" data-auid="increase-product-quantity" alt="Plus" aria-label="Plus">
				<span class="icon-plus-sign"></span>
			</button>

			<p class="deal-limit-reached hidden">Deal Limit Reached</p>

			<div class="tooltip-qty-error tooltip-qty-limit hidden">
				<p>
					Limit to
					&nbsp;
					999
					&nbsp;each&nbsp;
					per customer.</p>
			</div>
			<div class="tooltip-qty-error tooltip-round-error hidden">
				<p>
					We do not have this in the weight you wanted. We've rounded your order to the nearest weight increment we stock.</p>
			</div>
		</div>
	</form>

<!-- End Template: AddToCartSmall -->

</div>
</div>
<div class="item">
		






































	




	
	
		
		
		
		
			
		
	





























<div class="module-grocery-product quickview-simple  clicked" data-quickview-ajax-url="/p/21049526_EA/quickViewProduct" data-product-id="21049526_EA"  data-product-price="$1.97">
    
	
	
		<span class="subtitle"></span>
	

	<div class="product-page-hotspot">
	    <div class="product-cell quickview-button">
	  	    <div class="product-image ">
                
	  		    <img src="https://assets.shop.loblaws.ca/products/21049526/b1/en/front/21049526_front_a01.png" onerror="this.src='https://assets.shop.loblaws.ca/products/NoImage/b1/en/front/NoImage_front_a01_@2.png';" alt="Corn Chips, Ranch" />
                
	  			    
	  			        <span class="sticker deal">
	  				        <span class="deal-badge">
	  				            
	  			                
	  				            

	  				            <span class="module-deal-badge module-deal-badge-grid simple-save-unit "
	  						        data-deal-type="$1.97 LIMIT 2"
	  						        data-ajax-promo-url="/simpleDeal/deals/product-tile?productCode=21049526_EA"
	  						        data-deal-id="21049526_EA">
	  						        <span class="deal-type">$1.97 LIMIT 2</span>
	  						            








	<span class="deal-expiry">
		Exp. 12/20
	</span>

	  					                
	  				            </span>
	  			            </span>
	  		            </span>
	  			        
	  	            
	  	        
                
                    
                

	  		    

	  		    

	  		    

	  		    <div class="hover-text-container">
	  			    <button href="#" tabindex="0" class="hover-text " aria-label="Quick View for Corn Chips, Ranch.">Quick View</button>
	  		    </div>
	  	    </div>
	    </div>

	    <div class="product-in-cart">
	  	    <div class="wrapper-product-in-cart">
	  		    <span>
	  			    In Cart
	  		    </span>
	  	    </div>
	    </div>

	    <div class="product-info">
	  	    <div class="product-name-wrapper">
	  		    <a href="/Food/Pantry/Chips-%26-Salty-Snacks/Pretzels-%26-Snack-Mixes/Bugles-BUGLES-Corn-Chips%2C-Ranch/p/21049526_EA" class="product-name" aria-label="Product page for Corn Chips, Ranch" >
	  			    <span class="js-product-entry-brand">Bugles&nbsp;</span>

	  			    

	  			    <span class="js-product-entry-name">Corn Chips, Ranch</span>

	  			    <span class="js-product-entry-size-detail">(213 g)</span>

	  		    </a>
	  	    </div>
	  	    
	  	    
	  		    
	  		    
	  			    



	
	
		
		<span class="ad-match-badge  hidden">Ad Match</span>
	

	  				
	  			        
	  					
	  				        
	  					
	  				
	  		    
	  	    

	  	    <div class="price">
			    <div class="price-wrapper no-discount promo-alert ">
				    <span class="reg-price  price-alert" aria-label="Regular Price: $1.97">
					    <span class="reg-price-text">$1.97</span>
					    
					    <sup class="reg-price-unit">ea</sup>
				    </span>
				    <span class="sale-price hidden" aria-label="Sale Price:">
					    <span class="sale-price-text"></span>
					    <sup class="sale-price-unit">ea</sup>
				    </span>
				    
				    <span class="secondary-price hidden">
					    
					    <span class="secondary-price-text" aria-label="Secondary Price:"></span>
				    </span>
			    </div>
	  	    </div>

	  	    <div class="qty">
	  		    <span class="reg-qty  price-alert">
		
			
		  	
		  		<span class="sr-only">Sale Price Per Unit:</span>
        $0.92
        /
        100
        g
		  	
	  	
	</span>

	<span class="sale-qty hidden">
		
			
		  	
		  		<span class="sr-only">Sale Price Per Unit:</span>
        $0.92
        /
        100
        g
		  	
	  	
	</span>

	<span class="secondary-qty hidden">
		
	  	<span class="secondary-qty-text"></span>
	</span>
	  	    </div>
	    </div>


	    

	    
	</div>
	<form class="form-product  quickview-btn-simple"
	  data-product-id="21049526_EA"
	  data-min-qty="1.0"
	  data-max-qty="999.0"
	  data-unit-type="ea"
	  data-cart-qty="1"
	  data-default-qty="1"
	  novalidate="novalidate"
	  promoCode=""
	  promoNumber=""
	  data-is-customized="false"
	  data-cart-url="/cart/product/21049526_EA"
	  data-csrf-token="5582ec01-90c0-448b-b4f7-e2cf68d9f8a0"
	  data-is-weighted-product="false">

	<div class="module-add-to-cart " data-change-type="plus" data-auto-edit="true" data-auto-add="true"
		 data-cart-ajax-url="/cart/updateCart">
		<div class="wrapper-add-to-cart-btn">
					<div class="module-add-to-cart-button-small">
							<button type="button" class="btn btn-secondary btn-add-to-cart " data-auid="add-to-cart-button" data-has-pts-badge="false" aria-label="Add Corn Chips, Ranch to cart">
										<span class="icon-cart"></span>
										<span class="add-to-cart-text">
											Add</span>
									</button>
									<button type="button" class="btn btn-secondary btn-edit-cart hidden " aria-label="Edit Cart">
										<span class="qty-in-cart"></span>
										<span class="edit-cart-text">
											<spring code="product.edit.text" />"
										</span>
									</button>
								<div class="add-list-parent add-list-module  bottom-add-list-module ">
	<button class="btn btn-inline-link btn-save-to-list  dark is-btn-animated" 
	  data-login-url="/account/login?productCode=21049526_EA" 
	  data-ajax-url="/restful/lists/all?productCode=21049526_EA" 
	  data-user-guest="Y" 
	  data-user-guest="Y" data-product-code="21049526_EA" 
	  data-delete-item="false"
	  aria-label="Add Corn Chips, Ranch to a List">
	  <span class="glyphicon glyphicon-th-list"></span>
	  <div class="list-cta-text  is-btn-animated">Add to List</div>
	</button>
	 
	<!-- this is the list HTML   -->
	<div class="save-to-list-popup  is-btn-animated animation-up dark" 
	  data-save-to-list-error="Can not get lists at this time. Please try again later."
	  data-product-name="Corn Chips, Ranch">
	  <div class="inner-container">
	  </div>
	  
	</div>
</div>

</div>
				</div>
			</div>


	<div class="module-plus-minus-buttons small hidden ">
			<button type="button" class="btn cart-change-qty" data-change-type="minus" data-auid="decrease-product-quantity" alt="Minus" aria-label="Minus">
				<span class="icon-minimize"></span>
			</button>
			<div class="plus-minus-input-wrapper">
				<input class="input-qty cart-change-qty" aria-label="Enter manual quantity" type="text" name="qty" title="Change quantity in cart"
							data-unit-type="ea"
							value="1ea" data-change-type="equals"
							maxlength="7">

						<span class="input-qty-pretty">
							<span class="input-qty-pretty-value">1</span>
							<span class="input-qty-pretty-unit"></span>
						</span>
					</div>

			<button type="button" class="btn cart-change-qty" data-change-type="plus" data-auid="increase-product-quantity" alt="Plus" aria-label="Plus">
				<span class="icon-plus-sign"></span>
			</button>

			<p class="deal-limit-reached hidden">Deal Limit Reached</p>

			<div class="tooltip-qty-error tooltip-qty-limit hidden">
				<p>
					Limit to
					&nbsp;
					999
					&nbsp;each&nbsp;
					per customer.</p>
			</div>
			<div class="tooltip-qty-error tooltip-round-error hidden">
				<p>
					We do not have this in the weight you wanted. We've rounded your order to the nearest weight increment we stock.</p>
			</div>
		</div>
	</form>

<!-- End Template: AddToCartSmall -->

</div>
</div>
<div class="item">
		









































	
	
		
		
		
		
			
		
	





























<div class="module-grocery-product quickview-simple  clicked" data-quickview-ajax-url="/p/21084983_EA/quickViewProduct" data-product-id="21084983_EA"  data-product-price="$4.58">
    
	
	
		<span class="subtitle"></span>
	

	<div class="product-page-hotspot">
	    <div class="product-cell quickview-button">
	  	    <div class="product-image ">
                
	  		    <img src="https://assets.shop.loblaws.ca/products/21084983/b1/en/front/21084983_front_a01.png" onerror="this.src='https://assets.shop.loblaws.ca/products/NoImage/b1/en/front/NoImage_front_a01_@2.png';" alt="Tortilla Chips, Sweet Chilli Heat" />
                
	  			    
	  	        
                
                    
                

	  		    

	  		    

	  		    

	  		    <div class="hover-text-container">
	  			    <button href="#" tabindex="0" class="hover-text " aria-label="Quick View for Tortilla Chips, Sweet Chilli Heat.">Quick View</button>
	  		    </div>
	  	    </div>
	    </div>

	    <div class="product-in-cart">
	  	    <div class="wrapper-product-in-cart">
	  		    <span>
	  			    In Cart
	  		    </span>
	  	    </div>
	    </div>

	    <div class="product-info">
	  	    <div class="product-name-wrapper">
	  		    <a href="/Food/Pantry/Chips-%26-Salty-Snacks/Potato-Chips/Doritos-Tortilla-Chips%2C-Sweet-Chilli-Heat/p/21084983_EA" class="product-name" aria-label="Product page for Tortilla Chips, Sweet Chilli Heat" >
	  			    <span class="js-product-entry-brand">Doritos&nbsp;</span>

	  			    

	  			    <span class="js-product-entry-name">Tortilla Chips, Sweet Chilli Heat</span>

	  			    <span class="js-product-entry-size-detail">(400 g)</span>

	  		    </a>
	  	    </div>
	  	    
	  	    
	  		    
	  		    
	  			    



	
	
		
		<span class="ad-match-badge  hidden">Ad Match</span>
	

	  				
	  			        
	  					
	  				        
	  					
	  				
	  		    
	  	    

	  	    <div class="price">
			    <div class="price-wrapper no-discount  ">
				    <span class="reg-price  " aria-label="Regular Price: $4.58">
					    <span class="reg-price-text">$4.58</span>
					    
					    <sup class="reg-price-unit">ea</sup>
				    </span>
				    <span class="sale-price hidden" aria-label="Sale Price:">
					    <span class="sale-price-text"></span>
					    <sup class="sale-price-unit">ea</sup>
				    </span>
				    
				    <span class="secondary-price hidden">
					    
					    <span class="secondary-price-text" aria-label="Secondary Price:"></span>
				    </span>
			    </div>
	  	    </div>

	  	    <div class="qty">
	  		    <span class="reg-qty  ">
		
			
		  	
		  		<span class="sr-only">Sale Price Per Unit:</span>
        $1.15
        /
        100
        g
		  	
	  	
	</span>

	<span class="sale-qty hidden">
		
			
		  	
		  		<span class="sr-only">Sale Price Per Unit:</span>
        $1.15
        /
        100
        g
		  	
	  	
	</span>

	<span class="secondary-qty hidden">
		
	  	<span class="secondary-qty-text"></span>
	</span>
	  	    </div>
	    </div>


	    

	    
	</div>
	<form class="form-product  quickview-btn-simple"
	  data-product-id="21084983_EA"
	  data-min-qty="1.0"
	  data-max-qty="999.0"
	  data-unit-type="ea"
	  data-cart-qty="1"
	  data-default-qty="1"
	  novalidate="novalidate"
	  promoCode=""
	  promoNumber=""
	  data-is-customized="false"
	  data-cart-url="/cart/product/21084983_EA"
	  data-csrf-token="5582ec01-90c0-448b-b4f7-e2cf68d9f8a0"
	  data-is-weighted-product="false">

	<div class="module-add-to-cart " data-change-type="plus" data-auto-edit="true" data-auto-add="true"
		 data-cart-ajax-url="/cart/updateCart">
		<div class="wrapper-add-to-cart-btn">
					<div class="module-add-to-cart-button-small">
							<button type="button" class="btn btn-secondary btn-add-to-cart " data-auid="add-to-cart-button" data-has-pts-badge="false" aria-label="Add Tortilla Chips, Sweet Chilli Heat to cart">
										<span class="icon-cart"></span>
										<span class="add-to-cart-text">
											Add</span>
									</button>
									<button type="button" class="btn btn-secondary btn-edit-cart hidden " aria-label="Edit Cart">
										<span class="qty-in-cart"></span>
										<span class="edit-cart-text">
											<spring code="product.edit.text" />"
										</span>
									</button>
								<div class="add-list-parent add-list-module  bottom-add-list-module ">
	<button class="btn btn-inline-link btn-save-to-list  dark is-btn-animated" 
	  data-login-url="/account/login?productCode=21084983_EA" 
	  data-ajax-url="/restful/lists/all?productCode=21084983_EA" 
	  data-user-guest="Y" 
	  data-user-guest="Y" data-product-code="21084983_EA" 
	  data-delete-item="false"
	  aria-label="Add Tortilla Chips, Sweet Chilli Heat to a List">
	  <span class="glyphicon glyphicon-th-list"></span>
	  <div class="list-cta-text  is-btn-animated">Add to List</div>
	</button>
	 
	<!-- this is the list HTML   -->
	<div class="save-to-list-popup  is-btn-animated animation-up dark" 
	  data-save-to-list-error="Can not get lists at this time. Please try again later."
	  data-product-name="Tortilla Chips, Sweet Chilli Heat">
	  <div class="inner-container">
	  </div>
	  
	</div>
</div>

</div>
				</div>
			</div>


	<div class="module-plus-minus-buttons small hidden ">
			<button type="button" class="btn cart-change-qty" data-change-type="minus" data-auid="decrease-product-quantity" alt="Minus" aria-label="Minus">
				<span class="icon-minimize"></span>
			</button>
			<div class="plus-minus-input-wrapper">
				<input class="input-qty cart-change-qty" aria-label="Enter manual quantity" type="text" name="qty" title="Change quantity in cart"
							data-unit-type="ea"
							value="1ea" data-change-type="equals"
							maxlength="7">

						<span class="input-qty-pretty">
							<span class="input-qty-pretty-value">1</span>
							<span class="input-qty-pretty-unit"></span>
						</span>
					</div>

			<button type="button" class="btn cart-change-qty" data-change-type="plus" data-auid="increase-product-quantity" alt="Plus" aria-label="Plus">
				<span class="icon-plus-sign"></span>
			</button>

			<p class="deal-limit-reached hidden">Deal Limit Reached</p>

			<div class="tooltip-qty-error tooltip-qty-limit hidden">
				<p>
					Limit to
					&nbsp;
					999
					&nbsp;each&nbsp;
					per customer.</p>
			</div>
			<div class="tooltip-qty-error tooltip-round-error hidden">
				<p>
					We do not have this in the weight you wanted. We've rounded your order to the nearest weight increment we stock.</p>
			</div>
		</div>
	</form>

<!-- End Template: AddToCartSmall -->

</div>
</div>
<div class="item">
		









































	
	
		
		
		
		
			
		
	





























<div class="module-grocery-product quickview-simple  clicked" data-quickview-ajax-url="/p/20803759003_EA/quickViewProduct" data-product-id="20803759003_EA"  data-product-price="$2.48">
    
	
	
		<span class="subtitle"></span>
	

	<div class="product-page-hotspot">
	    <div class="product-cell quickview-button">
	  	    <div class="product-image ">
                
	  		    <img src="https://assets.shop.loblaws.ca/products/20803759003/b1/en/front/20803759003_front_a01.png" onerror="this.src='https://assets.shop.loblaws.ca/products/NoImage/b1/en/front/NoImage_front_a01_@2.png';" alt="Snapea Crisps, Black Pepper" />
                
	  			    
	  	        
                
                    
                

	  		    

	  		    

	  		    

	  		    <div class="hover-text-container">
	  			    <button href="#" tabindex="0" class="hover-text " aria-label="Quick View for Snapea Crisps, Black Pepper.">Quick View</button>
	  		    </div>
	  	    </div>
	    </div>

	    <div class="product-in-cart">
	  	    <div class="wrapper-product-in-cart">
	  		    <span>
	  			    In Cart
	  		    </span>
	  	    </div>
	    </div>

	    <div class="product-info">
	  	    <div class="product-name-wrapper">
	  		    <a href="/Food/Pantry/Chips-%26-Salty-Snacks/Pretzels-%26-Snack-Mixes/Calbee-Snapea-Crisps%2C-Black-Pepper/p/20803759003_EA" class="product-name" aria-label="Product page for Snapea Crisps, Black Pepper" >
	  			    <span class="js-product-entry-brand">Calbee&nbsp;</span>

	  			    

	  			    <span class="js-product-entry-name">Snapea Crisps, Black Pepper</span>

	  			    <span class="js-product-entry-size-detail">(93 g)</span>

	  		    </a>
	  	    </div>
	  	    
	  	    
	  		    
	  		    
	  			    



	
	
		
		<span class="ad-match-badge  hidden">Ad Match</span>
	

	  				
	  			        
	  					
	  				        
	  					
	  				
	  		    
	  	    

	  	    <div class="price">
			    <div class="price-wrapper no-discount  ">
				    <span class="reg-price  " aria-label="Regular Price: $2.48">
					    <span class="reg-price-text">$2.48</span>
					    
					    <sup class="reg-price-unit">ea</sup>
				    </span>
				    <span class="sale-price hidden" aria-label="Sale Price:">
					    <span class="sale-price-text"></span>
					    <sup class="sale-price-unit">ea</sup>
				    </span>
				    
				    <span class="secondary-price hidden">
					    
					    <span class="secondary-price-text" aria-label="Secondary Price:"></span>
				    </span>
			    </div>
	  	    </div>

	  	    <div class="qty">
	  		    <span class="reg-qty  ">
		
			
		  	
		  		<span class="sr-only">Sale Price Per Unit:</span>
        $2.67
        /
        100
        g
		  	
	  	
	</span>

	<span class="sale-qty hidden">
		
			
		  	
		  		<span class="sr-only">Sale Price Per Unit:</span>
        $2.67
        /
        100
        g
		  	
	  	
	</span>

	<span class="secondary-qty hidden">
		
	  	<span class="secondary-qty-text"></span>
	</span>
	  	    </div>
	    </div>


	    

	    
	</div>
	<form class="form-product  quickview-btn-simple"
	  data-product-id="20803759003_EA"
	  data-min-qty="1.0"
	  data-max-qty="999.0"
	  data-unit-type="ea"
	  data-cart-qty="1"
	  data-default-qty="1"
	  novalidate="novalidate"
	  promoCode=""
	  promoNumber=""
	  data-is-customized="false"
	  data-cart-url="/cart/product/20803759003_EA"
	  data-csrf-token="5582ec01-90c0-448b-b4f7-e2cf68d9f8a0"
	  data-is-weighted-product="false">

	<div class="module-add-to-cart " data-change-type="plus" data-auto-edit="true" data-auto-add="true"
		 data-cart-ajax-url="/cart/updateCart">
		<div class="wrapper-add-to-cart-btn">
					<div class="module-add-to-cart-button-small">
							<button type="button" class="btn btn-secondary btn-add-to-cart " data-auid="add-to-cart-button" data-has-pts-badge="false" aria-label="Add Snapea Crisps, Black Pepper to cart">
										<span class="icon-cart"></span>
										<span class="add-to-cart-text">
											Add</span>
									</button>
									<button type="button" class="btn btn-secondary btn-edit-cart hidden " aria-label="Edit Cart">
										<span class="qty-in-cart"></span>
										<span class="edit-cart-text">
											<spring code="product.edit.text" />"
										</span>
									</button>
								<div class="add-list-parent add-list-module  bottom-add-list-module ">
	<button class="btn btn-inline-link btn-save-to-list  dark is-btn-animated" 
	  data-login-url="/account/login?productCode=20803759003_EA" 
	  data-ajax-url="/restful/lists/all?productCode=20803759003_EA" 
	  data-user-guest="Y" 
	  data-user-guest="Y" data-product-code="20803759003_EA" 
	  data-delete-item="false"
	  aria-label="Add Snapea Crisps, Black Pepper to a List">
	  <span class="glyphicon glyphicon-th-list"></span>
	  <div class="list-cta-text  is-btn-animated">Add to List</div>
	</button>
	 
	<!-- this is the list HTML   -->
	<div class="save-to-list-popup  is-btn-animated animation-up dark" 
	  data-save-to-list-error="Can not get lists at this time. Please try again later."
	  data-product-name="Snapea Crisps, Black Pepper">
	  <div class="inner-container">
	  </div>
	  
	</div>
</div>

</div>
				</div>
			</div>


	<div class="module-plus-minus-buttons small hidden ">
			<button type="button" class="btn cart-change-qty" data-change-type="minus" data-auid="decrease-product-quantity" alt="Minus" aria-label="Minus">
				<span class="icon-minimize"></span>
			</button>
			<div class="plus-minus-input-wrapper">
				<input class="input-qty cart-change-qty" aria-label="Enter manual quantity" type="text" name="qty" title="Change quantity in cart"
							data-unit-type="ea"
							value="1ea" data-change-type="equals"
							maxlength="7">

						<span class="input-qty-pretty">
							<span class="input-qty-pretty-value">1</span>
							<span class="input-qty-pretty-unit"></span>
						</span>
					</div>

			<button type="button" class="btn cart-change-qty" data-change-type="plus" data-auid="increase-product-quantity" alt="Plus" aria-label="Plus">
				<span class="icon-plus-sign"></span>
			</button>

			<p class="deal-limit-reached hidden">Deal Limit Reached</p>

			<div class="tooltip-qty-error tooltip-qty-limit hidden">
				<p>
					Limit to
					&nbsp;
					999
					&nbsp;each&nbsp;
					per customer.</p>
			</div>
			<div class="tooltip-qty-error tooltip-round-error hidden">
				<p>
					We do not have this in the weight you wanted. We've rounded your order to the nearest weight increment we stock.</p>
			</div>
		</div>
	</form>

<!-- End Template: AddToCartSmall -->

</div>
</div>
<div class="item">
		






































	




	
	
		
		
		
		
			
		
	





























<div class="module-grocery-product quickview-simple  clicked" data-quickview-ajax-url="/p/20772008_EA/quickViewProduct" data-product-id="20772008_EA"  data-product-price="$3.98">
    
	
	
		<span class="subtitle"></span>
	

	<div class="product-page-hotspot">
	    <div class="product-cell quickview-button">
	  	    <div class="product-image ">
                
	  		    <img src="https://assets.shop.loblaws.ca/products/20772008/b1/en/front/20772008_front_a01.png" onerror="this.src='https://assets.shop.loblaws.ca/products/NoImage/b1/en/front/NoImage_front_a01_@2.png';" alt="Krinkle Cut Sweet Potato Chips, Sea Salt" />
                
	  			    
	  			        <span class="sticker deal">
	  				        <span class="deal-badge">
	  				            
	  			                
	  				            

	  				            <span class="module-deal-badge module-deal-badge-grid simple-save-unit "
	  						        data-deal-type="$3.98 LIMIT 4"
	  						        data-ajax-promo-url="/simpleDeal/deals/product-tile?productCode=20772008_EA"
	  						        data-deal-id="20772008_EA">
	  						        <span class="deal-type">$3.98 LIMIT 4</span>
	  						            








	<span class="deal-expiry">
		Exp. 12/27
	</span>

	  					                
	  				            </span>
	  			            </span>
	  		            </span>
	  			        
	  	            
	  	        
                
                    
                

	  		    

	  		    

	  		    

	  		    <div class="hover-text-container">
	  			    <button href="#" tabindex="0" class="hover-text " aria-label="Quick View for Krinkle Cut Sweet Potato Chips, Sea Salt.">Quick View</button>
	  		    </div>
	  	    </div>
	    </div>

	    <div class="product-in-cart">
	  	    <div class="wrapper-product-in-cart">
	  		    <span>
	  			    In Cart
	  		    </span>
	  	    </div>
	    </div>

	    <div class="product-info">
	  	    <div class="product-name-wrapper">
	  		    <a href="/Food/Natural-%26-Organic/Pantry/Snacks-%26-Candy/Krinkle-Cut-Sweet-Potato-Chips%2C-Sea-Salt/p/20772008_EA" class="product-name" aria-label="Product page for Krinkle Cut Sweet Potato Chips, Sea Salt" >
	  			    

	  			    

	  			    <span class="js-product-entry-name">Krinkle Cut Sweet Potato Chips, Sea Salt</span>

	  			    <span class="js-product-entry-size-detail">(165 g)</span>

	  		    </a>
	  	    </div>
	  	    
	  	    
	  		    
	  		    
	  			    



	
	
		
		<span class="ad-match-badge  hidden">Ad Match</span>
	

	  				
	  			        
	  					
	  				        
	  					
	  				
	  		    
	  	    

	  	    <div class="price">
			    <div class="price-wrapper no-discount promo-alert ">
				    <span class="reg-price  price-alert" aria-label="Regular Price: $3.98">
					    <span class="reg-price-text">$3.98</span>
					    
					    <sup class="reg-price-unit">ea</sup>
				    </span>
				    <span class="sale-price hidden" aria-label="Sale Price:">
					    <span class="sale-price-text"></span>
					    <sup class="sale-price-unit">ea</sup>
				    </span>
				    
				    <span class="secondary-price hidden">
					    
					    <span class="secondary-price-text" aria-label="Secondary Price:"></span>
				    </span>
			    </div>
	  	    </div>

	  	    <div class="qty">
	  		    <span class="reg-qty  price-alert">
		
			
		  	
		  		<span class="sr-only">Sale Price Per Unit:</span>
        $2.41
        /
        100
        g
		  	
	  	
	</span>

	<span class="sale-qty hidden">
		
			
		  	
		  		<span class="sr-only">Sale Price Per Unit:</span>
        $2.41
        /
        100
        g
		  	
	  	
	</span>

	<span class="secondary-qty hidden">
		
	  	<span class="secondary-qty-text"></span>
	</span>
	  	    </div>
	    </div>


	    

	    
	</div>
	<form class="form-product  quickview-btn-simple"
	  data-product-id="20772008_EA"
	  data-min-qty="1.0"
	  data-max-qty="999.0"
	  data-unit-type="ea"
	  data-cart-qty="1"
	  data-default-qty="1"
	  novalidate="novalidate"
	  promoCode=""
	  promoNumber=""
	  data-is-customized="false"
	  data-cart-url="/cart/product/20772008_EA"
	  data-csrf-token="5582ec01-90c0-448b-b4f7-e2cf68d9f8a0"
	  data-is-weighted-product="false">

	<div class="module-add-to-cart " data-change-type="plus" data-auto-edit="true" data-auto-add="true"
		 data-cart-ajax-url="/cart/updateCart">
		<div class="wrapper-add-to-cart-btn">
					<div class="module-add-to-cart-button-small">
							<button type="button" class="btn btn-secondary btn-add-to-cart " data-auid="add-to-cart-button" data-has-pts-badge="false" aria-label="Add Krinkle Cut Sweet Potato Chips, Sea Salt to cart">
										<span class="icon-cart"></span>
										<span class="add-to-cart-text">
											Add</span>
									</button>
									<button type="button" class="btn btn-secondary btn-edit-cart hidden " aria-label="Edit Cart">
										<span class="qty-in-cart"></span>
										<span class="edit-cart-text">
											<spring code="product.edit.text" />"
										</span>
									</button>
								<div class="add-list-parent add-list-module  bottom-add-list-module ">
	<button class="btn btn-inline-link btn-save-to-list  dark is-btn-animated" 
	  data-login-url="/account/login?productCode=20772008_EA" 
	  data-ajax-url="/restful/lists/all?productCode=20772008_EA" 
	  data-user-guest="Y" 
	  data-user-guest="Y" data-product-code="20772008_EA" 
	  data-delete-item="false"
	  aria-label="Add Krinkle Cut Sweet Potato Chips, Sea Salt to a List">
	  <span class="glyphicon glyphicon-th-list"></span>
	  <div class="list-cta-text  is-btn-animated">Add to List</div>
	</button>
	 
	<!-- this is the list HTML   -->
	<div class="save-to-list-popup  is-btn-animated animation-up dark" 
	  data-save-to-list-error="Can not get lists at this time. Please try again later."
	  data-product-name="Krinkle Cut Sweet Potato Chips, Sea Salt">
	  <div class="inner-container">
	  </div>
	  
	</div>
</div>

</div>
				</div>
			</div>


	<div class="module-plus-minus-buttons small hidden ">
			<button type="button" class="btn cart-change-qty" data-change-type="minus" data-auid="decrease-product-quantity" alt="Minus" aria-label="Minus">
				<span class="icon-minimize"></span>
			</button>
			<div class="plus-minus-input-wrapper">
				<input class="input-qty cart-change-qty" aria-label="Enter manual quantity" type="text" name="qty" title="Change quantity in cart"
							data-unit-type="ea"
							value="1ea" data-change-type="equals"
							maxlength="7">

						<span class="input-qty-pretty">
							<span class="input-qty-pretty-value">1</span>
							<span class="input-qty-pretty-unit"></span>
						</span>
					</div>

			<button type="button" class="btn cart-change-qty" data-change-type="plus" data-auid="increase-product-quantity" alt="Plus" aria-label="Plus">
				<span class="icon-plus-sign"></span>
			</button>

			<p class="deal-limit-reached hidden">Deal Limit Reached</p>

			<div class="tooltip-qty-error tooltip-qty-limit hidden">
				<p>
					Limit to
					&nbsp;
					999
					&nbsp;each&nbsp;
					per customer.</p>
			</div>
			<div class="tooltip-qty-error tooltip-round-error hidden">
				<p>
					We do not have this in the weight you wanted. We've rounded your order to the nearest weight increment we stock.</p>
			</div>
		</div>
	</form>

<!-- End Template: AddToCartSmall -->

</div>
</div>
<div class="item">
		









































	
	
		
		
		
		
			
		
	





























<div class="module-grocery-product quickview-simple  clicked" data-quickview-ajax-url="/p/21028403_EA/quickViewProduct" data-product-id="21028403_EA"  data-product-price="$3.28">
    
	
	
		<span class="subtitle"></span>
	

	<div class="product-page-hotspot">
	    <div class="product-cell quickview-button">
	  	    <div class="product-image ">
                
	  		    <img src="https://assets.shop.loblaws.ca/products/21028403/b1/en/front/21028403_front_a01.png" onerror="this.src='https://assets.shop.loblaws.ca/products/NoImage/b1/en/front/NoImage_front_a01_@2.png';" alt="Ridges Potato Chips, Cheddar Sour Cream" />
                
	  			    
	  			        <span class="sticker deal">
	  				        <span class="deal-badge">
	  				            
	  			                
	  				            

	  				            <span class="module-deal-badge module-deal-badge-grid simple-save-unit "
	  						        data-deal-type="2 FOR $5.90"
	  						        data-ajax-promo-url="/simpleDeal/deals/product-tile?productCode=21028403_EA"
	  						        data-deal-id="21028403_EA">
	  						        <span class="deal-type">2 FOR $5.90</span>
	  						            








	<span class="deal-expiry">
		Exp. 12/31
	</span>

	  					                
	  				            </span>
	  			            </span>
	  		            </span>
	  			        
	  	            
	  	        
                
                    
                

	  		    

	  		    

	  		    

	  		    <div class="hover-text-container">
	  			    <button href="#" tabindex="0" class="hover-text " aria-label="Quick View for Ridges Potato Chips, Cheddar Sour Cream.">Quick View</button>
	  		    </div>
	  	    </div>
	    </div>

	    <div class="product-in-cart">
	  	    <div class="wrapper-product-in-cart">
	  		    <span>
	  			    In Cart
	  		    </span>
	  	    </div>
	    </div>

	    <div class="product-info">
	  	    <div class="product-name-wrapper">
	  		    <a href="/Food/Pantry/Chips-%26-Salty-Snacks/Potato-Chips/Popchips-Ridges-Potato-Chips%2C-Cheddar-Sour-Cream/p/21028403_EA" class="product-name" aria-label="Product page for Ridges Potato Chips, Cheddar Sour Cream" >
	  			    <span class="js-product-entry-brand">Popchips&nbsp;</span>

	  			    

	  			    <span class="js-product-entry-name">Ridges Potato Chips, Cheddar Sour Cream</span>

	  			    <span class="js-product-entry-size-detail">(85 g)</span>

	  		    </a>
	  	    </div>
	  	    
	  	    
	  		    
	  		    
	  			    



	
	
		
		<span class="ad-match-badge  hidden">Ad Match</span>
	

	  				
	  			        
	  					
	  				        
	  					
	  				
	  		    
	  	    

	  	    <div class="price">
			    <div class="price-wrapper no-discount  ">
				    <span class="reg-price  " aria-label="Regular Price: $3.28">
					    <span class="reg-price-text">$3.28</span>
					    
					    <sup class="reg-price-unit">ea</sup>
				    </span>
				    <span class="sale-price hidden" aria-label="Sale Price:">
					    <span class="sale-price-text"></span>
					    <sup class="sale-price-unit">ea</sup>
				    </span>
				    
				    <span class="secondary-price hidden">
					    
					    <span class="secondary-price-text" aria-label="Secondary Price:"></span>
				    </span>
			    </div>
	  	    </div>

	  	    <div class="qty">
	  		    <span class="reg-qty  ">
		
			
		  	
		  		<span class="sr-only">Sale Price Per Unit:</span>
        $3.86
        /
        100
        g
		  	
	  	
	</span>

	<span class="sale-qty hidden">
		
			
		  	
		  		<span class="sr-only">Sale Price Per Unit:</span>
        $3.86
        /
        100
        g
		  	
	  	
	</span>

	<span class="secondary-qty hidden">
		
	  	<span class="secondary-qty-text"></span>
	</span>
	  	    </div>
	    </div>


	    

	    
	</div>
	<form class="form-product  quickview-btn-simple"
	  data-product-id="21028403_EA"
	  data-min-qty="1.0"
	  data-max-qty="999.0"
	  data-unit-type="ea"
	  data-cart-qty="1"
	  data-default-qty="1"
	  novalidate="novalidate"
	  promoCode=""
	  promoNumber=""
	  data-is-customized="false"
	  data-cart-url="/cart/product/21028403_EA"
	  data-csrf-token="5582ec01-90c0-448b-b4f7-e2cf68d9f8a0"
	  data-is-weighted-product="false">

	<div class="module-add-to-cart " data-change-type="plus" data-auto-edit="true" data-auto-add="true"
		 data-cart-ajax-url="/cart/updateCart">
		<div class="wrapper-add-to-cart-btn">
					<div class="module-add-to-cart-button-small">
							<button type="button" class="btn btn-secondary btn-add-to-cart " data-auid="add-to-cart-button" data-has-pts-badge="false" aria-label="Add Ridges Potato Chips, Cheddar Sour Cream to cart">
										<span class="icon-cart"></span>
										<span class="add-to-cart-text">
											Add</span>
									</button>
									<button type="button" class="btn btn-secondary btn-edit-cart hidden " aria-label="Edit Cart">
										<span class="qty-in-cart"></span>
										<span class="edit-cart-text">
											<spring code="product.edit.text" />"
										</span>
									</button>
								<div class="add-list-parent add-list-module  bottom-add-list-module ">
	<button class="btn btn-inline-link btn-save-to-list  dark is-btn-animated" 
	  data-login-url="/account/login?productCode=21028403_EA" 
	  data-ajax-url="/restful/lists/all?productCode=21028403_EA" 
	  data-user-guest="Y" 
	  data-user-guest="Y" data-product-code="21028403_EA" 
	  data-delete-item="false"
	  aria-label="Add Ridges Potato Chips, Cheddar Sour Cream to a List">
	  <span class="glyphicon glyphicon-th-list"></span>
	  <div class="list-cta-text  is-btn-animated">Add to List</div>
	</button>
	 
	<!-- this is the list HTML   -->
	<div class="save-to-list-popup  is-btn-animated animation-up dark" 
	  data-save-to-list-error="Can not get lists at this time. Please try again later."
	  data-product-name="Ridges Potato Chips, Cheddar Sour Cream">
	  <div class="inner-container">
	  </div>
	  
	</div>
</div>

</div>
				</div>
			</div>


	<div class="module-plus-minus-buttons small hidden ">
			<button type="button" class="btn cart-change-qty" data-change-type="minus" data-auid="decrease-product-quantity" alt="Minus" aria-label="Minus">
				<span class="icon-minimize"></span>
			</button>
			<div class="plus-minus-input-wrapper">
				<input class="input-qty cart-change-qty" aria-label="Enter manual quantity" type="text" name="qty" title="Change quantity in cart"
							data-unit-type="ea"
							value="1ea" data-change-type="equals"
							maxlength="7">

						<span class="input-qty-pretty">
							<span class="input-qty-pretty-value">1</span>
							<span class="input-qty-pretty-unit"></span>
						</span>
					</div>

			<button type="button" class="btn cart-change-qty" data-change-type="plus" data-auid="increase-product-quantity" alt="Plus" aria-label="Plus">
				<span class="icon-plus-sign"></span>
			</button>

			<p class="deal-limit-reached hidden">Deal Limit Reached</p>

			<div class="tooltip-qty-error tooltip-qty-limit hidden">
				<p>
					Limit to
					&nbsp;
					999
					&nbsp;each&nbsp;
					per customer.</p>
			</div>
			<div class="tooltip-qty-error tooltip-round-error hidden">
				<p>
					We do not have this in the weight you wanted. We've rounded your order to the nearest weight increment we stock.</p>
			</div>
		</div>
	</form>

<!-- End Template: AddToCartSmall -->

</div>
</div>
<div class="item">
		









































	
	
		
		
		
		
			
		
	





























<div class="module-grocery-product quickview-simple  clicked" data-quickview-ajax-url="/p/20972849_EA/quickViewProduct" data-product-id="20972849_EA"  data-product-price="$4.58">
    
	
	
		<span class="subtitle"></span>
	

	<div class="product-page-hotspot">
	    <div class="product-cell quickview-button">
	  	    <div class="product-image ">
                
	  		    <img src="https://assets.shop.loblaws.ca/products/20972849/b1/en/front/20972849_front_a01.png" onerror="this.src='https://assets.shop.loblaws.ca/products/NoImage/b1/en/front/NoImage_front_a01_@2.png';" alt="Kettle Cooked Potato Chips, Original Recipe" />
                
	  			    
	  	        
                
                    
                

	  		    

	  		    

	  		    

	  		    <div class="hover-text-container">
	  			    <button href="#" tabindex="0" class="hover-text " aria-label="Quick View for Kettle Cooked Potato Chips, Original Recipe.">Quick View</button>
	  		    </div>
	  	    </div>
	    </div>

	    <div class="product-in-cart">
	  	    <div class="wrapper-product-in-cart">
	  		    <span>
	  			    In Cart
	  		    </span>
	  	    </div>
	    </div>

	    <div class="product-info">
	  	    <div class="product-name-wrapper">
	  		    <a href="/Food/Pantry/Chips-%26-Salty-Snacks/Potato-Chips/Miss-Vickies-Kettle-Cooked-Potato-Chips%2C-Original-Recipe/p/20972849_EA" class="product-name" aria-label="Product page for Kettle Cooked Potato Chips, Original Recipe" >
	  			    <span class="js-product-entry-brand">Miss Vickies&nbsp;</span>

	  			    

	  			    <span class="js-product-entry-name">Kettle Cooked Potato Chips, Original Recipe</span>

	  			    <span class="js-product-entry-size-detail">(300 g)</span>

	  		    </a>
	  	    </div>
	  	    
	  	    
	  		    
	  		    
	  			    



	
	
		
		<span class="ad-match-badge  hidden">Ad Match</span>
	

	  				
	  			        
	  					
	  				        
	  					
	  				
	  		    
	  	    

	  	    <div class="price">
			    <div class="price-wrapper no-discount  ">
				    <span class="reg-price  " aria-label="Regular Price: $4.58">
					    <span class="reg-price-text">$4.58</span>
					    
					    <sup class="reg-price-unit">ea</sup>
				    </span>
				    <span class="sale-price hidden" aria-label="Sale Price:">
					    <span class="sale-price-text"></span>
					    <sup class="sale-price-unit">ea</sup>
				    </span>
				    
				    <span class="secondary-price hidden">
					    
					    <span class="secondary-price-text" aria-label="Secondary Price:"></span>
				    </span>
			    </div>
	  	    </div>

	  	    <div class="qty">
	  		    <span class="reg-qty  ">
		
			
		  	
		  		<span class="sr-only">Sale Price Per Unit:</span>
        $1.53
        /
        100
        g
		  	
	  	
	</span>

	<span class="sale-qty hidden">
		
			
		  	
		  		<span class="sr-only">Sale Price Per Unit:</span>
        $1.53
        /
        100
        g
		  	
	  	
	</span>

	<span class="secondary-qty hidden">
		
	  	<span class="secondary-qty-text"></span>
	</span>
	  	    </div>
	    </div>


	    

	    
	</div>
	<form class="form-product  quickview-btn-simple"
	  data-product-id="20972849_EA"
	  data-min-qty="1.0"
	  data-max-qty="999.0"
	  data-unit-type="ea"
	  data-cart-qty="1"
	  data-default-qty="1"
	  novalidate="novalidate"
	  promoCode=""
	  promoNumber=""
	  data-is-customized="false"
	  data-cart-url="/cart/product/20972849_EA"
	  data-csrf-token="5582ec01-90c0-448b-b4f7-e2cf68d9f8a0"
	  data-is-weighted-product="false">

	<div class="module-add-to-cart " data-change-type="plus" data-auto-edit="true" data-auto-add="true"
		 data-cart-ajax-url="/cart/updateCart">
		<div class="wrapper-add-to-cart-btn">
					<div class="module-add-to-cart-button-small">
							<button type="button" class="btn btn-secondary btn-add-to-cart " data-auid="add-to-cart-button" data-has-pts-badge="false" aria-label="Add Kettle Cooked Potato Chips, Original Recipe to cart">
										<span class="icon-cart"></span>
										<span class="add-to-cart-text">
											Add</span>
									</button>
									<button type="button" class="btn btn-secondary btn-edit-cart hidden " aria-label="Edit Cart">
										<span class="qty-in-cart"></span>
										<span class="edit-cart-text">
											<spring code="product.edit.text" />"
										</span>
									</button>
								<div class="add-list-parent add-list-module  bottom-add-list-module ">
	<button class="btn btn-inline-link btn-save-to-list  dark is-btn-animated" 
	  data-login-url="/account/login?productCode=20972849_EA" 
	  data-ajax-url="/restful/lists/all?productCode=20972849_EA" 
	  data-user-guest="Y" 
	  data-user-guest="Y" data-product-code="20972849_EA" 
	  data-delete-item="false"
	  aria-label="Add Kettle Cooked Potato Chips, Original Recipe to a List">
	  <span class="glyphicon glyphicon-th-list"></span>
	  <div class="list-cta-text  is-btn-animated">Add to List</div>
	</button>
	 
	<!-- this is the list HTML   -->
	<div class="save-to-list-popup  is-btn-animated animation-up dark" 
	  data-save-to-list-error="Can not get lists at this time. Please try again later."
	  data-product-name="Kettle Cooked Potato Chips, Original Recipe">
	  <div class="inner-container">
	  </div>
	  
	</div>
</div>

</div>
				</div>
			</div>


	<div class="module-plus-minus-buttons small hidden ">
			<button type="button" class="btn cart-change-qty" data-change-type="minus" data-auid="decrease-product-quantity" alt="Minus" aria-label="Minus">
				<span class="icon-minimize"></span>
			</button>
			<div class="plus-minus-input-wrapper">
				<input class="input-qty cart-change-qty" aria-label="Enter manual quantity" type="text" name="qty" title="Change quantity in cart"
							data-unit-type="ea"
							value="1ea" data-change-type="equals"
							maxlength="7">

						<span class="input-qty-pretty">
							<span class="input-qty-pretty-value">1</span>
							<span class="input-qty-pretty-unit"></span>
						</span>
					</div>

			<button type="button" class="btn cart-change-qty" data-change-type="plus" data-auid="increase-product-quantity" alt="Plus" aria-label="Plus">
				<span class="icon-plus-sign"></span>
			</button>

			<p class="deal-limit-reached hidden">Deal Limit Reached</p>

			<div class="tooltip-qty-error tooltip-qty-limit hidden">
				<p>
					Limit to
					&nbsp;
					999
					&nbsp;each&nbsp;
					per customer.</p>
			</div>
			<div class="tooltip-qty-error tooltip-round-error hidden">
				<p>
					We do not have this in the weight you wanted. We've rounded your order to the nearest weight increment we stock.</p>
			</div>
		</div>
	</form>

<!-- End Template: AddToCartSmall -->

</div>
</div>
<div class="item">
		









































	
	
		
		
		
		
			
		
	





























<div class="module-grocery-product quickview-simple  clicked" data-quickview-ajax-url="/p/20957902_EA/quickViewProduct" data-product-id="20957902_EA"  data-product-price="$3.98">
    
	
	
		<span class="subtitle"></span>
	

	<div class="product-page-hotspot">
	    <div class="product-cell quickview-button">
	  	    <div class="product-image ">
                
	  		    <img src="https://assets.shop.loblaws.ca/products/20957902/b1/en/front/20957902_front_a01.png" onerror="this.src='https://assets.shop.loblaws.ca/products/NoImage/b1/en/front/NoImage_front_a01_@2.png';" alt="Cheese Twists Club Pack" />
                
	  			    
	  	        
                
                    
                

	  		    

	  		    

	  		    

	  		    <div class="hover-text-container">
	  			    <button href="#" tabindex="0" class="hover-text " aria-label="Quick View for Cheese Twists Club Pack.">Quick View</button>
	  		    </div>
	  	    </div>
	    </div>

	    <div class="product-in-cart">
	  	    <div class="wrapper-product-in-cart">
	  		    <span>
	  			    In Cart
	  		    </span>
	  	    </div>
	    </div>

	    <div class="product-info">
	  	    <div class="product-name-wrapper">
	  		    <a href="/Food/Pantry/Chips-%26-Salty-Snacks/Potato-Chips/No-Name-Club-Pack-Cheese-Twists-Club-Pack/p/20957902_EA" class="product-name" aria-label="Product page for Cheese Twists Club Pack" >
	  			    <span class="js-product-entry-brand">No Name Club Pack&nbsp;</span>

	  			    

	  			    <span class="js-product-entry-name">Cheese Twists Club Pack</span>

	  			    <span class="js-product-entry-size-detail">(700 g)</span>

	  		    </a>
	  	    </div>
	  	    
	  	    
	  		    
	  		    
	  			    



	
	
		
		<span class="ad-match-badge  hidden">Ad Match</span>
	

	  				
	  			        
	  					
	  				        
	  					
	  				
	  		    
	  	    

	  	    <div class="price">
			    <div class="price-wrapper no-discount  ">
				    <span class="reg-price  " aria-label="Regular Price: $3.98">
					    <span class="reg-price-text">$3.98</span>
					    
					    <sup class="reg-price-unit">ea</sup>
				    </span>
				    <span class="sale-price hidden" aria-label="Sale Price:">
					    <span class="sale-price-text"></span>
					    <sup class="sale-price-unit">ea</sup>
				    </span>
				    
				    <span class="secondary-price hidden">
					    
					    <span class="secondary-price-text" aria-label="Secondary Price:"></span>
				    </span>
			    </div>
	  	    </div>

	  	    <div class="qty">
	  		    <span class="reg-qty  ">
		
			
		  	
		  		<span class="sr-only">Sale Price Per Unit:</span>
        $0.57
        /
        100
        g
		  	
	  	
	</span>

	<span class="sale-qty hidden">
		
			
		  	
		  		<span class="sr-only">Sale Price Per Unit:</span>
        $0.57
        /
        100
        g
		  	
	  	
	</span>

	<span class="secondary-qty hidden">
		
	  	<span class="secondary-qty-text"></span>
	</span>
	  	    </div>
	    </div>


	    

	    
	</div>
	<form class="form-product  quickview-btn-simple"
	  data-product-id="20957902_EA"
	  data-min-qty="1.0"
	  data-max-qty="999.0"
	  data-unit-type="ea"
	  data-cart-qty="1"
	  data-default-qty="1"
	  novalidate="novalidate"
	  promoCode=""
	  promoNumber=""
	  data-is-customized="false"
	  data-cart-url="/cart/product/20957902_EA"
	  data-csrf-token="5582ec01-90c0-448b-b4f7-e2cf68d9f8a0"
	  data-is-weighted-product="false">

	<div class="module-add-to-cart " data-change-type="plus" data-auto-edit="true" data-auto-add="true"
		 data-cart-ajax-url="/cart/updateCart">
		<div class="wrapper-add-to-cart-btn">
					<div class="module-add-to-cart-button-small">
							<button type="button" class="btn btn-secondary btn-add-to-cart " data-auid="add-to-cart-button" data-has-pts-badge="false" aria-label="Add Cheese Twists Club Pack to cart">
										<span class="icon-cart"></span>
										<span class="add-to-cart-text">
											Add</span>
									</button>
									<button type="button" class="btn btn-secondary btn-edit-cart hidden " aria-label="Edit Cart">
										<span class="qty-in-cart"></span>
										<span class="edit-cart-text">
											<spring code="product.edit.text" />"
										</span>
									</button>
								<div class="add-list-parent add-list-module  bottom-add-list-module ">
	<button class="btn btn-inline-link btn-save-to-list  dark is-btn-animated" 
	  data-login-url="/account/login?productCode=20957902_EA" 
	  data-ajax-url="/restful/lists/all?productCode=20957902_EA" 
	  data-user-guest="Y" 
	  data-user-guest="Y" data-product-code="20957902_EA" 
	  data-delete-item="false"
	  aria-label="Add Cheese Twists Club Pack to a List">
	  <span class="glyphicon glyphicon-th-list"></span>
	  <div class="list-cta-text  is-btn-animated">Add to List</div>
	</button>
	 
	<!-- this is the list HTML   -->
	<div class="save-to-list-popup  is-btn-animated animation-up dark" 
	  data-save-to-list-error="Can not get lists at this time. Please try again later."
	  data-product-name="Cheese Twists Club Pack">
	  <div class="inner-container">
	  </div>
	  
	</div>
</div>

</div>
				</div>
			</div>


	<div class="module-plus-minus-buttons small hidden ">
			<button type="button" class="btn cart-change-qty" data-change-type="minus" data-auid="decrease-product-quantity" alt="Minus" aria-label="Minus">
				<span class="icon-minimize"></span>
			</button>
			<div class="plus-minus-input-wrapper">
				<input class="input-qty cart-change-qty" aria-label="Enter manual quantity" type="text" name="qty" title="Change quantity in cart"
							data-unit-type="ea"
							value="1ea" data-change-type="equals"
							maxlength="7">

						<span class="input-qty-pretty">
							<span class="input-qty-pretty-value">1</span>
							<span class="input-qty-pretty-unit"></span>
						</span>
					</div>

			<button type="button" class="btn cart-change-qty" data-change-type="plus" data-auid="increase-product-quantity" alt="Plus" aria-label="Plus">
				<span class="icon-plus-sign"></span>
			</button>

			<p class="deal-limit-reached hidden">Deal Limit Reached</p>

			<div class="tooltip-qty-error tooltip-qty-limit hidden">
				<p>
					Limit to
					&nbsp;
					999
					&nbsp;each&nbsp;
					per customer.</p>
			</div>
			<div class="tooltip-qty-error tooltip-round-error hidden">
				<p>
					We do not have this in the weight you wanted. We've rounded your order to the nearest weight increment we stock.</p>
			</div>
		</div>
	</form>

<!-- End Template: AddToCartSmall -->

</div>
</div>
<div class="item">
		









































	
	
		
		
		
		
			
		
	





























<div class="module-grocery-product quickview-simple  clicked" data-quickview-ajax-url="/p/20943750_EA/quickViewProduct" data-product-id="20943750_EA"  data-product-price="$3.18">
    
	
	
		<span class="subtitle"></span>
	

	<div class="product-page-hotspot">
	    <div class="product-cell quickview-button">
	  	    <div class="product-image ">
                
	  		    <img src="https://assets.shop.loblaws.ca/products/20943750/b1/en/front/20943750_front_a01.png" onerror="this.src='https://assets.shop.loblaws.ca/products/NoImage/b1/en/front/NoImage_front_a01_@2.png';" alt="Tortilla Chips, Nacho Cheese" />
                
	  			    
	  	        
                
                    
                

	  		    

	  		    

	  		    

	  		    <div class="hover-text-container">
	  			    <button href="#" tabindex="0" class="hover-text " aria-label="Quick View for Tortilla Chips, Nacho Cheese.">Quick View</button>
	  		    </div>
	  	    </div>
	    </div>

	    <div class="product-in-cart">
	  	    <div class="wrapper-product-in-cart">
	  		    <span>
	  			    In Cart
	  		    </span>
	  	    </div>
	    </div>

	    <div class="product-info">
	  	    <div class="product-name-wrapper">
	  		    <a href="/Food/Pantry/Chips-%26-Salty-Snacks/Pretzels-%26-Snack-Mixes/Doritos-Tortilla-Chips%2C-Nacho-Cheese/p/20943750_EA" class="product-name" aria-label="Product page for Tortilla Chips, Nacho Cheese" >
	  			    <span class="js-product-entry-brand">Doritos&nbsp;</span>

	  			    

	  			    <span class="js-product-entry-name">Tortilla Chips, Nacho Cheese</span>

	  			    <span class="js-product-entry-size-detail">(255 g)</span>

	  		    </a>
	  	    </div>
	  	    
	  	    
	  		    
	  		    
	  			    



	
	
		
		<span class="ad-match-badge  hidden">Ad Match</span>
	

	  				
	  			        
	  					
	  				        
	  					
	  				
	  		    
	  	    

	  	    <div class="price">
			    <div class="price-wrapper no-discount  ">
				    <span class="reg-price  " aria-label="Regular Price: $3.18">
					    <span class="reg-price-text">$3.18</span>
					    
					    <sup class="reg-price-unit">ea</sup>
				    </span>
				    <span class="sale-price hidden" aria-label="Sale Price:">
					    <span class="sale-price-text"></span>
					    <sup class="sale-price-unit">ea</sup>
				    </span>
				    
				    <span class="secondary-price hidden">
					    
					    <span class="secondary-price-text" aria-label="Secondary Price:"></span>
				    </span>
			    </div>
	  	    </div>

	  	    <div class="qty">
	  		    <span class="reg-qty  ">
		
			
		  	
		  		<span class="sr-only">Sale Price Per Unit:</span>
        $1.25
        /
        100
        g
		  	
	  	
	</span>

	<span class="sale-qty hidden">
		
			
		  	
		  		<span class="sr-only">Sale Price Per Unit:</span>
        $1.25
        /
        100
        g
		  	
	  	
	</span>

	<span class="secondary-qty hidden">
		
	  	<span class="secondary-qty-text"></span>
	</span>
	  	    </div>
	    </div>


	    

	    
	</div>
	<form class="form-product  quickview-btn-simple"
	  data-product-id="20943750_EA"
	  data-min-qty="1.0"
	  data-max-qty="999.0"
	  data-unit-type="ea"
	  data-cart-qty="1"
	  data-default-qty="1"
	  novalidate="novalidate"
	  promoCode=""
	  promoNumber=""
	  data-is-customized="false"
	  data-cart-url="/cart/product/20943750_EA"
	  data-csrf-token="5582ec01-90c0-448b-b4f7-e2cf68d9f8a0"
	  data-is-weighted-product="false">

	<div class="module-add-to-cart " data-change-type="plus" data-auto-edit="true" data-auto-add="true"
		 data-cart-ajax-url="/cart/updateCart">
		<div class="wrapper-add-to-cart-btn">
					<div class="module-add-to-cart-button-small">
							<button type="button" class="btn btn-secondary btn-add-to-cart " data-auid="add-to-cart-button" data-has-pts-badge="false" aria-label="Add Tortilla Chips, Nacho Cheese to cart">
										<span class="icon-cart"></span>
										<span class="add-to-cart-text">
											Add</span>
									</button>
									<button type="button" class="btn btn-secondary btn-edit-cart hidden " aria-label="Edit Cart">
										<span class="qty-in-cart"></span>
										<span class="edit-cart-text">
											<spring code="product.edit.text" />"
										</span>
									</button>
								<div class="add-list-parent add-list-module  bottom-add-list-module ">
	<button class="btn btn-inline-link btn-save-to-list  dark is-btn-animated" 
	  data-login-url="/account/login?productCode=20943750_EA" 
	  data-ajax-url="/restful/lists/all?productCode=20943750_EA" 
	  data-user-guest="Y" 
	  data-user-guest="Y" data-product-code="20943750_EA" 
	  data-delete-item="false"
	  aria-label="Add Tortilla Chips, Nacho Cheese to a List">
	  <span class="glyphicon glyphicon-th-list"></span>
	  <div class="list-cta-text  is-btn-animated">Add to List</div>
	</button>
	 
	<!-- this is the list HTML   -->
	<div class="save-to-list-popup  is-btn-animated animation-up dark" 
	  data-save-to-list-error="Can not get lists at this time. Please try again later."
	  data-product-name="Tortilla Chips, Nacho Cheese">
	  <div class="inner-container">
	  </div>
	  
	</div>
</div>

</div>
				</div>
			</div>


	<div class="module-plus-minus-buttons small hidden ">
			<button type="button" class="btn cart-change-qty" data-change-type="minus" data-auid="decrease-product-quantity" alt="Minus" aria-label="Minus">
				<span class="icon-minimize"></span>
			</button>
			<div class="plus-minus-input-wrapper">
				<input class="input-qty cart-change-qty" aria-label="Enter manual quantity" type="text" name="qty" title="Change quantity in cart"
							data-unit-type="ea"
							value="1ea" data-change-type="equals"
							maxlength="7">

						<span class="input-qty-pretty">
							<span class="input-qty-pretty-value">1</span>
							<span class="input-qty-pretty-unit"></span>
						</span>
					</div>

			<button type="button" class="btn cart-change-qty" data-change-type="plus" data-auid="increase-product-quantity" alt="Plus" aria-label="Plus">
				<span class="icon-plus-sign"></span>
			</button>

			<p class="deal-limit-reached hidden">Deal Limit Reached</p>

			<div class="tooltip-qty-error tooltip-qty-limit hidden">
				<p>
					Limit to
					&nbsp;
					999
					&nbsp;each&nbsp;
					per customer.</p>
			</div>
			<div class="tooltip-qty-error tooltip-round-error hidden">
				<p>
					We do not have this in the weight you wanted. We've rounded your order to the nearest weight increment we stock.</p>
			</div>
		</div>
	</form>

<!-- End Template: AddToCartSmall -->

</div>
</div>
<div class="item">
		









































	
	
		
		
		
		
			
		
	





























<div class="module-grocery-product quickview-simple  clicked" data-quickview-ajax-url="/p/21087204_EA/quickViewProduct" data-product-id="21087204_EA"  data-product-price="$2.47">
    
	
	
		<span class="subtitle"></span>
	

	<div class="product-page-hotspot">
	    <div class="product-cell quickview-button">
	  	    <div class="product-image ">
                
	  		    <img src="https://assets.shop.loblaws.ca/products/21087204/b1/en/front/21087204_front_a01.png" onerror="this.src='https://assets.shop.loblaws.ca/products/NoImage/b1/en/front/NoImage_front_a01_@2.png';" alt="Wavy Original Chips" />
                
	  			    
	  	        
                
                    
                

	  		    

	  		    
	  			    <span class="sticker deal">
	  				    <span class="deal-badge">
	  					    <span class="module-deal-badge module-deal-badge-feature flyer expires undefined">
	  						    <span class="deal-type">
								    Flyer<br />
	  							    Item
	  						    </span>
	  						    








	<span class="deal-expiry">
		Exp. 12/19
	</span>

	  					    </span>
	  				    </span>
	  			    </span>
	  			    
	  		    

	  		    

	  		    <div class="hover-text-container">
	  			    <button href="#" tabindex="0" class="hover-text " aria-label="Quick View for Wavy Original Chips.">Quick View</button>
	  		    </div>
	  	    </div>
	    </div>

	    <div class="product-in-cart">
	  	    <div class="wrapper-product-in-cart">
	  		    <span>
	  			    In Cart
	  		    </span>
	  	    </div>
	    </div>

	    <div class="product-info">
	  	    <div class="product-name-wrapper">
	  		    <a href="/Food/Pantry/Chips-%26-Salty-Snacks/Potato-Chips/Lay%27s-Wavy-Original-Chips/p/21087204_EA" class="product-name" aria-label="Product page for Wavy Original Chips" >
	  			    <span class="js-product-entry-brand">Lay's&nbsp;</span>

	  			    

	  			    <span class="js-product-entry-name">Wavy Original Chips</span>

	  			    <span class="js-product-entry-size-detail">(255 g)</span>

	  		    </a>
	  	    </div>
	  	    
	  	    
	  		    
	  		    
	  			    



	
	
		
		<span class="ad-match-badge  hidden">Ad Match</span>
	

	  				
	  			        
	  					
	  				        
	  					
	  				
	  		    
	  	    

	  	    <div class="price">
			    <div class="price-wrapper no-discount  ">
				    <span class="reg-price  " aria-label="Regular Price: $2.47">
					    <span class="reg-price-text">$2.47</span>
					    
					    <sup class="reg-price-unit">ea</sup>
				    </span>
				    <span class="sale-price hidden" aria-label="Sale Price:">
					    <span class="sale-price-text"></span>
					    <sup class="sale-price-unit">ea</sup>
				    </span>
				    
				    <span class="secondary-price hidden">
					    
					    <span class="secondary-price-text" aria-label="Secondary Price:"></span>
				    </span>
			    </div>
	  	    </div>

	  	    <div class="qty">
	  		    <span class="reg-qty  ">
		
			
		  	
		  		<span class="sr-only">Sale Price Per Unit:</span>
        $0.97
        /
        100
        g
		  	
	  	
	</span>

	<span class="sale-qty hidden">
		
			
		  	
		  		<span class="sr-only">Sale Price Per Unit:</span>
        $0.97
        /
        100
        g
		  	
	  	
	</span>

	<span class="secondary-qty hidden">
		
	  	<span class="secondary-qty-text"></span>
	</span>
	  	    </div>
	    </div>


	    

	    
	</div>
	<form class="form-product  quickview-btn-simple"
	  data-product-id="21087204_EA"
	  data-min-qty="1.0"
	  data-max-qty="999.0"
	  data-unit-type="ea"
	  data-cart-qty="1"
	  data-default-qty="1"
	  novalidate="novalidate"
	  promoCode=""
	  promoNumber=""
	  data-is-customized="false"
	  data-cart-url="/cart/product/21087204_EA"
	  data-csrf-token="5582ec01-90c0-448b-b4f7-e2cf68d9f8a0"
	  data-is-weighted-product="false">

	<div class="module-add-to-cart " data-change-type="plus" data-auto-edit="true" data-auto-add="true"
		 data-cart-ajax-url="/cart/updateCart">
		<div class="wrapper-add-to-cart-btn">
					<div class="module-add-to-cart-button-small">
							<button type="button" class="btn btn-secondary btn-add-to-cart " data-auid="add-to-cart-button" data-has-pts-badge="false" aria-label="Add Wavy Original Chips to cart">
										<span class="icon-cart"></span>
										<span class="add-to-cart-text">
											Add</span>
									</button>
									<button type="button" class="btn btn-secondary btn-edit-cart hidden " aria-label="Edit Cart">
										<span class="qty-in-cart"></span>
										<span class="edit-cart-text">
											<spring code="product.edit.text" />"
										</span>
									</button>
								<div class="add-list-parent add-list-module  bottom-add-list-module ">
	<button class="btn btn-inline-link btn-save-to-list  dark is-btn-animated" 
	  data-login-url="/account/login?productCode=21087204_EA" 
	  data-ajax-url="/restful/lists/all?productCode=21087204_EA" 
	  data-user-guest="Y" 
	  data-user-guest="Y" data-product-code="21087204_EA" 
	  data-delete-item="false"
	  aria-label="Add Wavy Original Chips to a List">
	  <span class="glyphicon glyphicon-th-list"></span>
	  <div class="list-cta-text  is-btn-animated">Add to List</div>
	</button>
	 
	<!-- this is the list HTML   -->
	<div class="save-to-list-popup  is-btn-animated animation-up dark" 
	  data-save-to-list-error="Can not get lists at this time. Please try again later."
	  data-product-name="Wavy Original Chips">
	  <div class="inner-container">
	  </div>
	  
	</div>
</div>

</div>
				</div>
			</div>


	<div class="module-plus-minus-buttons small hidden ">
			<button type="button" class="btn cart-change-qty" data-change-type="minus" data-auid="decrease-product-quantity" alt="Minus" aria-label="Minus">
				<span class="icon-minimize"></span>
			</button>
			<div class="plus-minus-input-wrapper">
				<input class="input-qty cart-change-qty" aria-label="Enter manual quantity" type="text" name="qty" title="Change quantity in cart"
							data-unit-type="ea"
							value="1ea" data-change-type="equals"
							maxlength="7">

						<span class="input-qty-pretty">
							<span class="input-qty-pretty-value">1</span>
							<span class="input-qty-pretty-unit"></span>
						</span>
					</div>

			<button type="button" class="btn cart-change-qty" data-change-type="plus" data-auid="increase-product-quantity" alt="Plus" aria-label="Plus">
				<span class="icon-plus-sign"></span>
			</button>

			<p class="deal-limit-reached hidden">Deal Limit Reached</p>

			<div class="tooltip-qty-error tooltip-qty-limit hidden">
				<p>
					Limit to
					&nbsp;
					999
					&nbsp;each&nbsp;
					per customer.</p>
			</div>
			<div class="tooltip-qty-error tooltip-round-error hidden">
				<p>
					We do not have this in the weight you wanted. We've rounded your order to the nearest weight increment we stock.</p>
			</div>
		</div>
	</form>

<!-- End Template: AddToCartSmall -->

</div>
</div>
<div class="item">
		









































	
	
		
		
		
		
			
		
	





























<div class="module-grocery-product quickview-simple  clicked" data-quickview-ajax-url="/p/20946445_EA/quickViewProduct" data-product-id="20946445_EA"  data-product-price="$1.28">
    
	
	
		<span class="subtitle"></span>
	

	<div class="product-page-hotspot">
	    <div class="product-cell quickview-button">
	  	    <div class="product-image ">
                
	  		    <img src="https://assets.shop.loblaws.ca/products/20946445/b1/en/front/20946445_front_a01.png" onerror="this.src='https://assets.shop.loblaws.ca/products/NoImage/b1/en/front/NoImage_front_a01_@2.png';" alt="Potato Crisp, Salt and Vinegar" />
                
	  			    
	  			        <span class="sticker deal">
	  				        <span class="deal-badge">
	  				            
	  			                
	  				            

	  				            <span class="module-deal-badge module-deal-badge-grid simple-save-unit "
	  						        data-deal-type="3 FOR $3.45"
	  						        data-ajax-promo-url="/simpleDeal/deals/product-tile?productCode=20946445_EA"
	  						        data-deal-id="20946445_EA">
	  						        <span class="deal-type">3 FOR $3.45</span>
	  						            








	<span class="deal-expiry">
		Exp. 12/31
	</span>

	  					                
	  				            </span>
	  			            </span>
	  		            </span>
	  			        
	  	            
	  	        
                
                    
                

	  		    

	  		    

	  		    

	  		    <div class="hover-text-container">
	  			    <button href="#" tabindex="0" class="hover-text " aria-label="Quick View for Potato Crisp, Salt and Vinegar.">Quick View</button>
	  		    </div>
	  	    </div>
	    </div>

	    <div class="product-in-cart">
	  	    <div class="wrapper-product-in-cart">
	  		    <span>
	  			    In Cart
	  		    </span>
	  	    </div>
	    </div>

	    <div class="product-info">
	  	    <div class="product-name-wrapper">
	  		    <a href="/Food/Pantry/Chips-%26-Salty-Snacks/Potato-Chips/No-Name-Potato-Crisp%2C-Salt-and-Vinegar/p/20946445_EA" class="product-name" aria-label="Product page for Potato Crisp, Salt and Vinegar" >
	  			    <span class="js-product-entry-brand">No Name&nbsp;</span>

	  			    

	  			    <span class="js-product-entry-name">Potato Crisp, Salt and Vinegar</span>

	  			    <span class="js-product-entry-size-detail">(142 g)</span>

	  		    </a>
	  	    </div>
	  	    
	  	    
	  		    
	  		    
	  			    



	
	
		
		<span class="ad-match-badge  hidden">Ad Match</span>
	

	  				
	  			        
	  					
	  				        
	  					
	  				
	  		    
	  	    

	  	    <div class="price">
			    <div class="price-wrapper no-discount  ">
				    <span class="reg-price  " aria-label="Regular Price: $1.28">
					    <span class="reg-price-text">$1.28</span>
					    
					    <sup class="reg-price-unit">ea</sup>
				    </span>
				    <span class="sale-price hidden" aria-label="Sale Price:">
					    <span class="sale-price-text"></span>
					    <sup class="sale-price-unit">ea</sup>
				    </span>
				    
				    <span class="secondary-price hidden">
					    
					    <span class="secondary-price-text" aria-label="Secondary Price:"></span>
				    </span>
			    </div>
	  	    </div>

	  	    <div class="qty">
	  		    <span class="reg-qty  ">
		
			
		  	
		  		<span class="sr-only">Sale Price Per Unit:</span>
        $0.90
        /
        100
        g
		  	
	  	
	</span>

	<span class="sale-qty hidden">
		
			
		  	
		  		<span class="sr-only">Sale Price Per Unit:</span>
        $0.90
        /
        100
        g
		  	
	  	
	</span>

	<span class="secondary-qty hidden">
		
	  	<span class="secondary-qty-text"></span>
	</span>
	  	    </div>
	    </div>


	    

	    
	</div>
	<form class="form-product  quickview-btn-simple"
	  data-product-id="20946445_EA"
	  data-min-qty="1.0"
	  data-max-qty="999.0"
	  data-unit-type="ea"
	  data-cart-qty="1"
	  data-default-qty="1"
	  novalidate="novalidate"
	  promoCode=""
	  promoNumber=""
	  data-is-customized="false"
	  data-cart-url="/cart/product/20946445_EA"
	  data-csrf-token="5582ec01-90c0-448b-b4f7-e2cf68d9f8a0"
	  data-is-weighted-product="false">

	<div class="module-add-to-cart " data-change-type="plus" data-auto-edit="true" data-auto-add="true"
		 data-cart-ajax-url="/cart/updateCart">
		<div class="wrapper-add-to-cart-btn">
					<div class="module-add-to-cart-button-small">
							<button type="button" class="btn btn-secondary btn-add-to-cart " data-auid="add-to-cart-button" data-has-pts-badge="false" aria-label="Add Potato Crisp, Salt and Vinegar to cart">
										<span class="icon-cart"></span>
										<span class="add-to-cart-text">
											Add</span>
									</button>
									<button type="button" class="btn btn-secondary btn-edit-cart hidden " aria-label="Edit Cart">
										<span class="qty-in-cart"></span>
										<span class="edit-cart-text">
											<spring code="product.edit.text" />"
										</span>
									</button>
								<div class="add-list-parent add-list-module  bottom-add-list-module ">
	<button class="btn btn-inline-link btn-save-to-list  dark is-btn-animated" 
	  data-login-url="/account/login?productCode=20946445_EA" 
	  data-ajax-url="/restful/lists/all?productCode=20946445_EA" 
	  data-user-guest="Y" 
	  data-user-guest="Y" data-product-code="20946445_EA" 
	  data-delete-item="false"
	  aria-label="Add Potato Crisp, Salt and Vinegar to a List">
	  <span class="glyphicon glyphicon-th-list"></span>
	  <div class="list-cta-text  is-btn-animated">Add to List</div>
	</button>
	 
	<!-- this is the list HTML   -->
	<div class="save-to-list-popup  is-btn-animated animation-up dark" 
	  data-save-to-list-error="Can not get lists at this time. Please try again later."
	  data-product-name="Potato Crisp, Salt and Vinegar">
	  <div class="inner-container">
	  </div>
	  
	</div>
</div>

</div>
				</div>
			</div>


	<div class="module-plus-minus-buttons small hidden ">
			<button type="button" class="btn cart-change-qty" data-change-type="minus" data-auid="decrease-product-quantity" alt="Minus" aria-label="Minus">
				<span class="icon-minimize"></span>
			</button>
			<div class="plus-minus-input-wrapper">
				<input class="input-qty cart-change-qty" aria-label="Enter manual quantity" type="text" name="qty" title="Change quantity in cart"
							data-unit-type="ea"
							value="1ea" data-change-type="equals"
							maxlength="7">

						<span class="input-qty-pretty">
							<span class="input-qty-pretty-value">1</span>
							<span class="input-qty-pretty-unit"></span>
						</span>
					</div>

			<button type="button" class="btn cart-change-qty" data-change-type="plus" data-auid="increase-product-quantity" alt="Plus" aria-label="Plus">
				<span class="icon-plus-sign"></span>
			</button>

			<p class="deal-limit-reached hidden">Deal Limit Reached</p>

			<div class="tooltip-qty-error tooltip-qty-limit hidden">
				<p>
					Limit to
					&nbsp;
					999
					&nbsp;each&nbsp;
					per customer.</p>
			</div>
			<div class="tooltip-qty-error tooltip-round-error hidden">
				<p>
					We do not have this in the weight you wanted. We've rounded your order to the nearest weight increment we stock.</p>
			</div>
		</div>
	</form>

<!-- End Template: AddToCartSmall -->

</div>
</div>
<div class="item">
		






































	




	
	
		
		
		
		
			
		
	





























<div class="module-grocery-product quickview-simple  clicked" data-quickview-ajax-url="/p/21003779_EA/quickViewProduct" data-product-id="21003779_EA"  data-product-price="$1.88">
    
	
	
		<span class="subtitle"></span>
	

	<div class="product-page-hotspot">
	    <div class="product-cell quickview-button">
	  	    <div class="product-image ">
                
	  		    <img src="https://assets.shop.loblaws.ca/products/21003779/b1/en/front/21003779_front_a01.png" onerror="this.src='https://assets.shop.loblaws.ca/products/NoImage/b1/en/front/NoImage_front_a01_@2.png';" alt="Jalapeno Flavour Potato Chips" />
                
	  			    
	  			        <span class="sticker deal">
	  				        <span class="deal-badge">
	  				            
	  			                
	  				            

	  				            <span class="module-deal-badge module-deal-badge-grid simple-save-unit "
	  						        data-deal-type="$1.88 LIMIT 4"
	  						        data-ajax-promo-url="/simpleDeal/deals/product-tile?productCode=21003779_EA"
	  						        data-deal-id="21003779_EA">
	  						        <span class="deal-type">$1.88 LIMIT 4</span>
	  						            








	<span class="deal-expiry">
		Exp. 12/27
	</span>

	  					                
	  				            </span>
	  			            </span>
	  		            </span>
	  			        
	  	            
	  	        
                
                    
                

	  		    

	  		    

	  		    

	  		    <div class="hover-text-container">
	  			    <button href="#" tabindex="0" class="hover-text " aria-label="Quick View for Jalapeno Flavour Potato Chips.">Quick View</button>
	  		    </div>
	  	    </div>
	    </div>

	    <div class="product-in-cart">
	  	    <div class="wrapper-product-in-cart">
	  		    <span>
	  			    In Cart
	  		    </span>
	  	    </div>
	    </div>

	    <div class="product-info">
	  	    <div class="product-name-wrapper">
	  		    <a href="/Food/Pantry/Chips-%26-Salty-Snacks/Potato-Chips/Pringles-Jalapeno-Flavour-Potato-Chips/p/21003779_EA" class="product-name" aria-label="Product page for Jalapeno Flavour Potato Chips" >
	  			    <span class="js-product-entry-brand">Pringles&nbsp;</span>

	  			    

	  			    <span class="js-product-entry-name">Jalapeno Flavour Potato Chips</span>

	  			    <span class="js-product-entry-size-detail">(156 g)</span>

	  		    </a>
	  	    </div>
	  	    
	  	    
	  		    
	  		    
	  			    



	
	
		
		<span class="ad-match-badge  hidden">Ad Match</span>
	

	  				
	  			        
	  					
	  				        
	  					
	  				
	  		    
	  	    

	  	    <div class="price">
			    <div class="price-wrapper no-discount promo-alert ">
				    <span class="reg-price  price-alert" aria-label="Regular Price: $1.88">
					    <span class="reg-price-text">$1.88</span>
					    
					    <sup class="reg-price-unit">ea</sup>
				    </span>
				    <span class="sale-price hidden" aria-label="Sale Price:">
					    <span class="sale-price-text"></span>
					    <sup class="sale-price-unit">ea</sup>
				    </span>
				    
				    <span class="secondary-price hidden">
					    
					    <span class="secondary-price-text" aria-label="Secondary Price:"></span>
				    </span>
			    </div>
	  	    </div>

	  	    <div class="qty">
	  		    <span class="reg-qty  price-alert">
		
			
		  	
		  		<span class="sr-only">Sale Price Per Unit:</span>
        $1.21
        /
        100
        g
		  	
	  	
	</span>

	<span class="sale-qty hidden">
		
			
		  	
		  		<span class="sr-only">Sale Price Per Unit:</span>
        $1.21
        /
        100
        g
		  	
	  	
	</span>

	<span class="secondary-qty hidden">
		
	  	<span class="secondary-qty-text"></span>
	</span>
	  	    </div>
	    </div>


	    

	    
	</div>
	<form class="form-product  quickview-btn-simple"
	  data-product-id="21003779_EA"
	  data-min-qty="1.0"
	  data-max-qty="999.0"
	  data-unit-type="ea"
	  data-cart-qty="1"
	  data-default-qty="1"
	  novalidate="novalidate"
	  promoCode=""
	  promoNumber=""
	  data-is-customized="false"
	  data-cart-url="/cart/product/21003779_EA"
	  data-csrf-token="5582ec01-90c0-448b-b4f7-e2cf68d9f8a0"
	  data-is-weighted-product="false">

	<div class="module-add-to-cart " data-change-type="plus" data-auto-edit="true" data-auto-add="true"
		 data-cart-ajax-url="/cart/updateCart">
		<div class="wrapper-add-to-cart-btn">
					<div class="module-add-to-cart-button-small">
							<button type="button" class="btn btn-secondary btn-add-to-cart " data-auid="add-to-cart-button" data-has-pts-badge="false" aria-label="Add Jalapeno Flavour Potato Chips to cart">
										<span class="icon-cart"></span>
										<span class="add-to-cart-text">
											Add</span>
									</button>
									<button type="button" class="btn btn-secondary btn-edit-cart hidden " aria-label="Edit Cart">
										<span class="qty-in-cart"></span>
										<span class="edit-cart-text">
											<spring code="product.edit.text" />"
										</span>
									</button>
								<div class="add-list-parent add-list-module  bottom-add-list-module ">
	<button class="btn btn-inline-link btn-save-to-list  dark is-btn-animated" 
	  data-login-url="/account/login?productCode=21003779_EA" 
	  data-ajax-url="/restful/lists/all?productCode=21003779_EA" 
	  data-user-guest="Y" 
	  data-user-guest="Y" data-product-code="21003779_EA" 
	  data-delete-item="false"
	  aria-label="Add Jalapeno Flavour Potato Chips to a List">
	  <span class="glyphicon glyphicon-th-list"></span>
	  <div class="list-cta-text  is-btn-animated">Add to List</div>
	</button>
	 
	<!-- this is the list HTML   -->
	<div class="save-to-list-popup  is-btn-animated animation-up dark" 
	  data-save-to-list-error="Can not get lists at this time. Please try again later."
	  data-product-name="Jalapeno Flavour Potato Chips">
	  <div class="inner-container">
	  </div>
	  
	</div>
</div>

</div>
				</div>
			</div>


	<div class="module-plus-minus-buttons small hidden ">
			<button type="button" class="btn cart-change-qty" data-change-type="minus" data-auid="decrease-product-quantity" alt="Minus" aria-label="Minus">
				<span class="icon-minimize"></span>
			</button>
			<div class="plus-minus-input-wrapper">
				<input class="input-qty cart-change-qty" aria-label="Enter manual quantity" type="text" name="qty" title="Change quantity in cart"
							data-unit-type="ea"
							value="1ea" data-change-type="equals"
							maxlength="7">

						<span class="input-qty-pretty">
							<span class="input-qty-pretty-value">1</span>
							<span class="input-qty-pretty-unit"></span>
						</span>
					</div>

			<button type="button" class="btn cart-change-qty" data-change-type="plus" data-auid="increase-product-quantity" alt="Plus" aria-label="Plus">
				<span class="icon-plus-sign"></span>
			</button>

			<p class="deal-limit-reached hidden">Deal Limit Reached</p>

			<div class="tooltip-qty-error tooltip-qty-limit hidden">
				<p>
					Limit to
					&nbsp;
					999
					&nbsp;each&nbsp;
					per customer.</p>
			</div>
			<div class="tooltip-qty-error tooltip-round-error hidden">
				<p>
					We do not have this in the weight you wanted. We've rounded your order to the nearest weight increment we stock.</p>
			</div>
		</div>
	</form>

<!-- End Template: AddToCartSmall -->

</div>
</div>
<div class="item">
		









































	
	
		
		
		
		
			
		
	





























<div class="module-grocery-product quickview-simple  clicked" data-quickview-ajax-url="/p/20972825_EA/quickViewProduct" data-product-id="20972825_EA"  data-product-price="$4.58">
    
	
	
		<span class="subtitle"></span>
	

	<div class="product-page-hotspot">
	    <div class="product-cell quickview-button">
	  	    <div class="product-image ">
                
	  		    <img src="https://assets.shop.loblaws.ca/products/20972825/b1/en/front/20972825_front_a01.png" onerror="this.src='https://assets.shop.loblaws.ca/products/NoImage/b1/en/front/NoImage_front_a01_@2.png';" alt="Tortilla Chips, Restaurant style" />
                
	  			    
	  	        
                
                    
                

	  		    

	  		    

	  		    

	  		    <div class="hover-text-container">
	  			    <button href="#" tabindex="0" class="hover-text " aria-label="Quick View for Tortilla Chips, Restaurant style.">Quick View</button>
	  		    </div>
	  	    </div>
	    </div>

	    <div class="product-in-cart">
	  	    <div class="wrapper-product-in-cart">
	  		    <span>
	  			    In Cart
	  		    </span>
	  	    </div>
	    </div>

	    <div class="product-info">
	  	    <div class="product-name-wrapper">
	  		    <a href="/Food/Pantry/Chips-%26-Salty-Snacks/Potato-Chips/Tostitos-Tortilla-Chips%2C-Restaurant-style/p/20972825_EA" class="product-name" aria-label="Product page for Tortilla Chips, Restaurant style" >
	  			    <span class="js-product-entry-brand">Tostitos&nbsp;</span>

	  			    

	  			    <span class="js-product-entry-name">Tortilla Chips, Restaurant style</span>

	  			    <span class="js-product-entry-size-detail">(480 g)</span>

	  		    </a>
	  	    </div>
	  	    
	  	    
	  		    
	  		    
	  			    



	
	
		
		<span class="ad-match-badge  hidden">Ad Match</span>
	

	  				
	  			        
	  					
	  				        
	  					
	  				
	  		    
	  	    

	  	    <div class="price">
			    <div class="price-wrapper no-discount  ">
				    <span class="reg-price  " aria-label="Regular Price: $4.58">
					    <span class="reg-price-text">$4.58</span>
					    
					    <sup class="reg-price-unit">ea</sup>
				    </span>
				    <span class="sale-price hidden" aria-label="Sale Price:">
					    <span class="sale-price-text"></span>
					    <sup class="sale-price-unit">ea</sup>
				    </span>
				    
				    <span class="secondary-price hidden">
					    
					    <span class="secondary-price-text" aria-label="Secondary Price:"></span>
				    </span>
			    </div>
	  	    </div>

	  	    <div class="qty">
	  		    <span class="reg-qty  ">
		
			
		  	
		  		<span class="sr-only">Sale Price Per Unit:</span>
        $0.95
        /
        100
        g
		  	
	  	
	</span>

	<span class="sale-qty hidden">
		
			
		  	
		  		<span class="sr-only">Sale Price Per Unit:</span>
        $0.95
        /
        100
        g
		  	
	  	
	</span>

	<span class="secondary-qty hidden">
		
	  	<span class="secondary-qty-text"></span>
	</span>
	  	    </div>
	    </div>


	    

	    
	</div>
	<form class="form-product  quickview-btn-simple"
	  data-product-id="20972825_EA"
	  data-min-qty="1.0"
	  data-max-qty="999.0"
	  data-unit-type="ea"
	  data-cart-qty="1"
	  data-default-qty="1"
	  novalidate="novalidate"
	  promoCode=""
	  promoNumber=""
	  data-is-customized="false"
	  data-cart-url="/cart/product/20972825_EA"
	  data-csrf-token="5582ec01-90c0-448b-b4f7-e2cf68d9f8a0"
	  data-is-weighted-product="false">

	<div class="module-add-to-cart " data-change-type="plus" data-auto-edit="true" data-auto-add="true"
		 data-cart-ajax-url="/cart/updateCart">
		<div class="wrapper-add-to-cart-btn">
					<div class="module-add-to-cart-button-small">
							<button type="button" class="btn btn-secondary btn-add-to-cart " data-auid="add-to-cart-button" data-has-pts-badge="false" aria-label="Add Tortilla Chips, Restaurant style to cart">
										<span class="icon-cart"></span>
										<span class="add-to-cart-text">
											Add</span>
									</button>
									<button type="button" class="btn btn-secondary btn-edit-cart hidden " aria-label="Edit Cart">
										<span class="qty-in-cart"></span>
										<span class="edit-cart-text">
											<spring code="product.edit.text" />"
										</span>
									</button>
								<div class="add-list-parent add-list-module  bottom-add-list-module ">
	<button class="btn btn-inline-link btn-save-to-list  dark is-btn-animated" 
	  data-login-url="/account/login?productCode=20972825_EA" 
	  data-ajax-url="/restful/lists/all?productCode=20972825_EA" 
	  data-user-guest="Y" 
	  data-user-guest="Y" data-product-code="20972825_EA" 
	  data-delete-item="false"
	  aria-label="Add Tortilla Chips, Restaurant style to a List">
	  <span class="glyphicon glyphicon-th-list"></span>
	  <div class="list-cta-text  is-btn-animated">Add to List</div>
	</button>
	 
	<!-- this is the list HTML   -->
	<div class="save-to-list-popup  is-btn-animated animation-up dark" 
	  data-save-to-list-error="Can not get lists at this time. Please try again later."
	  data-product-name="Tortilla Chips, Restaurant style">
	  <div class="inner-container">
	  </div>
	  
	</div>
</div>

</div>
				</div>
			</div>


	<div class="module-plus-minus-buttons small hidden ">
			<button type="button" class="btn cart-change-qty" data-change-type="minus" data-auid="decrease-product-quantity" alt="Minus" aria-label="Minus">
				<span class="icon-minimize"></span>
			</button>
			<div class="plus-minus-input-wrapper">
				<input class="input-qty cart-change-qty" aria-label="Enter manual quantity" type="text" name="qty" title="Change quantity in cart"
							data-unit-type="ea"
							value="1ea" data-change-type="equals"
							maxlength="7">

						<span class="input-qty-pretty">
							<span class="input-qty-pretty-value">1</span>
							<span class="input-qty-pretty-unit"></span>
						</span>
					</div>

			<button type="button" class="btn cart-change-qty" data-change-type="plus" data-auid="increase-product-quantity" alt="Plus" aria-label="Plus">
				<span class="icon-plus-sign"></span>
			</button>

			<p class="deal-limit-reached hidden">Deal Limit Reached</p>

			<div class="tooltip-qty-error tooltip-qty-limit hidden">
				<p>
					Limit to
					&nbsp;
					999
					&nbsp;each&nbsp;
					per customer.</p>
			</div>
			<div class="tooltip-qty-error tooltip-round-error hidden">
				<p>
					We do not have this in the weight you wanted. We've rounded your order to the nearest weight increment we stock.</p>
			</div>
		</div>
	</form>

<!-- End Template: AddToCartSmall -->

</div>
</div>
<div class="item">
		









































	
	
		
		
		
		
			
		
	





























<div class="module-grocery-product quickview-simple  clicked" data-quickview-ajax-url="/p/20868465005_EA/quickViewProduct" data-product-id="20868465005_EA"  data-product-price="$3.48">
    
	
	
		<span class="subtitle"></span>
	

	<div class="product-page-hotspot">
	    <div class="product-cell quickview-button">
	  	    <div class="product-image ">
                
	  		    <img src="https://assets.shop.loblaws.ca/products/20868465005/b1/en/front/20868465005_front_a01.png" onerror="this.src='https://assets.shop.loblaws.ca/products/NoImage/b1/en/front/NoImage_front_a01_@2.png';" alt="Potato Chips, Salt & Vinegar" />
                
	  			    
	  			        <span class="sticker deal">
	  				        <span class="deal-badge">
	  				            
	  			                
	  				            

	  				            <span class="module-deal-badge module-deal-badge-grid simple-save-unit "
	  						        data-deal-type="2 FOR $5.00"
	  						        data-ajax-promo-url="/simpleDeal/deals/product-tile?productCode=20868465005_EA"
	  						        data-deal-id="20868465005_EA">
	  						        <span class="deal-type">2 FOR $5.00</span>
	  						            








	<span class="deal-expiry">
		Exp. 12/19
	</span>

	  					                
	  				            </span>
	  			            </span>
	  		            </span>
	  			        
	  	            
	  	        
                
                    
                

	  		    

	  		    

	  		    

	  		    <div class="hover-text-container">
	  			    <button href="#" tabindex="0" class="hover-text " aria-label="Quick View for Potato Chips, Salt & Vinegar.">Quick View</button>
	  		    </div>
	  	    </div>
	    </div>

	    <div class="product-in-cart">
	  	    <div class="wrapper-product-in-cart">
	  		    <span>
	  			    In Cart
	  		    </span>
	  	    </div>
	    </div>

	    <div class="product-info">
	  	    <div class="product-name-wrapper">
	  		    <a href="/Food/Pantry/Chips-%26-Salty-Snacks/Potato-Chips/Old-Dutch-RIP-L-Potato-Chips%2C-Salt-%26-Vinegar/p/20868465005_EA" class="product-name" aria-label="Product page for Potato Chips, Salt & Vinegar" >
	  			    <span class="js-product-entry-brand">Old Dutch&nbsp;</span>

	  			    

	  			    <span class="js-product-entry-name">Potato Chips, Salt & Vinegar</span>

	  			    <span class="js-product-entry-size-detail">(255 g)</span>

	  		    </a>
	  	    </div>
	  	    
	  	    
	  		    
	  		    
	  			    



	
	
		
		<span class="ad-match-badge  hidden">Ad Match</span>
	

	  				
	  			        
	  					
	  				        
	  					
	  				
	  		    
	  	    

	  	    <div class="price">
			    <div class="price-wrapper no-discount  ">
				    <span class="reg-price  " aria-label="Regular Price: $3.48">
					    <span class="reg-price-text">$3.48</span>
					    
					    <sup class="reg-price-unit">ea</sup>
				    </span>
				    <span class="sale-price hidden" aria-label="Sale Price:">
					    <span class="sale-price-text"></span>
					    <sup class="sale-price-unit">ea</sup>
				    </span>
				    
				    <span class="secondary-price hidden">
					    
					    <span class="secondary-price-text" aria-label="Secondary Price:"></span>
				    </span>
			    </div>
	  	    </div>

	  	    <div class="qty">
	  		    <span class="reg-qty  ">
		
			
		  	
		  		<span class="sr-only">Sale Price Per Unit:</span>
        $1.36
        /
        100
        g
		  	
	  	
	</span>

	<span class="sale-qty hidden">
		
			
		  	
		  		<span class="sr-only">Sale Price Per Unit:</span>
        $1.36
        /
        100
        g
		  	
	  	
	</span>

	<span class="secondary-qty hidden">
		
	  	<span class="secondary-qty-text"></span>
	</span>
	  	    </div>
	    </div>


	    

	    
	</div>
	<form class="form-product  quickview-btn-simple"
	  data-product-id="20868465005_EA"
	  data-min-qty="1.0"
	  data-max-qty="999.0"
	  data-unit-type="ea"
	  data-cart-qty="1"
	  data-default-qty="1"
	  novalidate="novalidate"
	  promoCode=""
	  promoNumber=""
	  data-is-customized="false"
	  data-cart-url="/cart/product/20868465005_EA"
	  data-csrf-token="5582ec01-90c0-448b-b4f7-e2cf68d9f8a0"
	  data-is-weighted-product="false">

	<div class="module-add-to-cart " data-change-type="plus" data-auto-edit="true" data-auto-add="true"
		 data-cart-ajax-url="/cart/updateCart">
		<div class="wrapper-add-to-cart-btn">
					<div class="module-add-to-cart-button-small">
							<button type="button" class="btn btn-secondary btn-add-to-cart " data-auid="add-to-cart-button" data-has-pts-badge="false" aria-label="Add Potato Chips, Salt & Vinegar to cart">
										<span class="icon-cart"></span>
										<span class="add-to-cart-text">
											Add</span>
									</button>
									<button type="button" class="btn btn-secondary btn-edit-cart hidden " aria-label="Edit Cart">
										<span class="qty-in-cart"></span>
										<span class="edit-cart-text">
											<spring code="product.edit.text" />"
										</span>
									</button>
								<div class="add-list-parent add-list-module  bottom-add-list-module ">
	<button class="btn btn-inline-link btn-save-to-list  dark is-btn-animated" 
	  data-login-url="/account/login?productCode=20868465005_EA" 
	  data-ajax-url="/restful/lists/all?productCode=20868465005_EA" 
	  data-user-guest="Y" 
	  data-user-guest="Y" data-product-code="20868465005_EA" 
	  data-delete-item="false"
	  aria-label="Add Potato Chips, Salt & Vinegar to a List">
	  <span class="glyphicon glyphicon-th-list"></span>
	  <div class="list-cta-text  is-btn-animated">Add to List</div>
	</button>
	 
	<!-- this is the list HTML   -->
	<div class="save-to-list-popup  is-btn-animated animation-up dark" 
	  data-save-to-list-error="Can not get lists at this time. Please try again later."
	  data-product-name="Potato Chips, Salt & Vinegar">
	  <div class="inner-container">
	  </div>
	  
	</div>
</div>

</div>
				</div>
			</div>


	<div class="module-plus-minus-buttons small hidden ">
			<button type="button" class="btn cart-change-qty" data-change-type="minus" data-auid="decrease-product-quantity" alt="Minus" aria-label="Minus">
				<span class="icon-minimize"></span>
			</button>
			<div class="plus-minus-input-wrapper">
				<input class="input-qty cart-change-qty" aria-label="Enter manual quantity" type="text" name="qty" title="Change quantity in cart"
							data-unit-type="ea"
							value="1ea" data-change-type="equals"
							maxlength="7">

						<span class="input-qty-pretty">
							<span class="input-qty-pretty-value">1</span>
							<span class="input-qty-pretty-unit"></span>
						</span>
					</div>

			<button type="button" class="btn cart-change-qty" data-change-type="plus" data-auid="increase-product-quantity" alt="Plus" aria-label="Plus">
				<span class="icon-plus-sign"></span>
			</button>

			<p class="deal-limit-reached hidden">Deal Limit Reached</p>

			<div class="tooltip-qty-error tooltip-qty-limit hidden">
				<p>
					Limit to
					&nbsp;
					999
					&nbsp;each&nbsp;
					per customer.</p>
			</div>
			<div class="tooltip-qty-error tooltip-round-error hidden">
				<p>
					We do not have this in the weight you wanted. We've rounded your order to the nearest weight increment we stock.</p>
			</div>
		</div>
	</form>

<!-- End Template: AddToCartSmall -->

</div>
</div>
<div class="item">
		









































	
	
		
		
		
		
			
		
	





























<div class="module-grocery-product quickview-simple  clicked" data-quickview-ajax-url="/p/20305180_EA/quickViewProduct" data-product-id="20305180_EA"  data-product-price="$2.98">
    
	
	
		<span class="subtitle"></span>
	

	<div class="product-page-hotspot">
	    <div class="product-cell quickview-button">
	  	    <div class="product-image ">
                
	  		    <img src="https://assets.shop.loblaws.ca/products/20305180/b1/en/front/20305180_front_a01.png" onerror="this.src='https://assets.shop.loblaws.ca/products/NoImage/b1/en/front/NoImage_front_a01_@2.png';" alt="White Corn Tortilla Chips, Restaurant Cut" />
                
	  			    
	  	        
                
                    
                

	  		    

	  		    

	  		    

	  		    <div class="hover-text-container">
	  			    <button href="#" tabindex="0" class="hover-text " aria-label="Quick View for White Corn Tortilla Chips, Restaurant Cut.">Quick View</button>
	  		    </div>
	  	    </div>
	    </div>

	    <div class="product-in-cart">
	  	    <div class="wrapper-product-in-cart">
	  		    <span>
	  			    In Cart
	  		    </span>
	  	    </div>
	    </div>

	    <div class="product-info">
	  	    <div class="product-name-wrapper">
	  		    <a href="/Food/Pantry/Chips-%26-Salty-Snacks/Tortilla-Chips/White-Corn-Tortilla-Chips%2C-Restaurant-Cut/p/20305180_EA" class="product-name" aria-label="Product page for White Corn Tortilla Chips, Restaurant Cut" >
	  			    <span class="js-product-entry-brand">President's Choice&nbsp;</span>

	  			    

	  			    <span class="js-product-entry-name">White Corn Tortilla Chips, Restaurant Cut</span>

	  			    <span class="js-product-entry-size-detail">(320 g)</span>

	  		    </a>
	  	    </div>
	  	    
	  	    
	  		    
	  		    
	  			    



	
	
		
		<span class="ad-match-badge  hidden">Ad Match</span>
	

	  				
	  			        
	  					
	  				        
	  					
	  				
	  		    
	  	    

	  	    <div class="price">
			    <div class="price-wrapper no-discount  ">
				    <span class="reg-price  " aria-label="Regular Price: $2.98">
					    <span class="reg-price-text">$2.98</span>
					    
					    <sup class="reg-price-unit">ea</sup>
				    </span>
				    <span class="sale-price hidden" aria-label="Sale Price:">
					    <span class="sale-price-text"></span>
					    <sup class="sale-price-unit">ea</sup>
				    </span>
				    
				    <span class="secondary-price hidden">
					    
					    <span class="secondary-price-text" aria-label="Secondary Price:"></span>
				    </span>
			    </div>
	  	    </div>

	  	    <div class="qty">
	  		    <span class="reg-qty  ">
		
			
		  	
		  		<span class="sr-only">Sale Price Per Unit:</span>
        $0.93
        /
        100
        g
		  	
	  	
	</span>

	<span class="sale-qty hidden">
		
			
		  	
		  		<span class="sr-only">Sale Price Per Unit:</span>
        $0.93
        /
        100
        g
		  	
	  	
	</span>

	<span class="secondary-qty hidden">
		
	  	<span class="secondary-qty-text"></span>
	</span>
	  	    </div>
	    </div>


	    

	    
	</div>
	<form class="form-product  quickview-btn-simple"
	  data-product-id="20305180_EA"
	  data-min-qty="1.0"
	  data-max-qty="999.0"
	  data-unit-type="ea"
	  data-cart-qty="1"
	  data-default-qty="1"
	  novalidate="novalidate"
	  promoCode=""
	  promoNumber=""
	  data-is-customized="false"
	  data-cart-url="/cart/product/20305180_EA"
	  data-csrf-token="5582ec01-90c0-448b-b4f7-e2cf68d9f8a0"
	  data-is-weighted-product="false">

	<div class="module-add-to-cart " data-change-type="plus" data-auto-edit="true" data-auto-add="true"
		 data-cart-ajax-url="/cart/updateCart">
		<div class="wrapper-add-to-cart-btn">
					<div class="module-add-to-cart-button-small">
							<button type="button" class="btn btn-secondary btn-add-to-cart " data-auid="add-to-cart-button" data-has-pts-badge="false" aria-label="Add White Corn Tortilla Chips, Restaurant Cut to cart">
										<span class="icon-cart"></span>
										<span class="add-to-cart-text">
											Add</span>
									</button>
									<button type="button" class="btn btn-secondary btn-edit-cart hidden " aria-label="Edit Cart">
										<span class="qty-in-cart"></span>
										<span class="edit-cart-text">
											<spring code="product.edit.text" />"
										</span>
									</button>
								<div class="add-list-parent add-list-module  bottom-add-list-module ">
	<button class="btn btn-inline-link btn-save-to-list  dark is-btn-animated" 
	  data-login-url="/account/login?productCode=20305180_EA" 
	  data-ajax-url="/restful/lists/all?productCode=20305180_EA" 
	  data-user-guest="Y" 
	  data-user-guest="Y" data-product-code="20305180_EA" 
	  data-delete-item="false"
	  aria-label="Add White Corn Tortilla Chips, Restaurant Cut to a List">
	  <span class="glyphicon glyphicon-th-list"></span>
	  <div class="list-cta-text  is-btn-animated">Add to List</div>
	</button>
	 
	<!-- this is the list HTML   -->
	<div class="save-to-list-popup  is-btn-animated animation-up dark" 
	  data-save-to-list-error="Can not get lists at this time. Please try again later."
	  data-product-name="White Corn Tortilla Chips, Restaurant Cut">
	  <div class="inner-container">
	  </div>
	  
	</div>
</div>

</div>
				</div>
			</div>


	<div class="module-plus-minus-buttons small hidden ">
			<button type="button" class="btn cart-change-qty" data-change-type="minus" data-auid="decrease-product-quantity" alt="Minus" aria-label="Minus">
				<span class="icon-minimize"></span>
			</button>
			<div class="plus-minus-input-wrapper">
				<input class="input-qty cart-change-qty" aria-label="Enter manual quantity" type="text" name="qty" title="Change quantity in cart"
							data-unit-type="ea"
							value="1ea" data-change-type="equals"
							maxlength="7">

						<span class="input-qty-pretty">
							<span class="input-qty-pretty-value">1</span>
							<span class="input-qty-pretty-unit"></span>
						</span>
					</div>

			<button type="button" class="btn cart-change-qty" data-change-type="plus" data-auid="increase-product-quantity" alt="Plus" aria-label="Plus">
				<span class="icon-plus-sign"></span>
			</button>

			<p class="deal-limit-reached hidden">Deal Limit Reached</p>

			<div class="tooltip-qty-error tooltip-qty-limit hidden">
				<p>
					Limit to
					&nbsp;
					999
					&nbsp;each&nbsp;
					per customer.</p>
			</div>
			<div class="tooltip-qty-error tooltip-round-error hidden">
				<p>
					We do not have this in the weight you wanted. We've rounded your order to the nearest weight increment we stock.</p>
			</div>
		</div>
	</form>

<!-- End Template: AddToCartSmall -->

</div>
</div>
<div class="item">
		









































	
	
		
		
		
		
			
		
	





























<div class="module-grocery-product quickview-simple  clicked" data-quickview-ajax-url="/p/21087197_EA/quickViewProduct" data-product-id="21087197_EA"  data-product-price="$2.47">
    
	
	
		<span class="subtitle"></span>
	

	<div class="product-page-hotspot">
	    <div class="product-cell quickview-button">
	  	    <div class="product-image ">
                
	  		    <img src="https://assets.shop.loblaws.ca/products/21087197/b1/en/front/21087197_front_a01.png" onerror="this.src='https://assets.shop.loblaws.ca/products/NoImage/b1/en/front/NoImage_front_a01_@2.png';" alt="Wavy Chips, Sour Cream & Cheese" />
                
	  			    
	  	        
                
                    
                

	  		    

	  		    
	  			    <span class="sticker deal">
	  				    <span class="deal-badge">
	  					    <span class="module-deal-badge module-deal-badge-feature flyer expires undefined">
	  						    <span class="deal-type">
								    Flyer<br />
	  							    Item
	  						    </span>
	  						    








	<span class="deal-expiry">
		Exp. 12/19
	</span>

	  					    </span>
	  				    </span>
	  			    </span>
	  			    
	  		    

	  		    

	  		    <div class="hover-text-container">
	  			    <button href="#" tabindex="0" class="hover-text " aria-label="Quick View for Wavy Chips, Sour Cream & Cheese.">Quick View</button>
	  		    </div>
	  	    </div>
	    </div>

	    <div class="product-in-cart">
	  	    <div class="wrapper-product-in-cart">
	  		    <span>
	  			    In Cart
	  		    </span>
	  	    </div>
	    </div>

	    <div class="product-info">
	  	    <div class="product-name-wrapper">
	  		    <a href="/Food/Pantry/Chips-%26-Salty-Snacks/Potato-Chips/Lay%27s-Wavy-Chips%2C-Sour-Cream-%26-Cheese/p/21087197_EA" class="product-name" aria-label="Product page for Wavy Chips, Sour Cream & Cheese" >
	  			    <span class="js-product-entry-brand">Lay's&nbsp;</span>

	  			    

	  			    <span class="js-product-entry-name">Wavy Chips, Sour Cream & Cheese</span>

	  			    <span class="js-product-entry-size-detail">(240 g)</span>

	  		    </a>
	  	    </div>
	  	    
	  	    
	  		    
	  		    
	  			    



	
	
		
		<span class="ad-match-badge  hidden">Ad Match</span>
	

	  				
	  			        
	  					
	  				        
	  					
	  				
	  		    
	  	    

	  	    <div class="price">
			    <div class="price-wrapper no-discount  ">
				    <span class="reg-price  " aria-label="Regular Price: $2.47">
					    <span class="reg-price-text">$2.47</span>
					    
					    <sup class="reg-price-unit">ea</sup>
				    </span>
				    <span class="sale-price hidden" aria-label="Sale Price:">
					    <span class="sale-price-text"></span>
					    <sup class="sale-price-unit">ea</sup>
				    </span>
				    
				    <span class="secondary-price hidden">
					    
					    <span class="secondary-price-text" aria-label="Secondary Price:"></span>
				    </span>
			    </div>
	  	    </div>

	  	    <div class="qty">
	  		    <span class="reg-qty  ">
		
			
		  	
		  		<span class="sr-only">Sale Price Per Unit:</span>
        $1.03
        /
        100
        g
		  	
	  	
	</span>

	<span class="sale-qty hidden">
		
			
		  	
		  		<span class="sr-only">Sale Price Per Unit:</span>
        $1.03
        /
        100
        g
		  	
	  	
	</span>

	<span class="secondary-qty hidden">
		
	  	<span class="secondary-qty-text"></span>
	</span>
	  	    </div>
	    </div>


	    

	    
	</div>
	<form class="form-product  quickview-btn-simple"
	  data-product-id="21087197_EA"
	  data-min-qty="1.0"
	  data-max-qty="999.0"
	  data-unit-type="ea"
	  data-cart-qty="1"
	  data-default-qty="1"
	  novalidate="novalidate"
	  promoCode=""
	  promoNumber=""
	  data-is-customized="false"
	  data-cart-url="/cart/product/21087197_EA"
	  data-csrf-token="5582ec01-90c0-448b-b4f7-e2cf68d9f8a0"
	  data-is-weighted-product="false">

	<div class="module-add-to-cart " data-change-type="plus" data-auto-edit="true" data-auto-add="true"
		 data-cart-ajax-url="/cart/updateCart">
		<div class="wrapper-add-to-cart-btn">
					<div class="module-add-to-cart-button-small">
							<button type="button" class="btn btn-secondary btn-add-to-cart " data-auid="add-to-cart-button" data-has-pts-badge="false" aria-label="Add Wavy Chips, Sour Cream & Cheese to cart">
										<span class="icon-cart"></span>
										<span class="add-to-cart-text">
											Add</span>
									</button>
									<button type="button" class="btn btn-secondary btn-edit-cart hidden " aria-label="Edit Cart">
										<span class="qty-in-cart"></span>
										<span class="edit-cart-text">
											<spring code="product.edit.text" />"
										</span>
									</button>
								<div class="add-list-parent add-list-module  bottom-add-list-module ">
	<button class="btn btn-inline-link btn-save-to-list  dark is-btn-animated" 
	  data-login-url="/account/login?productCode=21087197_EA" 
	  data-ajax-url="/restful/lists/all?productCode=21087197_EA" 
	  data-user-guest="Y" 
	  data-user-guest="Y" data-product-code="21087197_EA" 
	  data-delete-item="false"
	  aria-label="Add Wavy Chips, Sour Cream & Cheese to a List">
	  <span class="glyphicon glyphicon-th-list"></span>
	  <div class="list-cta-text  is-btn-animated">Add to List</div>
	</button>
	 
	<!-- this is the list HTML   -->
	<div class="save-to-list-popup  is-btn-animated animation-up dark" 
	  data-save-to-list-error="Can not get lists at this time. Please try again later."
	  data-product-name="Wavy Chips, Sour Cream & Cheese">
	  <div class="inner-container">
	  </div>
	  
	</div>
</div>

</div>
				</div>
			</div>


	<div class="module-plus-minus-buttons small hidden ">
			<button type="button" class="btn cart-change-qty" data-change-type="minus" data-auid="decrease-product-quantity" alt="Minus" aria-label="Minus">
				<span class="icon-minimize"></span>
			</button>
			<div class="plus-minus-input-wrapper">
				<input class="input-qty cart-change-qty" aria-label="Enter manual quantity" type="text" name="qty" title="Change quantity in cart"
							data-unit-type="ea"
							value="1ea" data-change-type="equals"
							maxlength="7">

						<span class="input-qty-pretty">
							<span class="input-qty-pretty-value">1</span>
							<span class="input-qty-pretty-unit"></span>
						</span>
					</div>

			<button type="button" class="btn cart-change-qty" data-change-type="plus" data-auid="increase-product-quantity" alt="Plus" aria-label="Plus">
				<span class="icon-plus-sign"></span>
			</button>

			<p class="deal-limit-reached hidden">Deal Limit Reached</p>

			<div class="tooltip-qty-error tooltip-qty-limit hidden">
				<p>
					Limit to
					&nbsp;
					999
					&nbsp;each&nbsp;
					per customer.</p>
			</div>
			<div class="tooltip-qty-error tooltip-round-error hidden">
				<p>
					We do not have this in the weight you wanted. We've rounded your order to the nearest weight increment we stock.</p>
			</div>
		</div>
	</form>

<!-- End Template: AddToCartSmall -->

</div>
</div>
<div class="item">
		






































	




	
	
		
		
		
		
			
		
	





























<div class="module-grocery-product quickview-simple  clicked" data-quickview-ajax-url="/p/21003809_EA/quickViewProduct" data-product-id="21003809_EA"  data-product-price="$1.88">
    
	
	
		<span class="subtitle"></span>
	

	<div class="product-page-hotspot">
	    <div class="product-cell quickview-button">
	  	    <div class="product-image ">
                
	  		    <img src="https://assets.shop.loblaws.ca/products/21003809/b1/en/front/21003809_front_a01.png" onerror="this.src='https://assets.shop.loblaws.ca/products/NoImage/b1/en/front/NoImage_front_a01_@2.png';" alt="Pizza Flavour Potato Chips" />
                
	  			    
	  			        <span class="sticker deal">
	  				        <span class="deal-badge">
	  				            
	  			                
	  				            

	  				            <span class="module-deal-badge module-deal-badge-grid simple-save-unit "
	  						        data-deal-type="$1.88 LIMIT 4"
	  						        data-ajax-promo-url="/simpleDeal/deals/product-tile?productCode=21003809_EA"
	  						        data-deal-id="21003809_EA">
	  						        <span class="deal-type">$1.88 LIMIT 4</span>
	  						            








	<span class="deal-expiry">
		Exp. 12/27
	</span>

	  					                
	  				            </span>
	  			            </span>
	  		            </span>
	  			        
	  	            
	  	        
                
                    
                

	  		    

	  		    

	  		    

	  		    <div class="hover-text-container">
	  			    <button href="#" tabindex="0" class="hover-text " aria-label="Quick View for Pizza Flavour Potato Chips.">Quick View</button>
	  		    </div>
	  	    </div>
	    </div>

	    <div class="product-in-cart">
	  	    <div class="wrapper-product-in-cart">
	  		    <span>
	  			    In Cart
	  		    </span>
	  	    </div>
	    </div>

	    <div class="product-info">
	  	    <div class="product-name-wrapper">
	  		    <a href="/Food/Pantry/Chips-%26-Salty-Snacks/Potato-Chips/Pringles-Pizza-Flavour-Potato-Chips/p/21003809_EA" class="product-name" aria-label="Product page for Pizza Flavour Potato Chips" >
	  			    <span class="js-product-entry-brand">Pringles&nbsp;</span>

	  			    

	  			    <span class="js-product-entry-name">Pizza Flavour Potato Chips</span>

	  			    <span class="js-product-entry-size-detail">(156 g)</span>

	  		    </a>
	  	    </div>
	  	    
	  	    
	  		    
	  		    
	  			    



	
	
		
		<span class="ad-match-badge  hidden">Ad Match</span>
	

	  				
	  			        
	  					
	  				        
	  					
	  				
	  		    
	  	    

	  	    <div class="price">
			    <div class="price-wrapper no-discount promo-alert ">
				    <span class="reg-price  price-alert" aria-label="Regular Price: $1.88">
					    <span class="reg-price-text">$1.88</span>
					    
					    <sup class="reg-price-unit">ea</sup>
				    </span>
				    <span class="sale-price hidden" aria-label="Sale Price:">
					    <span class="sale-price-text"></span>
					    <sup class="sale-price-unit">ea</sup>
				    </span>
				    
				    <span class="secondary-price hidden">
					    
					    <span class="secondary-price-text" aria-label="Secondary Price:"></span>
				    </span>
			    </div>
	  	    </div>

	  	    <div class="qty">
	  		    <span class="reg-qty  price-alert">
		
			
		  	
		  		<span class="sr-only">Sale Price Per Unit:</span>
        $1.21
        /
        100
        g
		  	
	  	
	</span>

	<span class="sale-qty hidden">
		
			
		  	
		  		<span class="sr-only">Sale Price Per Unit:</span>
        $1.21
        /
        100
        g
		  	
	  	
	</span>

	<span class="secondary-qty hidden">
		
	  	<span class="secondary-qty-text"></span>
	</span>
	  	    </div>
	    </div>


	    

	    
	</div>
	<form class="form-product  quickview-btn-simple"
	  data-product-id="21003809_EA"
	  data-min-qty="1.0"
	  data-max-qty="999.0"
	  data-unit-type="ea"
	  data-cart-qty="1"
	  data-default-qty="1"
	  novalidate="novalidate"
	  promoCode=""
	  promoNumber=""
	  data-is-customized="false"
	  data-cart-url="/cart/product/21003809_EA"
	  data-csrf-token="5582ec01-90c0-448b-b4f7-e2cf68d9f8a0"
	  data-is-weighted-product="false">

	<div class="module-add-to-cart " data-change-type="plus" data-auto-edit="true" data-auto-add="true"
		 data-cart-ajax-url="/cart/updateCart">
		<div class="wrapper-add-to-cart-btn">
					<div class="module-add-to-cart-button-small">
							<button type="button" class="btn btn-secondary btn-add-to-cart " data-auid="add-to-cart-button" data-has-pts-badge="false" aria-label="Add Pizza Flavour Potato Chips to cart">
										<span class="icon-cart"></span>
										<span class="add-to-cart-text">
											Add</span>
									</button>
									<button type="button" class="btn btn-secondary btn-edit-cart hidden " aria-label="Edit Cart">
										<span class="qty-in-cart"></span>
										<span class="edit-cart-text">
											<spring code="product.edit.text" />"
										</span>
									</button>
								<div class="add-list-parent add-list-module  bottom-add-list-module ">
	<button class="btn btn-inline-link btn-save-to-list  dark is-btn-animated" 
	  data-login-url="/account/login?productCode=21003809_EA" 
	  data-ajax-url="/restful/lists/all?productCode=21003809_EA" 
	  data-user-guest="Y" 
	  data-user-guest="Y" data-product-code="21003809_EA" 
	  data-delete-item="false"
	  aria-label="Add Pizza Flavour Potato Chips to a List">
	  <span class="glyphicon glyphicon-th-list"></span>
	  <div class="list-cta-text  is-btn-animated">Add to List</div>
	</button>
	 
	<!-- this is the list HTML   -->
	<div class="save-to-list-popup  is-btn-animated animation-up dark" 
	  data-save-to-list-error="Can not get lists at this time. Please try again later."
	  data-product-name="Pizza Flavour Potato Chips">
	  <div class="inner-container">
	  </div>
	  
	</div>
</div>

</div>
				</div>
			</div>


	<div class="module-plus-minus-buttons small hidden ">
			<button type="button" class="btn cart-change-qty" data-change-type="minus" data-auid="decrease-product-quantity" alt="Minus" aria-label="Minus">
				<span class="icon-minimize"></span>
			</button>
			<div class="plus-minus-input-wrapper">
				<input class="input-qty cart-change-qty" aria-label="Enter manual quantity" type="text" name="qty" title="Change quantity in cart"
							data-unit-type="ea"
							value="1ea" data-change-type="equals"
							maxlength="7">

						<span class="input-qty-pretty">
							<span class="input-qty-pretty-value">1</span>
							<span class="input-qty-pretty-unit"></span>
						</span>
					</div>

			<button type="button" class="btn cart-change-qty" data-change-type="plus" data-auid="increase-product-quantity" alt="Plus" aria-label="Plus">
				<span class="icon-plus-sign"></span>
			</button>

			<p class="deal-limit-reached hidden">Deal Limit Reached</p>

			<div class="tooltip-qty-error tooltip-qty-limit hidden">
				<p>
					Limit to
					&nbsp;
					999
					&nbsp;each&nbsp;
					per customer.</p>
			</div>
			<div class="tooltip-qty-error tooltip-round-error hidden">
				<p>
					We do not have this in the weight you wanted. We've rounded your order to the nearest weight increment we stock.</p>
			</div>
		</div>
	</form>

<!-- End Template: AddToCartSmall -->

</div>
</div>
<div class="item">
		









































	
	
		
		
		
		
			
		
	





























<div class="module-grocery-product quickview-simple  clicked" data-quickview-ajax-url="/p/21048874_EA/quickViewProduct" data-product-id="21048874_EA"  data-product-price="$1.18">
    
	
	
		<span class="subtitle"></span>
	

	<div class="product-page-hotspot">
	    <div class="product-cell quickview-button">
	  	    <div class="product-image ">
                
	  		    <img src="https://assets.shop.loblaws.ca/products/21048874/b1/en/front/21048874_front_a01.png" onerror="this.src='https://assets.shop.loblaws.ca/products/NoImage/b1/en/front/NoImage_front_a01_@2.png';" alt="Kropek Crackers Shrimp Flavoured 70 g" />
                
	  			    
	  			        <span class="sticker deal">
	  				        <span class="deal-badge">
	  				            
	  			                
	  				            

	  				            <span class="module-deal-badge module-deal-badge-grid simple-save-unit "
	  						        data-deal-type="3 FOR $3.18"
	  						        data-ajax-promo-url="/simpleDeal/deals/product-tile?productCode=21048874_EA"
	  						        data-deal-id="21048874_EA">
	  						        <span class="deal-type">3 FOR $3.18</span>
	  						            








	<span class="deal-expiry">
		Exp. 12/31
	</span>

	  					                
	  				            </span>
	  			            </span>
	  		            </span>
	  			        
	  	            
	  	        
                
                    
                

	  		    

	  		    

	  		    

	  		    <div class="hover-text-container">
	  			    <button href="#" tabindex="0" class="hover-text " aria-label="Quick View for Kropek Crackers Shrimp Flavoured 70 g.">Quick View</button>
	  		    </div>
	  	    </div>
	    </div>

	    <div class="product-in-cart">
	  	    <div class="wrapper-product-in-cart">
	  		    <span>
	  			    In Cart
	  		    </span>
	  	    </div>
	    </div>

	    <div class="product-info">
	  	    <div class="product-name-wrapper">
	  		    <a href="/Food/Pantry/Chips-%26-Salty-Snacks/Potato-Chips/Bulacan-Kropek-Crackers-Shrimp-Flavoured-70-g/p/21048874_EA" class="product-name" aria-label="Product page for Kropek Crackers Shrimp Flavoured 70 g" >
	  			    

	  			    

	  			    <span class="js-product-entry-name">Kropek Crackers Shrimp Flavoured 70 g</span>

	  			    <span class="js-product-entry-size-detail">(70 g)</span>

	  		    </a>
	  	    </div>
	  	    
	  	    
	  		    
	  		    
	  			    



	
	
		
		<span class="ad-match-badge  hidden">Ad Match</span>
	

	  				
	  			        
	  					
	  				        
	  					
	  				
	  		    
	  	    

	  	    <div class="price">
			    <div class="price-wrapper no-discount  ">
				    <span class="reg-price  " aria-label="Regular Price: $1.18">
					    <span class="reg-price-text">$1.18</span>
					    
					    <sup class="reg-price-unit">ea</sup>
				    </span>
				    <span class="sale-price hidden" aria-label="Sale Price:">
					    <span class="sale-price-text"></span>
					    <sup class="sale-price-unit">ea</sup>
				    </span>
				    
				    <span class="secondary-price hidden">
					    
					    <span class="secondary-price-text" aria-label="Secondary Price:"></span>
				    </span>
			    </div>
	  	    </div>

	  	    <div class="qty">
	  		    <span class="reg-qty  ">
		
			
		  	
		  		<span class="sr-only">Sale Price Per Unit:</span>
        $1.69
        /
        100
        g
		  	
	  	
	</span>

	<span class="sale-qty hidden">
		
			
		  	
		  		<span class="sr-only">Sale Price Per Unit:</span>
        $1.69
        /
        100
        g
		  	
	  	
	</span>

	<span class="secondary-qty hidden">
		
	  	<span class="secondary-qty-text"></span>
	</span>
	  	    </div>
	    </div>


	    

	    
	</div>
	<form class="form-product  quickview-btn-simple"
	  data-product-id="21048874_EA"
	  data-min-qty="1.0"
	  data-max-qty="999.0"
	  data-unit-type="ea"
	  data-cart-qty="1"
	  data-default-qty="1"
	  novalidate="novalidate"
	  promoCode=""
	  promoNumber=""
	  data-is-customized="false"
	  data-cart-url="/cart/product/21048874_EA"
	  data-csrf-token="5582ec01-90c0-448b-b4f7-e2cf68d9f8a0"
	  data-is-weighted-product="false">

	<div class="module-add-to-cart " data-change-type="plus" data-auto-edit="true" data-auto-add="true"
		 data-cart-ajax-url="/cart/updateCart">
		<div class="wrapper-add-to-cart-btn">
					<div class="module-add-to-cart-button-small">
							<button type="button" class="btn btn-secondary btn-add-to-cart " data-auid="add-to-cart-button" data-has-pts-badge="false" aria-label="Add Kropek Crackers Shrimp Flavoured 70 g to cart">
										<span class="icon-cart"></span>
										<span class="add-to-cart-text">
											Add</span>
									</button>
									<button type="button" class="btn btn-secondary btn-edit-cart hidden " aria-label="Edit Cart">
										<span class="qty-in-cart"></span>
										<span class="edit-cart-text">
											<spring code="product.edit.text" />"
										</span>
									</button>
								<div class="add-list-parent add-list-module  bottom-add-list-module ">
	<button class="btn btn-inline-link btn-save-to-list  dark is-btn-animated" 
	  data-login-url="/account/login?productCode=21048874_EA" 
	  data-ajax-url="/restful/lists/all?productCode=21048874_EA" 
	  data-user-guest="Y" 
	  data-user-guest="Y" data-product-code="21048874_EA" 
	  data-delete-item="false"
	  aria-label="Add Kropek Crackers Shrimp Flavoured 70 g to a List">
	  <span class="glyphicon glyphicon-th-list"></span>
	  <div class="list-cta-text  is-btn-animated">Add to List</div>
	</button>
	 
	<!-- this is the list HTML   -->
	<div class="save-to-list-popup  is-btn-animated animation-up dark" 
	  data-save-to-list-error="Can not get lists at this time. Please try again later."
	  data-product-name="Kropek Crackers Shrimp Flavoured 70 g">
	  <div class="inner-container">
	  </div>
	  
	</div>
</div>

</div>
				</div>
			</div>


	<div class="module-plus-minus-buttons small hidden ">
			<button type="button" class="btn cart-change-qty" data-change-type="minus" data-auid="decrease-product-quantity" alt="Minus" aria-label="Minus">
				<span class="icon-minimize"></span>
			</button>
			<div class="plus-minus-input-wrapper">
				<input class="input-qty cart-change-qty" aria-label="Enter manual quantity" type="text" name="qty" title="Change quantity in cart"
							data-unit-type="ea"
							value="1ea" data-change-type="equals"
							maxlength="7">

						<span class="input-qty-pretty">
							<span class="input-qty-pretty-value">1</span>
							<span class="input-qty-pretty-unit"></span>
						</span>
					</div>

			<button type="button" class="btn cart-change-qty" data-change-type="plus" data-auid="increase-product-quantity" alt="Plus" aria-label="Plus">
				<span class="icon-plus-sign"></span>
			</button>

			<p class="deal-limit-reached hidden">Deal Limit Reached</p>

			<div class="tooltip-qty-error tooltip-qty-limit hidden">
				<p>
					Limit to
					&nbsp;
					999
					&nbsp;each&nbsp;
					per customer.</p>
			</div>
			<div class="tooltip-qty-error tooltip-round-error hidden">
				<p>
					We do not have this in the weight you wanted. We've rounded your order to the nearest weight increment we stock.</p>
			</div>
		</div>
	</form>

<!-- End Template: AddToCartSmall -->

</div>
</div>
<div class="item">
		









































	
	
		
		
		
		
			
		
	





























<div class="module-grocery-product quickview-simple  clicked" data-quickview-ajax-url="/p/20943735_EA/quickViewProduct" data-product-id="20943735_EA"  data-product-price="$3.18">
    
	
	
		<span class="subtitle"></span>
	

	<div class="product-page-hotspot">
	    <div class="product-cell quickview-button">
	  	    <div class="product-image ">
                
	  		    <img src="https://assets.shop.loblaws.ca/products/20943735/b1/en/front/20943735_front_a01.png" onerror="this.src='https://assets.shop.loblaws.ca/products/NoImage/b1/en/front/NoImage_front_a01_@2.png';" alt="Tortilla Chips, Zesty Cheese" />
                
	  			    
	  	        
                
                    
                

	  		    

	  		    

	  		    

	  		    <div class="hover-text-container">
	  			    <button href="#" tabindex="0" class="hover-text " aria-label="Quick View for Tortilla Chips, Zesty Cheese.">Quick View</button>
	  		    </div>
	  	    </div>
	    </div>

	    <div class="product-in-cart">
	  	    <div class="wrapper-product-in-cart">
	  		    <span>
	  			    In Cart
	  		    </span>
	  	    </div>
	    </div>

	    <div class="product-info">
	  	    <div class="product-name-wrapper">
	  		    <a href="/Food/Pantry/Chips-%26-Salty-Snacks/Pretzels-%26-Snack-Mixes/Doritos-Tortilla-Chips%2C-Zesty-Cheese/p/20943735_EA" class="product-name" aria-label="Product page for Tortilla Chips, Zesty Cheese" >
	  			    <span class="js-product-entry-brand">Doritos&nbsp;</span>

	  			    

	  			    <span class="js-product-entry-name">Tortilla Chips, Zesty Cheese</span>

	  			    <span class="js-product-entry-size-detail">(255 g)</span>

	  		    </a>
	  	    </div>
	  	    
	  	    
	  		    
	  		    
	  			    



	
	
		
		<span class="ad-match-badge  hidden">Ad Match</span>
	

	  				
	  			        
	  					
	  				        
	  					
	  				
	  		    
	  	    

	  	    <div class="price">
			    <div class="price-wrapper no-discount  ">
				    <span class="reg-price  " aria-label="Regular Price: $3.18">
					    <span class="reg-price-text">$3.18</span>
					    
					    <sup class="reg-price-unit">ea</sup>
				    </span>
				    <span class="sale-price hidden" aria-label="Sale Price:">
					    <span class="sale-price-text"></span>
					    <sup class="sale-price-unit">ea</sup>
				    </span>
				    
				    <span class="secondary-price hidden">
					    
					    <span class="secondary-price-text" aria-label="Secondary Price:"></span>
				    </span>
			    </div>
	  	    </div>

	  	    <div class="qty">
	  		    <span class="reg-qty  ">
		
			
		  	
		  		<span class="sr-only">Sale Price Per Unit:</span>
        $1.25
        /
        100
        g
		  	
	  	
	</span>

	<span class="sale-qty hidden">
		
			
		  	
		  		<span class="sr-only">Sale Price Per Unit:</span>
        $1.25
        /
        100
        g
		  	
	  	
	</span>

	<span class="secondary-qty hidden">
		
	  	<span class="secondary-qty-text"></span>
	</span>
	  	    </div>
	    </div>


	    

	    
	</div>
	<form class="form-product  quickview-btn-simple"
	  data-product-id="20943735_EA"
	  data-min-qty="1.0"
	  data-max-qty="999.0"
	  data-unit-type="ea"
	  data-cart-qty="1"
	  data-default-qty="1"
	  novalidate="novalidate"
	  promoCode=""
	  promoNumber=""
	  data-is-customized="false"
	  data-cart-url="/cart/product/20943735_EA"
	  data-csrf-token="5582ec01-90c0-448b-b4f7-e2cf68d9f8a0"
	  data-is-weighted-product="false">

	<div class="module-add-to-cart " data-change-type="plus" data-auto-edit="true" data-auto-add="true"
		 data-cart-ajax-url="/cart/updateCart">
		<div class="wrapper-add-to-cart-btn">
					<div class="module-add-to-cart-button-small">
							<button type="button" class="btn btn-secondary btn-add-to-cart " data-auid="add-to-cart-button" data-has-pts-badge="false" aria-label="Add Tortilla Chips, Zesty Cheese to cart">
										<span class="icon-cart"></span>
										<span class="add-to-cart-text">
											Add</span>
									</button>
									<button type="button" class="btn btn-secondary btn-edit-cart hidden " aria-label="Edit Cart">
										<span class="qty-in-cart"></span>
										<span class="edit-cart-text">
											<spring code="product.edit.text" />"
										</span>
									</button>
								<div class="add-list-parent add-list-module  bottom-add-list-module ">
	<button class="btn btn-inline-link btn-save-to-list  dark is-btn-animated" 
	  data-login-url="/account/login?productCode=20943735_EA" 
	  data-ajax-url="/restful/lists/all?productCode=20943735_EA" 
	  data-user-guest="Y" 
	  data-user-guest="Y" data-product-code="20943735_EA" 
	  data-delete-item="false"
	  aria-label="Add Tortilla Chips, Zesty Cheese to a List">
	  <span class="glyphicon glyphicon-th-list"></span>
	  <div class="list-cta-text  is-btn-animated">Add to List</div>
	</button>
	 
	<!-- this is the list HTML   -->
	<div class="save-to-list-popup  is-btn-animated animation-up dark" 
	  data-save-to-list-error="Can not get lists at this time. Please try again later."
	  data-product-name="Tortilla Chips, Zesty Cheese">
	  <div class="inner-container">
	  </div>
	  
	</div>
</div>

</div>
				</div>
			</div>


	<div class="module-plus-minus-buttons small hidden ">
			<button type="button" class="btn cart-change-qty" data-change-type="minus" data-auid="decrease-product-quantity" alt="Minus" aria-label="Minus">
				<span class="icon-minimize"></span>
			</button>
			<div class="plus-minus-input-wrapper">
				<input class="input-qty cart-change-qty" aria-label="Enter manual quantity" type="text" name="qty" title="Change quantity in cart"
							data-unit-type="ea"
							value="1ea" data-change-type="equals"
							maxlength="7">

						<span class="input-qty-pretty">
							<span class="input-qty-pretty-value">1</span>
							<span class="input-qty-pretty-unit"></span>
						</span>
					</div>

			<button type="button" class="btn cart-change-qty" data-change-type="plus" data-auid="increase-product-quantity" alt="Plus" aria-label="Plus">
				<span class="icon-plus-sign"></span>
			</button>

			<p class="deal-limit-reached hidden">Deal Limit Reached</p>

			<div class="tooltip-qty-error tooltip-qty-limit hidden">
				<p>
					Limit to
					&nbsp;
					999
					&nbsp;each&nbsp;
					per customer.</p>
			</div>
			<div class="tooltip-qty-error tooltip-round-error hidden">
				<p>
					We do not have this in the weight you wanted. We've rounded your order to the nearest weight increment we stock.</p>
			</div>
		</div>
	</form>

<!-- End Template: AddToCartSmall -->

</div>
</div>
<div class="item">
		









































	
	
		
		
		
		
			
		
	





























<div class="module-grocery-product quickview-simple  clicked" data-quickview-ajax-url="/p/20964370_EA/quickViewProduct" data-product-id="20964370_EA"  data-product-price="$2.47">
    
	
	
		<span class="subtitle"></span>
	

	<div class="product-page-hotspot">
	    <div class="product-cell quickview-button">
	  	    <div class="product-image ">
                
	  		    <img src="https://assets.shop.loblaws.ca/products/20964370/b1/en/front/20964370_front_a01.png" onerror="this.src='https://assets.shop.loblaws.ca/products/NoImage/b1/en/front/NoImage_front_a01_@2.png';" alt="Potato Chips, Salt & Vinegar" />
                
	  			    
	  	        
                
                    
                

	  		    

	  		    
	  			    <span class="sticker deal">
	  				    <span class="deal-badge">
	  					    <span class="module-deal-badge module-deal-badge-feature flyer expires undefined">
	  						    <span class="deal-type">
								    Flyer<br />
	  							    Item
	  						    </span>
	  						    








	<span class="deal-expiry">
		Exp. 12/19
	</span>

	  					    </span>
	  				    </span>
	  			    </span>
	  			    
	  		    

	  		    

	  		    <div class="hover-text-container">
	  			    <button href="#" tabindex="0" class="hover-text " aria-label="Quick View for Potato Chips, Salt & Vinegar.">Quick View</button>
	  		    </div>
	  	    </div>
	    </div>

	    <div class="product-in-cart">
	  	    <div class="wrapper-product-in-cart">
	  		    <span>
	  			    In Cart
	  		    </span>
	  	    </div>
	    </div>

	    <div class="product-info">
	  	    <div class="product-name-wrapper">
	  		    <a href="/Food/Pantry/Chips-%26-Salty-Snacks/Potato-Chips/Lay%27s-Potato-Chips%2C-Salt-%26-Vinegar/p/20964370_EA" class="product-name" aria-label="Product page for Potato Chips, Salt & Vinegar" >
	  			    <span class="js-product-entry-brand">Lay's&nbsp;</span>

	  			    

	  			    <span class="js-product-entry-name">Potato Chips, Salt & Vinegar</span>

	  			    <span class="js-product-entry-size-detail">(255 g)</span>

	  		    </a>
	  	    </div>
	  	    
	  	    
	  		    
	  		    
	  			    



	
	
		
		<span class="ad-match-badge  hidden">Ad Match</span>
	

	  				
	  			        
	  					
	  				        
	  					
	  				
	  		    
	  	    

	  	    <div class="price">
			    <div class="price-wrapper no-discount  ">
				    <span class="reg-price  " aria-label="Regular Price: $2.47">
					    <span class="reg-price-text">$2.47</span>
					    
					    <sup class="reg-price-unit">ea</sup>
				    </span>
				    <span class="sale-price hidden" aria-label="Sale Price:">
					    <span class="sale-price-text"></span>
					    <sup class="sale-price-unit">ea</sup>
				    </span>
				    
				    <span class="secondary-price hidden">
					    
					    <span class="secondary-price-text" aria-label="Secondary Price:"></span>
				    </span>
			    </div>
	  	    </div>

	  	    <div class="qty">
	  		    <span class="reg-qty  ">
		
			
		  	
		  		<span class="sr-only">Sale Price Per Unit:</span>
        $0.97
        /
        100
        g
		  	
	  	
	</span>

	<span class="sale-qty hidden">
		
			
		  	
		  		<span class="sr-only">Sale Price Per Unit:</span>
        $0.97
        /
        100
        g
		  	
	  	
	</span>

	<span class="secondary-qty hidden">
		
	  	<span class="secondary-qty-text"></span>
	</span>
	  	    </div>
	    </div>


	    

	    
	</div>
	<form class="form-product  quickview-btn-simple"
	  data-product-id="20964370_EA"
	  data-min-qty="1.0"
	  data-max-qty="999.0"
	  data-unit-type="ea"
	  data-cart-qty="1"
	  data-default-qty="1"
	  novalidate="novalidate"
	  promoCode=""
	  promoNumber=""
	  data-is-customized="false"
	  data-cart-url="/cart/product/20964370_EA"
	  data-csrf-token="5582ec01-90c0-448b-b4f7-e2cf68d9f8a0"
	  data-is-weighted-product="false">

	<div class="module-add-to-cart " data-change-type="plus" data-auto-edit="true" data-auto-add="true"
		 data-cart-ajax-url="/cart/updateCart">
		<div class="wrapper-add-to-cart-btn">
					<div class="module-add-to-cart-button-small">
							<button type="button" class="btn btn-secondary btn-add-to-cart " data-auid="add-to-cart-button" data-has-pts-badge="false" aria-label="Add Potato Chips, Salt & Vinegar to cart">
										<span class="icon-cart"></span>
										<span class="add-to-cart-text">
											Add</span>
									</button>
									<button type="button" class="btn btn-secondary btn-edit-cart hidden " aria-label="Edit Cart">
										<span class="qty-in-cart"></span>
										<span class="edit-cart-text">
											<spring code="product.edit.text" />"
										</span>
									</button>
								<div class="add-list-parent add-list-module  bottom-add-list-module ">
	<button class="btn btn-inline-link btn-save-to-list  dark is-btn-animated" 
	  data-login-url="/account/login?productCode=20964370_EA" 
	  data-ajax-url="/restful/lists/all?productCode=20964370_EA" 
	  data-user-guest="Y" 
	  data-user-guest="Y" data-product-code="20964370_EA" 
	  data-delete-item="false"
	  aria-label="Add Potato Chips, Salt & Vinegar to a List">
	  <span class="glyphicon glyphicon-th-list"></span>
	  <div class="list-cta-text  is-btn-animated">Add to List</div>
	</button>
	 
	<!-- this is the list HTML   -->
	<div class="save-to-list-popup  is-btn-animated animation-up dark" 
	  data-save-to-list-error="Can not get lists at this time. Please try again later."
	  data-product-name="Potato Chips, Salt & Vinegar">
	  <div class="inner-container">
	  </div>
	  
	</div>
</div>

</div>
				</div>
			</div>


	<div class="module-plus-minus-buttons small hidden ">
			<button type="button" class="btn cart-change-qty" data-change-type="minus" data-auid="decrease-product-quantity" alt="Minus" aria-label="Minus">
				<span class="icon-minimize"></span>
			</button>
			<div class="plus-minus-input-wrapper">
				<input class="input-qty cart-change-qty" aria-label="Enter manual quantity" type="text" name="qty" title="Change quantity in cart"
							data-unit-type="ea"
							value="1ea" data-change-type="equals"
							maxlength="7">

						<span class="input-qty-pretty">
							<span class="input-qty-pretty-value">1</span>
							<span class="input-qty-pretty-unit"></span>
						</span>
					</div>

			<button type="button" class="btn cart-change-qty" data-change-type="plus" data-auid="increase-product-quantity" alt="Plus" aria-label="Plus">
				<span class="icon-plus-sign"></span>
			</button>

			<p class="deal-limit-reached hidden">Deal Limit Reached</p>

			<div class="tooltip-qty-error tooltip-qty-limit hidden">
				<p>
					Limit to
					&nbsp;
					999
					&nbsp;each&nbsp;
					per customer.</p>
			</div>
			<div class="tooltip-qty-error tooltip-round-error hidden">
				<p>
					We do not have this in the weight you wanted. We've rounded your order to the nearest weight increment we stock.</p>
			</div>
		</div>
	</form>

<!-- End Template: AddToCartSmall -->

</div>
</div>
<div class="item">
		









































	
	
		
		
		
		
			
		
	





























<div class="module-grocery-product quickview-simple  clicked" data-quickview-ajax-url="/p/20354625_EA/quickViewProduct" data-product-id="20354625_EA"  data-product-price="$3.88">
    
	
	
		<span class="subtitle"></span>
	

	<div class="product-page-hotspot">
	    <div class="product-cell quickview-button">
	  	    <div class="product-image ">
                
	  		    <img src="https://assets.shop.loblaws.ca/products/20354625/b1/en/front/20354625_front_a01.png" onerror="this.src='https://assets.shop.loblaws.ca/products/NoImage/b1/en/front/NoImage_front_a01_@2.png';" alt="Monster Noodle Snack, BBQ" />
                
	  			    
	  			        <span class="sticker deal">
	  				        <span class="deal-badge">
	  				            
	  			                
	  				            

	  				            <span class="module-deal-badge module-deal-badge-grid simple-save-unit "
	  						        data-deal-type="2 FOR $6.96"
	  						        data-ajax-promo-url="/simpleDeal/deals/product-tile?productCode=20354625_EA"
	  						        data-deal-id="20354625_EA">
	  						        <span class="deal-type">2 FOR $6.96</span>
	  						            








	<span class="deal-expiry">
		Exp. 12/31
	</span>

	  					                
	  				            </span>
	  			            </span>
	  		            </span>
	  			        
	  	            
	  	        
                
                    
                

	  		    

	  		    

	  		    

	  		    <div class="hover-text-container">
	  			    <button href="#" tabindex="0" class="hover-text " aria-label="Quick View for Monster Noodle Snack, BBQ.">Quick View</button>
	  		    </div>
	  	    </div>
	    </div>

	    <div class="product-in-cart">
	  	    <div class="wrapper-product-in-cart">
	  		    <span>
	  			    In Cart
	  		    </span>
	  	    </div>
	    </div>

	    <div class="product-info">
	  	    <div class="product-name-wrapper">
	  		    <a href="/Food/Pantry/Chips-%26-Salty-Snacks/Pretzels-%26-Snack-Mixes/Monster-Noodle-Snack%2C-BBQ/p/20354625_EA" class="product-name" aria-label="Product page for Monster Noodle Snack, BBQ" >
	  			    <span class="js-product-entry-brand">Mamee&nbsp;</span>

	  			    

	  			    <span class="js-product-entry-name">Monster Noodle Snack, BBQ</span>

	  			    <span class="js-product-entry-size-detail">(300 g)</span>

	  		    </a>
	  	    </div>
	  	    
	  	    
	  		    
	  		    
	  			    



	
	
		
		<span class="ad-match-badge  hidden">Ad Match</span>
	

	  				
	  			        
	  					
	  				        
	  					
	  				
	  		    
	  	    

	  	    <div class="price">
			    <div class="price-wrapper no-discount  ">
				    <span class="reg-price  " aria-label="Regular Price: $3.88">
					    <span class="reg-price-text">$3.88</span>
					    
					    <sup class="reg-price-unit">ea</sup>
				    </span>
				    <span class="sale-price hidden" aria-label="Sale Price:">
					    <span class="sale-price-text"></span>
					    <sup class="sale-price-unit">ea</sup>
				    </span>
				    
				    <span class="secondary-price hidden">
					    
					    <span class="secondary-price-text" aria-label="Secondary Price:"></span>
				    </span>
			    </div>
	  	    </div>

	  	    <div class="qty">
	  		    <span class="reg-qty  ">
		
			
		  	
		  		<span class="sr-only">Sale Price Per Unit:</span>
        $1.29
        /
        100
        g
		  	
	  	
	</span>

	<span class="sale-qty hidden">
		
			
		  	
		  		<span class="sr-only">Sale Price Per Unit:</span>
        $1.29
        /
        100
        g
		  	
	  	
	</span>

	<span class="secondary-qty hidden">
		
	  	<span class="secondary-qty-text"></span>
	</span>
	  	    </div>
	    </div>


	    

	    
	</div>
	<form class="form-product  quickview-btn-simple"
	  data-product-id="20354625_EA"
	  data-min-qty="1.0"
	  data-max-qty="999.0"
	  data-unit-type="ea"
	  data-cart-qty="1"
	  data-default-qty="1"
	  novalidate="novalidate"
	  promoCode=""
	  promoNumber=""
	  data-is-customized="false"
	  data-cart-url="/cart/product/20354625_EA"
	  data-csrf-token="5582ec01-90c0-448b-b4f7-e2cf68d9f8a0"
	  data-is-weighted-product="false">

	<div class="module-add-to-cart " data-change-type="plus" data-auto-edit="true" data-auto-add="true"
		 data-cart-ajax-url="/cart/updateCart">
		<div class="wrapper-add-to-cart-btn">
					<div class="module-add-to-cart-button-small">
							<button type="button" class="btn btn-secondary btn-add-to-cart " data-auid="add-to-cart-button" data-has-pts-badge="false" aria-label="Add Monster Noodle Snack, BBQ to cart">
										<span class="icon-cart"></span>
										<span class="add-to-cart-text">
											Add</span>
									</button>
									<button type="button" class="btn btn-secondary btn-edit-cart hidden " aria-label="Edit Cart">
										<span class="qty-in-cart"></span>
										<span class="edit-cart-text">
											<spring code="product.edit.text" />"
										</span>
									</button>
								<div class="add-list-parent add-list-module  bottom-add-list-module ">
	<button class="btn btn-inline-link btn-save-to-list  dark is-btn-animated" 
	  data-login-url="/account/login?productCode=20354625_EA" 
	  data-ajax-url="/restful/lists/all?productCode=20354625_EA" 
	  data-user-guest="Y" 
	  data-user-guest="Y" data-product-code="20354625_EA" 
	  data-delete-item="false"
	  aria-label="Add Monster Noodle Snack, BBQ to a List">
	  <span class="glyphicon glyphicon-th-list"></span>
	  <div class="list-cta-text  is-btn-animated">Add to List</div>
	</button>
	 
	<!-- this is the list HTML   -->
	<div class="save-to-list-popup  is-btn-animated animation-up dark" 
	  data-save-to-list-error="Can not get lists at this time. Please try again later."
	  data-product-name="Monster Noodle Snack, BBQ">
	  <div class="inner-container">
	  </div>
	  
	</div>
</div>

</div>
				</div>
			</div>


	<div class="module-plus-minus-buttons small hidden ">
			<button type="button" class="btn cart-change-qty" data-change-type="minus" data-auid="decrease-product-quantity" alt="Minus" aria-label="Minus">
				<span class="icon-minimize"></span>
			</button>
			<div class="plus-minus-input-wrapper">
				<input class="input-qty cart-change-qty" aria-label="Enter manual quantity" type="text" name="qty" title="Change quantity in cart"
							data-unit-type="ea"
							value="1ea" data-change-type="equals"
							maxlength="7">

						<span class="input-qty-pretty">
							<span class="input-qty-pretty-value">1</span>
							<span class="input-qty-pretty-unit"></span>
						</span>
					</div>

			<button type="button" class="btn cart-change-qty" data-change-type="plus" data-auid="increase-product-quantity" alt="Plus" aria-label="Plus">
				<span class="icon-plus-sign"></span>
			</button>

			<p class="deal-limit-reached hidden">Deal Limit Reached</p>

			<div class="tooltip-qty-error tooltip-qty-limit hidden">
				<p>
					Limit to
					&nbsp;
					999
					&nbsp;each&nbsp;
					per customer.</p>
			</div>
			<div class="tooltip-qty-error tooltip-round-error hidden">
				<p>
					We do not have this in the weight you wanted. We've rounded your order to the nearest weight increment we stock.</p>
			</div>
		</div>
	</form>

<!-- End Template: AddToCartSmall -->

</div>
</div>
<div class="item">
		









































	
	
		
		
		
		
			
		
	





























<div class="module-grocery-product quickview-simple  clicked" data-quickview-ajax-url="/p/20710525_EA/quickViewProduct" data-product-id="20710525_EA"  data-product-price="$4.98">
    
	
	
		<span class="subtitle"></span>
	

	<div class="product-page-hotspot">
	    <div class="product-cell quickview-button">
	  	    <div class="product-image ">
                
	  		    <img src="https://assets.shop.loblaws.ca/products/20710525/b1/en/front/20710525_front_a01.png" onerror="this.src='https://assets.shop.loblaws.ca/products/NoImage/b1/en/front/NoImage_front_a01_@2.png';" alt="Krinkle Cut Potato Chips, Sea Salt & Vinegar" />
                
	  			    
	  	        
                
                    
                

	  		    

	  		    

	  		    

	  		    <div class="hover-text-container">
	  			    <button href="#" tabindex="0" class="hover-text " aria-label="Quick View for Krinkle Cut Potato Chips, Sea Salt & Vinegar.">Quick View</button>
	  		    </div>
	  	    </div>
	    </div>

	    <div class="product-in-cart">
	  	    <div class="wrapper-product-in-cart">
	  		    <span>
	  			    In Cart
	  		    </span>
	  	    </div>
	    </div>

	    <div class="product-info">
	  	    <div class="product-name-wrapper">
	  		    <a href="/Food/Natural-%26-Organic/Pantry/Snacks-%26-Candy/Krinkle-Cut-Potato-Chips%2C-Sea-Salt-%26-Vinegar/p/20710525_EA" class="product-name" aria-label="Product page for Krinkle Cut Potato Chips, Sea Salt & Vinegar" >
	  			    <span class="js-product-entry-brand">Kettle&nbsp;</span>

	  			    

	  			    <span class="js-product-entry-name">Krinkle Cut Potato Chips, Sea Salt & Vinegar</span>

	  			    <span class="js-product-entry-size-detail">(397 g)</span>

	  		    </a>
	  	    </div>
	  	    
	  	    
	  		    
	  		    
	  			    



	
	
		
		<span class="ad-match-badge  hidden">Ad Match</span>
	

	  				
	  			        
	  					
	  				        
	  					
	  				
	  		    
	  	    

	  	    <div class="price">
			    <div class="price-wrapper no-discount  ">
				    <span class="reg-price  " aria-label="Regular Price: $4.98">
					    <span class="reg-price-text">$4.98</span>
					    
					    <sup class="reg-price-unit">ea</sup>
				    </span>
				    <span class="sale-price hidden" aria-label="Sale Price:">
					    <span class="sale-price-text"></span>
					    <sup class="sale-price-unit">ea</sup>
				    </span>
				    
				    <span class="secondary-price hidden">
					    
					    <span class="secondary-price-text" aria-label="Secondary Price:"></span>
				    </span>
			    </div>
	  	    </div>

	  	    <div class="qty">
	  		    <span class="reg-qty  ">
		
			
		  	
		  		<span class="sr-only">Sale Price Per Unit:</span>
        $1.25
        /
        100
        g
		  	
	  	
	</span>

	<span class="sale-qty hidden">
		
			
		  	
		  		<span class="sr-only">Sale Price Per Unit:</span>
        $1.25
        /
        100
        g
		  	
	  	
	</span>

	<span class="secondary-qty hidden">
		
	  	<span class="secondary-qty-text"></span>
	</span>
	  	    </div>
	    </div>


	    

	    
	</div>
	<form class="form-product  quickview-btn-simple"
	  data-product-id="20710525_EA"
	  data-min-qty="1.0"
	  data-max-qty="999.0"
	  data-unit-type="ea"
	  data-cart-qty="1"
	  data-default-qty="1"
	  novalidate="novalidate"
	  promoCode=""
	  promoNumber=""
	  data-is-customized="false"
	  data-cart-url="/cart/product/20710525_EA"
	  data-csrf-token="5582ec01-90c0-448b-b4f7-e2cf68d9f8a0"
	  data-is-weighted-product="false">

	<div class="module-add-to-cart " data-change-type="plus" data-auto-edit="true" data-auto-add="true"
		 data-cart-ajax-url="/cart/updateCart">
		<div class="wrapper-add-to-cart-btn">
					<div class="module-add-to-cart-button-small">
							<button type="button" class="btn btn-secondary btn-add-to-cart " data-auid="add-to-cart-button" data-has-pts-badge="false" aria-label="Add Krinkle Cut Potato Chips, Sea Salt & Vinegar to cart">
										<span class="icon-cart"></span>
										<span class="add-to-cart-text">
											Add</span>
									</button>
									<button type="button" class="btn btn-secondary btn-edit-cart hidden " aria-label="Edit Cart">
										<span class="qty-in-cart"></span>
										<span class="edit-cart-text">
											<spring code="product.edit.text" />"
										</span>
									</button>
								<div class="add-list-parent add-list-module  bottom-add-list-module ">
	<button class="btn btn-inline-link btn-save-to-list  dark is-btn-animated" 
	  data-login-url="/account/login?productCode=20710525_EA" 
	  data-ajax-url="/restful/lists/all?productCode=20710525_EA" 
	  data-user-guest="Y" 
	  data-user-guest="Y" data-product-code="20710525_EA" 
	  data-delete-item="false"
	  aria-label="Add Krinkle Cut Potato Chips, Sea Salt & Vinegar to a List">
	  <span class="glyphicon glyphicon-th-list"></span>
	  <div class="list-cta-text  is-btn-animated">Add to List</div>
	</button>
	 
	<!-- this is the list HTML   -->
	<div class="save-to-list-popup  is-btn-animated animation-up dark" 
	  data-save-to-list-error="Can not get lists at this time. Please try again later."
	  data-product-name="Krinkle Cut Potato Chips, Sea Salt & Vinegar">
	  <div class="inner-container">
	  </div>
	  
	</div>
</div>

</div>
				</div>
			</div>


	<div class="module-plus-minus-buttons small hidden ">
			<button type="button" class="btn cart-change-qty" data-change-type="minus" data-auid="decrease-product-quantity" alt="Minus" aria-label="Minus">
				<span class="icon-minimize"></span>
			</button>
			<div class="plus-minus-input-wrapper">
				<input class="input-qty cart-change-qty" aria-label="Enter manual quantity" type="text" name="qty" title="Change quantity in cart"
							data-unit-type="ea"
							value="1ea" data-change-type="equals"
							maxlength="7">

						<span class="input-qty-pretty">
							<span class="input-qty-pretty-value">1</span>
							<span class="input-qty-pretty-unit"></span>
						</span>
					</div>

			<button type="button" class="btn cart-change-qty" data-change-type="plus" data-auid="increase-product-quantity" alt="Plus" aria-label="Plus">
				<span class="icon-plus-sign"></span>
			</button>

			<p class="deal-limit-reached hidden">Deal Limit Reached</p>

			<div class="tooltip-qty-error tooltip-qty-limit hidden">
				<p>
					Limit to
					&nbsp;
					999
					&nbsp;each&nbsp;
					per customer.</p>
			</div>
			<div class="tooltip-qty-error tooltip-round-error hidden">
				<p>
					We do not have this in the weight you wanted. We've rounded your order to the nearest weight increment we stock.</p>
			</div>
		</div>
	</form>

<!-- End Template: AddToCartSmall -->

</div>
</div>
<div class="item">
		









































	
	
		
		
		
		
			
		
	





























<div class="module-grocery-product quickview-simple  clicked" data-quickview-ajax-url="/p/21060335_EA/quickViewProduct" data-product-id="21060335_EA"  data-product-price="$3.18">
    
	
	
		<span class="subtitle"></span>
	

	<div class="product-page-hotspot">
	    <div class="product-cell quickview-button">
	  	    <div class="product-image ">
                
	  		    <img src="https://assets.shop.loblaws.ca/products/21060335/b1/en/front/21060335_front_a01.png" onerror="this.src='https://assets.shop.loblaws.ca/products/NoImage/b1/en/front/NoImage_front_a01_@2.png';" alt="Corn Chips, Sonic Sour" />
                
	  			    
	  	        
                
                    
                

	  		    

	  		    

	  		    

	  		    <div class="hover-text-container">
	  			    <button href="#" tabindex="0" class="hover-text " aria-label="Quick View for Corn Chips, Sonic Sour.">Quick View</button>
	  		    </div>
	  	    </div>
	    </div>

	    <div class="product-in-cart">
	  	    <div class="wrapper-product-in-cart">
	  		    <span>
	  			    In Cart
	  		    </span>
	  	    </div>
	    </div>

	    <div class="product-info">
	  	    <div class="product-name-wrapper">
	  		    <a href="/Food/Pantry/Chips-%26-Salty-Snacks/Pretzels-%26-Snack-Mixes/Doritos-Corn-Chips%2C-Sonic-Sour/p/21060335_EA" class="product-name" aria-label="Product page for Corn Chips, Sonic Sour" >
	  			    <span class="js-product-entry-brand">Doritos&nbsp;</span>

	  			    

	  			    <span class="js-product-entry-name">Corn Chips, Sonic Sour</span>

	  			    <span class="js-product-entry-size-detail">(250 g)</span>

	  		    </a>
	  	    </div>
	  	    
	  	    
	  		    
	  		    
	  			    



	
	
		
		<span class="ad-match-badge  hidden">Ad Match</span>
	

	  				
	  			        
	  					
	  				        
	  					
	  				
	  		    
	  	    

	  	    <div class="price">
			    <div class="price-wrapper no-discount  ">
				    <span class="reg-price  " aria-label="Regular Price: $3.18">
					    <span class="reg-price-text">$3.18</span>
					    
					    <sup class="reg-price-unit">ea</sup>
				    </span>
				    <span class="sale-price hidden" aria-label="Sale Price:">
					    <span class="sale-price-text"></span>
					    <sup class="sale-price-unit">ea</sup>
				    </span>
				    
				    <span class="secondary-price hidden">
					    
					    <span class="secondary-price-text" aria-label="Secondary Price:"></span>
				    </span>
			    </div>
	  	    </div>

	  	    <div class="qty">
	  		    <span class="reg-qty  ">
		
			
		  	
		  		<span class="sr-only">Sale Price Per Unit:</span>
        $1.27
        /
        100
        g
		  	
	  	
	</span>

	<span class="sale-qty hidden">
		
			
		  	
		  		<span class="sr-only">Sale Price Per Unit:</span>
        $1.27
        /
        100
        g
		  	
	  	
	</span>

	<span class="secondary-qty hidden">
		
	  	<span class="secondary-qty-text"></span>
	</span>
	  	    </div>
	    </div>


	    

	    
	</div>
	<form class="form-product  quickview-btn-simple"
	  data-product-id="21060335_EA"
	  data-min-qty="1.0"
	  data-max-qty="999.0"
	  data-unit-type="ea"
	  data-cart-qty="1"
	  data-default-qty="1"
	  novalidate="novalidate"
	  promoCode=""
	  promoNumber=""
	  data-is-customized="false"
	  data-cart-url="/cart/product/21060335_EA"
	  data-csrf-token="5582ec01-90c0-448b-b4f7-e2cf68d9f8a0"
	  data-is-weighted-product="false">

	<div class="module-add-to-cart " data-change-type="plus" data-auto-edit="true" data-auto-add="true"
		 data-cart-ajax-url="/cart/updateCart">
		<div class="wrapper-add-to-cart-btn">
					<div class="module-add-to-cart-button-small">
							<button type="button" class="btn btn-secondary btn-add-to-cart " data-auid="add-to-cart-button" data-has-pts-badge="false" aria-label="Add Corn Chips, Sonic Sour to cart">
										<span class="icon-cart"></span>
										<span class="add-to-cart-text">
											Add</span>
									</button>
									<button type="button" class="btn btn-secondary btn-edit-cart hidden " aria-label="Edit Cart">
										<span class="qty-in-cart"></span>
										<span class="edit-cart-text">
											<spring code="product.edit.text" />"
										</span>
									</button>
								<div class="add-list-parent add-list-module  bottom-add-list-module ">
	<button class="btn btn-inline-link btn-save-to-list  dark is-btn-animated" 
	  data-login-url="/account/login?productCode=21060335_EA" 
	  data-ajax-url="/restful/lists/all?productCode=21060335_EA" 
	  data-user-guest="Y" 
	  data-user-guest="Y" data-product-code="21060335_EA" 
	  data-delete-item="false"
	  aria-label="Add Corn Chips, Sonic Sour to a List">
	  <span class="glyphicon glyphicon-th-list"></span>
	  <div class="list-cta-text  is-btn-animated">Add to List</div>
	</button>
	 
	<!-- this is the list HTML   -->
	<div class="save-to-list-popup  is-btn-animated animation-up dark" 
	  data-save-to-list-error="Can not get lists at this time. Please try again later."
	  data-product-name="Corn Chips, Sonic Sour">
	  <div class="inner-container">
	  </div>
	  
	</div>
</div>

</div>
				</div>
			</div>


	<div class="module-plus-minus-buttons small hidden ">
			<button type="button" class="btn cart-change-qty" data-change-type="minus" data-auid="decrease-product-quantity" alt="Minus" aria-label="Minus">
				<span class="icon-minimize"></span>
			</button>
			<div class="plus-minus-input-wrapper">
				<input class="input-qty cart-change-qty" aria-label="Enter manual quantity" type="text" name="qty" title="Change quantity in cart"
							data-unit-type="ea"
							value="1ea" data-change-type="equals"
							maxlength="7">

						<span class="input-qty-pretty">
							<span class="input-qty-pretty-value">1</span>
							<span class="input-qty-pretty-unit"></span>
						</span>
					</div>

			<button type="button" class="btn cart-change-qty" data-change-type="plus" data-auid="increase-product-quantity" alt="Plus" aria-label="Plus">
				<span class="icon-plus-sign"></span>
			</button>

			<p class="deal-limit-reached hidden">Deal Limit Reached</p>

			<div class="tooltip-qty-error tooltip-qty-limit hidden">
				<p>
					Limit to
					&nbsp;
					999
					&nbsp;each&nbsp;
					per customer.</p>
			</div>
			<div class="tooltip-qty-error tooltip-round-error hidden">
				<p>
					We do not have this in the weight you wanted. We've rounded your order to the nearest weight increment we stock.</p>
			</div>
		</div>
	</form>

<!-- End Template: AddToCartSmall -->

</div>
</div>
<div class="item">
		









































	
	
		
		
		
		
			
		
	





























<div class="module-grocery-product quickview-simple  clicked" data-quickview-ajax-url="/p/20972821_EA/quickViewProduct" data-product-id="20972821_EA"  data-product-price="$4.58">
    
	
	
		<span class="subtitle"></span>
	

	<div class="product-page-hotspot">
	    <div class="product-cell quickview-button">
	  	    <div class="product-image ">
                
	  		    <img src="https://assets.shop.loblaws.ca/products/20972821/b1/en/front/20972821_front_a01.png" onerror="this.src='https://assets.shop.loblaws.ca/products/NoImage/b1/en/front/NoImage_front_a01_@2.png';" alt="Tortilla Chips, Rounds" />
                
	  			    
	  	        
                
                    
                

	  		    

	  		    

	  		    

	  		    <div class="hover-text-container">
	  			    <button href="#" tabindex="0" class="hover-text " aria-label="Quick View for Tortilla Chips, Rounds.">Quick View</button>
	  		    </div>
	  	    </div>
	    </div>

	    <div class="product-in-cart">
	  	    <div class="wrapper-product-in-cart">
	  		    <span>
	  			    In Cart
	  		    </span>
	  	    </div>
	    </div>

	    <div class="product-info">
	  	    <div class="product-name-wrapper">
	  		    <a href="/Food/Pantry/Chips-%26-Salty-Snacks/Potato-Chips/Tostitos-Tortilla-Chips%2C-Rounds/p/20972821_EA" class="product-name" aria-label="Product page for Tortilla Chips, Rounds" >
	  			    <span class="js-product-entry-brand">Tostitos&nbsp;</span>

	  			    

	  			    <span class="js-product-entry-name">Tortilla Chips, Rounds</span>

	  			    <span class="js-product-entry-size-detail">(505 g)</span>

	  		    </a>
	  	    </div>
	  	    
	  	    
	  		    
	  		    
	  			    



	
	
		
		<span class="ad-match-badge  hidden">Ad Match</span>
	

	  				
	  			        
	  					
	  				        
	  					
	  				
	  		    
	  	    

	  	    <div class="price">
			    <div class="price-wrapper no-discount  ">
				    <span class="reg-price  " aria-label="Regular Price: $4.58">
					    <span class="reg-price-text">$4.58</span>
					    
					    <sup class="reg-price-unit">ea</sup>
				    </span>
				    <span class="sale-price hidden" aria-label="Sale Price:">
					    <span class="sale-price-text"></span>
					    <sup class="sale-price-unit">ea</sup>
				    </span>
				    
				    <span class="secondary-price hidden">
					    
					    <span class="secondary-price-text" aria-label="Secondary Price:"></span>
				    </span>
			    </div>
	  	    </div>

	  	    <div class="qty">
	  		    <span class="reg-qty  ">
		
			
		  	
		  		<span class="sr-only">Sale Price Per Unit:</span>
        $0.91
        /
        100
        g
		  	
	  	
	</span>

	<span class="sale-qty hidden">
		
			
		  	
		  		<span class="sr-only">Sale Price Per Unit:</span>
        $0.91
        /
        100
        g
		  	
	  	
	</span>

	<span class="secondary-qty hidden">
		
	  	<span class="secondary-qty-text"></span>
	</span>
	  	    </div>
	    </div>


	    

	    
	</div>
	<form class="form-product  quickview-btn-simple"
	  data-product-id="20972821_EA"
	  data-min-qty="1.0"
	  data-max-qty="999.0"
	  data-unit-type="ea"
	  data-cart-qty="1"
	  data-default-qty="1"
	  novalidate="novalidate"
	  promoCode=""
	  promoNumber=""
	  data-is-customized="false"
	  data-cart-url="/cart/product/20972821_EA"
	  data-csrf-token="5582ec01-90c0-448b-b4f7-e2cf68d9f8a0"
	  data-is-weighted-product="false">

	<div class="module-add-to-cart " data-change-type="plus" data-auto-edit="true" data-auto-add="true"
		 data-cart-ajax-url="/cart/updateCart">
		<div class="wrapper-add-to-cart-btn">
					<div class="module-add-to-cart-button-small">
							<button type="button" class="btn btn-secondary btn-add-to-cart " data-auid="add-to-cart-button" data-has-pts-badge="false" aria-label="Add Tortilla Chips, Rounds to cart">
										<span class="icon-cart"></span>
										<span class="add-to-cart-text">
											Add</span>
									</button>
									<button type="button" class="btn btn-secondary btn-edit-cart hidden " aria-label="Edit Cart">
										<span class="qty-in-cart"></span>
										<span class="edit-cart-text">
											<spring code="product.edit.text" />"
										</span>
									</button>
								<div class="add-list-parent add-list-module  bottom-add-list-module ">
	<button class="btn btn-inline-link btn-save-to-list  dark is-btn-animated" 
	  data-login-url="/account/login?productCode=20972821_EA" 
	  data-ajax-url="/restful/lists/all?productCode=20972821_EA" 
	  data-user-guest="Y" 
	  data-user-guest="Y" data-product-code="20972821_EA" 
	  data-delete-item="false"
	  aria-label="Add Tortilla Chips, Rounds to a List">
	  <span class="glyphicon glyphicon-th-list"></span>
	  <div class="list-cta-text  is-btn-animated">Add to List</div>
	</button>
	 
	<!-- this is the list HTML   -->
	<div class="save-to-list-popup  is-btn-animated animation-up dark" 
	  data-save-to-list-error="Can not get lists at this time. Please try again later."
	  data-product-name="Tortilla Chips, Rounds">
	  <div class="inner-container">
	  </div>
	  
	</div>
</div>

</div>
				</div>
			</div>


	<div class="module-plus-minus-buttons small hidden ">
			<button type="button" class="btn cart-change-qty" data-change-type="minus" data-auid="decrease-product-quantity" alt="Minus" aria-label="Minus">
				<span class="icon-minimize"></span>
			</button>
			<div class="plus-minus-input-wrapper">
				<input class="input-qty cart-change-qty" aria-label="Enter manual quantity" type="text" name="qty" title="Change quantity in cart"
							data-unit-type="ea"
							value="1ea" data-change-type="equals"
							maxlength="7">

						<span class="input-qty-pretty">
							<span class="input-qty-pretty-value">1</span>
							<span class="input-qty-pretty-unit"></span>
						</span>
					</div>

			<button type="button" class="btn cart-change-qty" data-change-type="plus" data-auid="increase-product-quantity" alt="Plus" aria-label="Plus">
				<span class="icon-plus-sign"></span>
			</button>

			<p class="deal-limit-reached hidden">Deal Limit Reached</p>

			<div class="tooltip-qty-error tooltip-qty-limit hidden">
				<p>
					Limit to
					&nbsp;
					999
					&nbsp;each&nbsp;
					per customer.</p>
			</div>
			<div class="tooltip-qty-error tooltip-round-error hidden">
				<p>
					We do not have this in the weight you wanted. We've rounded your order to the nearest weight increment we stock.</p>
			</div>
		</div>
	</form>

<!-- End Template: AddToCartSmall -->

</div>
</div>
<div class="item">
		






































	


	



	
	
		
		
		
		
			
		
	





























<div class="module-grocery-product quickview-simple  clicked" data-quickview-ajax-url="/p/20841921003_EA/quickViewProduct" data-product-id="20841921003_EA"  data-product-price="$1.68">
    
	
	
		<span class="subtitle"></span>
	

	<div class="product-page-hotspot">
	    <div class="product-cell quickview-button">
	  	    <div class="product-image ">
                
	  		    <img src="https://assets.shop.loblaws.ca/products/20841921003/b1/en/front/20841921003_front_a01.png" onerror="this.src='https://assets.shop.loblaws.ca/products/NoImage/b1/en/front/NoImage_front_a01_@2.png';" alt="Thick Cut Aged Cheddar And Onion Flavour Rippled Potato Chips" />
                
	  			    
	  			        <span class="sticker deal">
	  				        <span class="deal-badge">
	  				            
	  			                
	  				            

	  				            <span class="module-deal-badge module-deal-badge-grid simple-save-unit "
	  						        data-deal-type="SAVE $0.20"
	  						        data-ajax-promo-url="/simpleDeal/deals/product-tile?productCode=20841921003_EA"
	  						        data-deal-id="20841921003_EA">
	  						        <span class="deal-type">SAVE $0.20</span>
	  						            








	<span class="deal-expiry">
		Exp. 01/03
	</span>

	  					                
	  				            </span>
	  			            </span>
	  		            </span>
	  			        
	  	            
	  	        
                
                    
                

	  		    

	  		    

	  		    

	  		    <div class="hover-text-container">
	  			    <button href="#" tabindex="0" class="hover-text " aria-label="Quick View for Thick Cut Aged Cheddar And Onion Flavour Rippled Potato Chips.">Quick View</button>
	  		    </div>
	  	    </div>
	    </div>

	    <div class="product-in-cart">
	  	    <div class="wrapper-product-in-cart">
	  		    <span>
	  			    In Cart
	  		    </span>
	  	    </div>
	    </div>

	    <div class="product-info">
	  	    <div class="product-name-wrapper">
	  		    <a href="/Food/Pantry/Chips-%26-Salty-Snacks/Potato-Chips/President%27s-Choice-Thick-Cut-Aged-Cheddar-And-Onion-Flavour-Rippled-Potato-Chips/p/20841921003_EA" class="product-name" aria-label="Product page for Thick Cut Aged Cheddar And Onion Flavour Rippled Potato Chips" >
	  			    <span class="js-product-entry-brand">President's Choice&nbsp;</span>

	  			    

	  			    <span class="js-product-entry-name">Thick Cut Aged Cheddar And Onion Flavour Rippled Potato Chips</span>

	  			    <span class="js-product-entry-size-detail">(200 g)</span>

	  		    </a>
	  	    </div>
	  	    
	  	    
	  		    
	  		    
	  			    



	
	
		
		<span class="ad-match-badge  hidden">Ad Match</span>
	

	  				
	  			        
	  					
	  				        
	  					
	  				
	  		    
	  	    

	  	    <div class="price">
			    <div class="price-wrapper discount promo-alert ">
				    <span class="reg-price  price-alert" aria-label="Regular Price: $1.68">
					    <span class="reg-price-text">$1.68</span>
					    
					    <sup class="reg-price-unit">ea</sup>
				    </span>
				    <span class="sale-price hidden" aria-label="Sale Price:">
					    <span class="sale-price-text"></span>
					    <sup class="sale-price-unit">ea</sup>
				    </span>
				    
					    <span class="old-price" aria-label="Original Price: $1.88">
						    <span class="old-price-text">$1.88</span>
					    </span>
				    
				    <span class="secondary-price hidden">
					    
					    <span class="secondary-price-text" aria-label="Secondary Price:"></span>
				    </span>
			    </div>
	  	    </div>

	  	    <div class="qty">
	  		    <span class="reg-qty  price-alert">
		
			
		  	
		  		<span class="sr-only">Sale Price Per Unit:</span>
        $0.84
        /
        100
        g
		  	
	  	
	</span>

	<span class="sale-qty hidden">
		
			
		  	
		  		<span class="sr-only">Sale Price Per Unit:</span>
        $0.84
        /
        100
        g
		  	
	  	
	</span>

	<span class="secondary-qty hidden">
		
	  	<span class="secondary-qty-text"></span>
	</span>
	  	    </div>
	    </div>


	    

	    
	</div>
	<form class="form-product  quickview-btn-simple"
	  data-product-id="20841921003_EA"
	  data-min-qty="1.0"
	  data-max-qty="999.0"
	  data-unit-type="ea"
	  data-cart-qty="1"
	  data-default-qty="1"
	  novalidate="novalidate"
	  promoCode=""
	  promoNumber=""
	  data-is-customized="false"
	  data-cart-url="/cart/product/20841921003_EA"
	  data-csrf-token="5582ec01-90c0-448b-b4f7-e2cf68d9f8a0"
	  data-is-weighted-product="false">

	<div class="module-add-to-cart " data-change-type="plus" data-auto-edit="true" data-auto-add="true"
		 data-cart-ajax-url="/cart/updateCart">
		<div class="wrapper-add-to-cart-btn">
					<div class="module-add-to-cart-button-small">
							<button type="button" class="btn btn-secondary btn-add-to-cart " data-auid="add-to-cart-button" data-has-pts-badge="false" aria-label="Add Thick Cut Aged Cheddar And Onion Flavour Rippled Potato Chips to cart">
										<span class="icon-cart"></span>
										<span class="add-to-cart-text">
											Add</span>
									</button>
									<button type="button" class="btn btn-secondary btn-edit-cart hidden " aria-label="Edit Cart">
										<span class="qty-in-cart"></span>
										<span class="edit-cart-text">
											<spring code="product.edit.text" />"
										</span>
									</button>
								<div class="add-list-parent add-list-module  bottom-add-list-module ">
	<button class="btn btn-inline-link btn-save-to-list  dark is-btn-animated" 
	  data-login-url="/account/login?productCode=20841921003_EA" 
	  data-ajax-url="/restful/lists/all?productCode=20841921003_EA" 
	  data-user-guest="Y" 
	  data-user-guest="Y" data-product-code="20841921003_EA" 
	  data-delete-item="false"
	  aria-label="Add Thick Cut Aged Cheddar And Onion Flavour Rippled Potato Chips to a List">
	  <span class="glyphicon glyphicon-th-list"></span>
	  <div class="list-cta-text  is-btn-animated">Add to List</div>
	</button>
	 
	<!-- this is the list HTML   -->
	<div class="save-to-list-popup  is-btn-animated animation-up dark" 
	  data-save-to-list-error="Can not get lists at this time. Please try again later."
	  data-product-name="Thick Cut Aged Cheddar And Onion Flavour Rippled Potato Chips">
	  <div class="inner-container">
	  </div>
	  
	</div>
</div>

</div>
				</div>
			</div>


	<div class="module-plus-minus-buttons small hidden ">
			<button type="button" class="btn cart-change-qty" data-change-type="minus" data-auid="decrease-product-quantity" alt="Minus" aria-label="Minus">
				<span class="icon-minimize"></span>
			</button>
			<div class="plus-minus-input-wrapper">
				<input class="input-qty cart-change-qty" aria-label="Enter manual quantity" type="text" name="qty" title="Change quantity in cart"
							data-unit-type="ea"
							value="1ea" data-change-type="equals"
							maxlength="7">

						<span class="input-qty-pretty">
							<span class="input-qty-pretty-value">1</span>
							<span class="input-qty-pretty-unit"></span>
						</span>
					</div>

			<button type="button" class="btn cart-change-qty" data-change-type="plus" data-auid="increase-product-quantity" alt="Plus" aria-label="Plus">
				<span class="icon-plus-sign"></span>
			</button>

			<p class="deal-limit-reached hidden">Deal Limit Reached</p>

			<div class="tooltip-qty-error tooltip-qty-limit hidden">
				<p>
					Limit to
					&nbsp;
					999
					&nbsp;each&nbsp;
					per customer.</p>
			</div>
			<div class="tooltip-qty-error tooltip-round-error hidden">
				<p>
					We do not have this in the weight you wanted. We've rounded your order to the nearest weight increment we stock.</p>
			</div>
		</div>
	</form>

<!-- End Template: AddToCartSmall -->

</div>
</div>
<div class="item">
		






































	




	
	
		
		
		
		
			
		
	





























<div class="module-grocery-product quickview-simple  clicked" data-quickview-ajax-url="/p/21002466_EA/quickViewProduct" data-product-id="21002466_EA"  data-product-price="$1.88">
    
	
	
		<span class="subtitle"></span>
	

	<div class="product-page-hotspot">
	    <div class="product-cell quickview-button">
	  	    <div class="product-image ">
                
	  		    <img src="https://assets.shop.loblaws.ca/products/21002466/b1/en/front/21002466_front_a01.png" onerror="this.src='https://assets.shop.loblaws.ca/products/NoImage/b1/en/front/NoImage_front_a01_@2.png';" alt="Ketchup Potato Chips" />
                
	  			    
	  			        <span class="sticker deal">
	  				        <span class="deal-badge">
	  				            
	  			                
	  				            

	  				            <span class="module-deal-badge module-deal-badge-grid simple-save-unit "
	  						        data-deal-type="$1.88 LIMIT 4"
	  						        data-ajax-promo-url="/simpleDeal/deals/product-tile?productCode=21002466_EA"
	  						        data-deal-id="21002466_EA">
	  						        <span class="deal-type">$1.88 LIMIT 4</span>
	  						            








	<span class="deal-expiry">
		Exp. 12/27
	</span>

	  					                
	  				            </span>
	  			            </span>
	  		            </span>
	  			        
	  	            
	  	        
                
                    
                

	  		    

	  		    

	  		    

	  		    <div class="hover-text-container">
	  			    <button href="#" tabindex="0" class="hover-text " aria-label="Quick View for Ketchup Potato Chips.">Quick View</button>
	  		    </div>
	  	    </div>
	    </div>

	    <div class="product-in-cart">
	  	    <div class="wrapper-product-in-cart">
	  		    <span>
	  			    In Cart
	  		    </span>
	  	    </div>
	    </div>

	    <div class="product-info">
	  	    <div class="product-name-wrapper">
	  		    <a href="/Food/Pantry/Chips-%26-Salty-Snacks/Potato-Chips/Pringles-Ketchup-Potato-Chips/p/21002466_EA" class="product-name" aria-label="Product page for Ketchup Potato Chips" >
	  			    <span class="js-product-entry-brand">Pringles&nbsp;</span>

	  			    

	  			    <span class="js-product-entry-name">Ketchup Potato Chips</span>

	  			    <span class="js-product-entry-size-detail">(156 g)</span>

	  		    </a>
	  	    </div>
	  	    
	  	    
	  		    
	  		    
	  			    



	
	
		
		<span class="ad-match-badge  hidden">Ad Match</span>
	

	  				
	  			        
	  					
	  				        
	  					
	  				
	  		    
	  	    

	  	    <div class="price">
			    <div class="price-wrapper no-discount promo-alert ">
				    <span class="reg-price  price-alert" aria-label="Regular Price: $1.88">
					    <span class="reg-price-text">$1.88</span>
					    
					    <sup class="reg-price-unit">ea</sup>
				    </span>
				    <span class="sale-price hidden" aria-label="Sale Price:">
					    <span class="sale-price-text"></span>
					    <sup class="sale-price-unit">ea</sup>
				    </span>
				    
				    <span class="secondary-price hidden">
					    
					    <span class="secondary-price-text" aria-label="Secondary Price:"></span>
				    </span>
			    </div>
	  	    </div>

	  	    <div class="qty">
	  		    <span class="reg-qty  price-alert">
		
			
		  	
		  		<span class="sr-only">Sale Price Per Unit:</span>
        $1.21
        /
        100
        g
		  	
	  	
	</span>

	<span class="sale-qty hidden">
		
			
		  	
		  		<span class="sr-only">Sale Price Per Unit:</span>
        $1.21
        /
        100
        g
		  	
	  	
	</span>

	<span class="secondary-qty hidden">
		
	  	<span class="secondary-qty-text"></span>
	</span>
	  	    </div>
	    </div>


	    

	    
	</div>
	<form class="form-product  quickview-btn-simple"
	  data-product-id="21002466_EA"
	  data-min-qty="1.0"
	  data-max-qty="999.0"
	  data-unit-type="ea"
	  data-cart-qty="1"
	  data-default-qty="1"
	  novalidate="novalidate"
	  promoCode=""
	  promoNumber=""
	  data-is-customized="false"
	  data-cart-url="/cart/product/21002466_EA"
	  data-csrf-token="5582ec01-90c0-448b-b4f7-e2cf68d9f8a0"
	  data-is-weighted-product="false">

	<div class="module-add-to-cart " data-change-type="plus" data-auto-edit="true" data-auto-add="true"
		 data-cart-ajax-url="/cart/updateCart">
		<div class="wrapper-add-to-cart-btn">
					<div class="module-add-to-cart-button-small">
							<button type="button" class="btn btn-secondary btn-add-to-cart " data-auid="add-to-cart-button" data-has-pts-badge="false" aria-label="Add Ketchup Potato Chips to cart">
										<span class="icon-cart"></span>
										<span class="add-to-cart-text">
											Add</span>
									</button>
									<button type="button" class="btn btn-secondary btn-edit-cart hidden " aria-label="Edit Cart">
										<span class="qty-in-cart"></span>
										<span class="edit-cart-text">
											<spring code="product.edit.text" />"
										</span>
									</button>
								<div class="add-list-parent add-list-module  bottom-add-list-module ">
	<button class="btn btn-inline-link btn-save-to-list  dark is-btn-animated" 
	  data-login-url="/account/login?productCode=21002466_EA" 
	  data-ajax-url="/restful/lists/all?productCode=21002466_EA" 
	  data-user-guest="Y" 
	  data-user-guest="Y" data-product-code="21002466_EA" 
	  data-delete-item="false"
	  aria-label="Add Ketchup Potato Chips to a List">
	  <span class="glyphicon glyphicon-th-list"></span>
	  <div class="list-cta-text  is-btn-animated">Add to List</div>
	</button>
	 
	<!-- this is the list HTML   -->
	<div class="save-to-list-popup  is-btn-animated animation-up dark" 
	  data-save-to-list-error="Can not get lists at this time. Please try again later."
	  data-product-name="Ketchup Potato Chips">
	  <div class="inner-container">
	  </div>
	  
	</div>
</div>

</div>
				</div>
			</div>


	<div class="module-plus-minus-buttons small hidden ">
			<button type="button" class="btn cart-change-qty" data-change-type="minus" data-auid="decrease-product-quantity" alt="Minus" aria-label="Minus">
				<span class="icon-minimize"></span>
			</button>
			<div class="plus-minus-input-wrapper">
				<input class="input-qty cart-change-qty" aria-label="Enter manual quantity" type="text" name="qty" title="Change quantity in cart"
							data-unit-type="ea"
							value="1ea" data-change-type="equals"
							maxlength="7">

						<span class="input-qty-pretty">
							<span class="input-qty-pretty-value">1</span>
							<span class="input-qty-pretty-unit"></span>
						</span>
					</div>

			<button type="button" class="btn cart-change-qty" data-change-type="plus" data-auid="increase-product-quantity" alt="Plus" aria-label="Plus">
				<span class="icon-plus-sign"></span>
			</button>

			<p class="deal-limit-reached hidden">Deal Limit Reached</p>

			<div class="tooltip-qty-error tooltip-qty-limit hidden">
				<p>
					Limit to
					&nbsp;
					999
					&nbsp;each&nbsp;
					per customer.</p>
			</div>
			<div class="tooltip-qty-error tooltip-round-error hidden">
				<p>
					We do not have this in the weight you wanted. We've rounded your order to the nearest weight increment we stock.</p>
			</div>
		</div>
	</form>

<!-- End Template: AddToCartSmall -->

</div>
</div>
<div class="item">
		









































	
	
		
		
		
		
			
		
	





























<div class="module-grocery-product quickview-simple  clicked" data-quickview-ajax-url="/p/21050578_EA/quickViewProduct" data-product-id="21050578_EA"  data-product-price="$2.97">
    
	
	
		<span class="subtitle"></span>
	

	<div class="product-page-hotspot">
	    <div class="product-cell quickview-button">
	  	    <div class="product-image ">
                
	  		    <img src="https://assets.shop.loblaws.ca/products/21050578/b1/en/front/21050578_front_a01.png" onerror="this.src='https://assets.shop.loblaws.ca/products/NoImage/b1/en/front/NoImage_front_a01_@2.png';" alt="Tortilla Chips, Multigrain" />
                
	  			    
	  			        <span class="sticker deal">
	  				        <span class="deal-badge">
	  				            
	  			                
	  				            

	  				            <span class="module-deal-badge module-deal-badge-grid simple-save-unit "
	  						        data-deal-type="2 FOR $5.00"
	  						        data-ajax-promo-url="/simpleDeal/deals/product-tile?productCode=21050578_EA"
	  						        data-deal-id="21050578_EA">
	  						        <span class="deal-type">2 FOR $5.00</span>
	  						            








	<span class="deal-expiry">
		Exp. 12/19
	</span>

	  					                
	  				            </span>
	  			            </span>
	  		            </span>
	  			        
	  	            
	  	        
                
                    
                

	  		    

	  		    

	  		    

	  		    <div class="hover-text-container">
	  			    <button href="#" tabindex="0" class="hover-text " aria-label="Quick View for Tortilla Chips, Multigrain.">Quick View</button>
	  		    </div>
	  	    </div>
	    </div>

	    <div class="product-in-cart">
	  	    <div class="wrapper-product-in-cart">
	  		    <span>
	  			    In Cart
	  		    </span>
	  	    </div>
	    </div>

	    <div class="product-info">
	  	    <div class="product-name-wrapper">
	  		    <a href="/Food/Holiday/Appetizers/Chips-%26-Dips/Tostitos-Tortilla-Chips%2C-Multigrain/p/21050578_EA" class="product-name" aria-label="Product page for Tortilla Chips, Multigrain" >
	  			    <span class="js-product-entry-brand">Tostitos&nbsp;</span>

	  			    

	  			    <span class="js-product-entry-name">Tortilla Chips, Multigrain</span>

	  			    <span class="js-product-entry-size-detail">(270 g)</span>

	  		    </a>
	  	    </div>
	  	    
	  	    
	  		    
	  		    
	  			    



	
	
		
		<span class="ad-match-badge  hidden">Ad Match</span>
	

	  				
	  			        
	  					
	  				        
	  					
	  				
	  		    
	  	    

	  	    <div class="price">
			    <div class="price-wrapper no-discount  ">
				    <span class="reg-price  " aria-label="Regular Price: $2.97">
					    <span class="reg-price-text">$2.97</span>
					    
					    <sup class="reg-price-unit">ea</sup>
				    </span>
				    <span class="sale-price hidden" aria-label="Sale Price:">
					    <span class="sale-price-text"></span>
					    <sup class="sale-price-unit">ea</sup>
				    </span>
				    
				    <span class="secondary-price hidden">
					    
					    <span class="secondary-price-text" aria-label="Secondary Price:"></span>
				    </span>
			    </div>
	  	    </div>

	  	    <div class="qty">
	  		    <span class="reg-qty  ">
		
			
		  	
		  		<span class="sr-only">Sale Price Per Unit:</span>
        $1.10
        /
        100
        g
		  	
	  	
	</span>

	<span class="sale-qty hidden">
		
			
		  	
		  		<span class="sr-only">Sale Price Per Unit:</span>
        $1.10
        /
        100
        g
		  	
	  	
	</span>

	<span class="secondary-qty hidden">
		
	  	<span class="secondary-qty-text"></span>
	</span>
	  	    </div>
	    </div>


	    

	    
	</div>
	<form class="form-product  quickview-btn-simple"
	  data-product-id="21050578_EA"
	  data-min-qty="1.0"
	  data-max-qty="999.0"
	  data-unit-type="ea"
	  data-cart-qty="1"
	  data-default-qty="1"
	  novalidate="novalidate"
	  promoCode=""
	  promoNumber=""
	  data-is-customized="false"
	  data-cart-url="/cart/product/21050578_EA"
	  data-csrf-token="5582ec01-90c0-448b-b4f7-e2cf68d9f8a0"
	  data-is-weighted-product="false">

	<div class="module-add-to-cart " data-change-type="plus" data-auto-edit="true" data-auto-add="true"
		 data-cart-ajax-url="/cart/updateCart">
		<div class="wrapper-add-to-cart-btn">
					<div class="module-add-to-cart-button-small">
							<button type="button" class="btn btn-secondary btn-add-to-cart " data-auid="add-to-cart-button" data-has-pts-badge="false" aria-label="Add Tortilla Chips, Multigrain to cart">
										<span class="icon-cart"></span>
										<span class="add-to-cart-text">
											Add</span>
									</button>
									<button type="button" class="btn btn-secondary btn-edit-cart hidden " aria-label="Edit Cart">
										<span class="qty-in-cart"></span>
										<span class="edit-cart-text">
											<spring code="product.edit.text" />"
										</span>
									</button>
								<div class="add-list-parent add-list-module  bottom-add-list-module ">
	<button class="btn btn-inline-link btn-save-to-list  dark is-btn-animated" 
	  data-login-url="/account/login?productCode=21050578_EA" 
	  data-ajax-url="/restful/lists/all?productCode=21050578_EA" 
	  data-user-guest="Y" 
	  data-user-guest="Y" data-product-code="21050578_EA" 
	  data-delete-item="false"
	  aria-label="Add Tortilla Chips, Multigrain to a List">
	  <span class="glyphicon glyphicon-th-list"></span>
	  <div class="list-cta-text  is-btn-animated">Add to List</div>
	</button>
	 
	<!-- this is the list HTML   -->
	<div class="save-to-list-popup  is-btn-animated animation-up dark" 
	  data-save-to-list-error="Can not get lists at this time. Please try again later."
	  data-product-name="Tortilla Chips, Multigrain">
	  <div class="inner-container">
	  </div>
	  
	</div>
</div>

</div>
				</div>
			</div>


	<div class="module-plus-minus-buttons small hidden ">
			<button type="button" class="btn cart-change-qty" data-change-type="minus" data-auid="decrease-product-quantity" alt="Minus" aria-label="Minus">
				<span class="icon-minimize"></span>
			</button>
			<div class="plus-minus-input-wrapper">
				<input class="input-qty cart-change-qty" aria-label="Enter manual quantity" type="text" name="qty" title="Change quantity in cart"
							data-unit-type="ea"
							value="1ea" data-change-type="equals"
							maxlength="7">

						<span class="input-qty-pretty">
							<span class="input-qty-pretty-value">1</span>
							<span class="input-qty-pretty-unit"></span>
						</span>
					</div>

			<button type="button" class="btn cart-change-qty" data-change-type="plus" data-auid="increase-product-quantity" alt="Plus" aria-label="Plus">
				<span class="icon-plus-sign"></span>
			</button>

			<p class="deal-limit-reached hidden">Deal Limit Reached</p>

			<div class="tooltip-qty-error tooltip-qty-limit hidden">
				<p>
					Limit to
					&nbsp;
					999
					&nbsp;each&nbsp;
					per customer.</p>
			</div>
			<div class="tooltip-qty-error tooltip-round-error hidden">
				<p>
					We do not have this in the weight you wanted. We've rounded your order to the nearest weight increment we stock.</p>
			</div>
		</div>
	</form>

<!-- End Template: AddToCartSmall -->

</div>
</div>
<div class="item">
		









































	
	
		
		
		
		
			
		
	





























<div class="module-grocery-product quickview-simple  clicked" data-quickview-ajax-url="/p/21049831_EA/quickViewProduct" data-product-id="21049831_EA"  data-product-price="$3.27">
    
	
	
		<span class="subtitle"></span>
	

	<div class="product-page-hotspot">
	    <div class="product-cell quickview-button">
	  	    <div class="product-image ">
                
	  		    <img src="https://assets.shop.loblaws.ca/products/21049831/b1/en/front/21049831_front_a01.png" onerror="this.src='https://assets.shop.loblaws.ca/products/NoImage/b1/en/front/NoImage_front_a01_@2.png';" alt="Potato Chips, Sour Cream 'n Onion" />
                
	  			    
	  	        
                
                    
                

	  		    

	  		    

	  		    

	  		    <div class="hover-text-container">
	  			    <button href="#" tabindex="0" class="hover-text " aria-label="Quick View for Potato Chips, Sour Cream 'n Onion.">Quick View</button>
	  		    </div>
	  	    </div>
	    </div>

	    <div class="product-in-cart">
	  	    <div class="wrapper-product-in-cart">
	  		    <span>
	  			    In Cart
	  		    </span>
	  	    </div>
	    </div>

	    <div class="product-info">
	  	    <div class="product-name-wrapper">
	  		    <a href="/Food/Pantry/Chips-%26-Salty-Snacks/Potato-Chips/Ruffles-Potato-Chips%2C-Sour-Cream-%27n-Onion/p/21049831_EA" class="product-name" aria-label="Product page for Potato Chips, Sour Cream 'n Onion" >
	  			    

	  			    

	  			    <span class="js-product-entry-name">Potato Chips, Sour Cream 'n Onion</span>

	  			    <span class="js-product-entry-size-detail">(220 g)</span>

	  		    </a>
	  	    </div>
	  	    
	  	    
	  		    
	  		    
	  			    



	
	
		
		<span class="ad-match-badge  hidden">Ad Match</span>
	

	  				
	  			        
	  					
	  				        
	  					
	  				
	  		    
	  	    

	  	    <div class="price">
			    <div class="price-wrapper no-discount  ">
				    <span class="reg-price  " aria-label="Regular Price: $3.27">
					    <span class="reg-price-text">$3.27</span>
					    
					    <sup class="reg-price-unit">ea</sup>
				    </span>
				    <span class="sale-price hidden" aria-label="Sale Price:">
					    <span class="sale-price-text"></span>
					    <sup class="sale-price-unit">ea</sup>
				    </span>
				    
				    <span class="secondary-price hidden">
					    
					    <span class="secondary-price-text" aria-label="Secondary Price:"></span>
				    </span>
			    </div>
	  	    </div>

	  	    <div class="qty">
	  		    <span class="reg-qty  ">
		
			
		  	
		  		<span class="sr-only">Sale Price Per Unit:</span>
        $1.49
        /
        100
        g
		  	
	  	
	</span>

	<span class="sale-qty hidden">
		
			
		  	
		  		<span class="sr-only">Sale Price Per Unit:</span>
        $1.49
        /
        100
        g
		  	
	  	
	</span>

	<span class="secondary-qty hidden">
		
	  	<span class="secondary-qty-text"></span>
	</span>
	  	    </div>
	    </div>


	    

	    
	</div>
	<form class="form-product  quickview-btn-simple"
	  data-product-id="21049831_EA"
	  data-min-qty="1.0"
	  data-max-qty="999.0"
	  data-unit-type="ea"
	  data-cart-qty="1"
	  data-default-qty="1"
	  novalidate="novalidate"
	  promoCode=""
	  promoNumber=""
	  data-is-customized="false"
	  data-cart-url="/cart/product/21049831_EA"
	  data-csrf-token="5582ec01-90c0-448b-b4f7-e2cf68d9f8a0"
	  data-is-weighted-product="false">

	<div class="module-add-to-cart " data-change-type="plus" data-auto-edit="true" data-auto-add="true"
		 data-cart-ajax-url="/cart/updateCart">
		<div class="wrapper-add-to-cart-btn">
					<div class="module-add-to-cart-button-small">
							<button type="button" class="btn btn-secondary btn-add-to-cart " data-auid="add-to-cart-button" data-has-pts-badge="false" aria-label="Add Potato Chips, Sour Cream 'n Onion to cart">
										<span class="icon-cart"></span>
										<span class="add-to-cart-text">
											Add</span>
									</button>
									<button type="button" class="btn btn-secondary btn-edit-cart hidden " aria-label="Edit Cart">
										<span class="qty-in-cart"></span>
										<span class="edit-cart-text">
											<spring code="product.edit.text" />"
										</span>
									</button>
								<div class="add-list-parent add-list-module  bottom-add-list-module ">
	<button class="btn btn-inline-link btn-save-to-list  dark is-btn-animated" 
	  data-login-url="/account/login?productCode=21049831_EA" 
	  data-ajax-url="/restful/lists/all?productCode=21049831_EA" 
	  data-user-guest="Y" 
	  data-user-guest="Y" data-product-code="21049831_EA" 
	  data-delete-item="false"
	  aria-label="Add Potato Chips, Sour Cream 'n Onion to a List">
	  <span class="glyphicon glyphicon-th-list"></span>
	  <div class="list-cta-text  is-btn-animated">Add to List</div>
	</button>
	 
	<!-- this is the list HTML   -->
	<div class="save-to-list-popup  is-btn-animated animation-up dark" 
	  data-save-to-list-error="Can not get lists at this time. Please try again later."
	  data-product-name="Potato Chips, Sour Cream 'n Onion">
	  <div class="inner-container">
	  </div>
	  
	</div>
</div>

</div>
				</div>
			</div>


	<div class="module-plus-minus-buttons small hidden ">
			<button type="button" class="btn cart-change-qty" data-change-type="minus" data-auid="decrease-product-quantity" alt="Minus" aria-label="Minus">
				<span class="icon-minimize"></span>
			</button>
			<div class="plus-minus-input-wrapper">
				<input class="input-qty cart-change-qty" aria-label="Enter manual quantity" type="text" name="qty" title="Change quantity in cart"
							data-unit-type="ea"
							value="1ea" data-change-type="equals"
							maxlength="7">

						<span class="input-qty-pretty">
							<span class="input-qty-pretty-value">1</span>
							<span class="input-qty-pretty-unit"></span>
						</span>
					</div>

			<button type="button" class="btn cart-change-qty" data-change-type="plus" data-auid="increase-product-quantity" alt="Plus" aria-label="Plus">
				<span class="icon-plus-sign"></span>
			</button>

			<p class="deal-limit-reached hidden">Deal Limit Reached</p>

			<div class="tooltip-qty-error tooltip-qty-limit hidden">
				<p>
					Limit to
					&nbsp;
					999
					&nbsp;each&nbsp;
					per customer.</p>
			</div>
			<div class="tooltip-qty-error tooltip-round-error hidden">
				<p>
					We do not have this in the weight you wanted. We've rounded your order to the nearest weight increment we stock.</p>
			</div>
		</div>
	</form>

<!-- End Template: AddToCartSmall -->

</div>
</div>
<div class="item">
		









































	
	
		
		
		
		
			
		
	





























<div class="module-grocery-product quickview-simple  clicked" data-quickview-ajax-url="/p/21056996_EA/quickViewProduct" data-product-id="21056996_EA"  data-product-price="$4.98">
    
	
	
		<span class="subtitle"></span>
	

	<div class="product-page-hotspot">
	    <div class="product-cell quickview-button">
	  	    <div class="product-image ">
                
	  		    <img src="https://assets.shop.loblaws.ca/products/21056996/b1/en/front/21056996_front_a01.png" onerror="this.src='https://assets.shop.loblaws.ca/products/NoImage/b1/en/front/NoImage_front_a01_@2.png';" alt="Fresh is Best Salsa & Co. Tri-Flavour Corn Tortilla Chips" />
                
	  			    
	  			        <span class="sticker deal">
	  				        <span class="deal-badge">
	  				            
	  			                
	  				            

	  				            <span class="module-deal-badge module-deal-badge-grid simple-save-unit "
	  						        data-deal-type="2 FOR $8.96"
	  						        data-ajax-promo-url="/simpleDeal/deals/product-tile?productCode=21056996_EA"
	  						        data-deal-id="21056996_EA">
	  						        <span class="deal-type">2 FOR $8.96</span>
	  						            








	<span class="deal-expiry">
		Exp. 12/31
	</span>

	  					                
	  				            </span>
	  			            </span>
	  		            </span>
	  			        
	  	            
	  	        
                
                    
                

	  		    

	  		    

	  		    

	  		    <div class="hover-text-container">
	  			    <button href="#" tabindex="0" class="hover-text " aria-label="Quick View for Fresh is Best Salsa & Co. Tri-Flavour Corn Tortilla Chips.">Quick View</button>
	  		    </div>
	  	    </div>
	    </div>

	    <div class="product-in-cart">
	  	    <div class="wrapper-product-in-cart">
	  		    <span>
	  			    In Cart
	  		    </span>
	  	    </div>
	    </div>

	    <div class="product-info">
	  	    <div class="product-name-wrapper">
	  		    <a href="/Food/Pantry/Chips-%26-Salty-Snacks/Pretzels-%26-Snack-Mixes/Fresh-Is-Best-Salsa-%26-Co-Fresh-is-Best-Salsa-%26-Co-Tri-Flavour-Corn-Tortilla-Chips/p/21056996_EA" class="product-name" aria-label="Product page for Fresh is Best Salsa & Co. Tri-Flavour Corn Tortilla Chips" >
	  			    <span class="js-product-entry-brand">Fresh Is Best Salsa & Co&nbsp;</span>

	  			    

	  			    <span class="js-product-entry-name">Fresh is Best Salsa & Co. Tri-Flavour Corn Tortilla Chips</span>

	  			    <span class="js-product-entry-size-detail">(325 g)</span>

	  		    </a>
	  	    </div>
	  	    
	  	    
	  		    
	  		    
	  			    



	
	
		
		<span class="ad-match-badge  hidden">Ad Match</span>
	

	  				
	  			        
	  					
	  				        
	  					
	  				
	  		    
	  	    

	  	    <div class="price">
			    <div class="price-wrapper no-discount  ">
				    <span class="reg-price  " aria-label="Regular Price: $4.98">
					    <span class="reg-price-text">$4.98</span>
					    
					    <sup class="reg-price-unit">ea</sup>
				    </span>
				    <span class="sale-price hidden" aria-label="Sale Price:">
					    <span class="sale-price-text"></span>
					    <sup class="sale-price-unit">ea</sup>
				    </span>
				    
				    <span class="secondary-price hidden">
					    
					    <span class="secondary-price-text" aria-label="Secondary Price:"></span>
				    </span>
			    </div>
	  	    </div>

	  	    <div class="qty">
	  		    <span class="reg-qty  ">
		
			
		  	
		  		<span class="sr-only">Sale Price Per Unit:</span>
        $1.53
        /
        100
        g
		  	
	  	
	</span>

	<span class="sale-qty hidden">
		
			
		  	
		  		<span class="sr-only">Sale Price Per Unit:</span>
        $1.53
        /
        100
        g
		  	
	  	
	</span>

	<span class="secondary-qty hidden">
		
	  	<span class="secondary-qty-text"></span>
	</span>
	  	    </div>
	    </div>


	    

	    
	</div>
	<form class="form-product  quickview-btn-simple"
	  data-product-id="21056996_EA"
	  data-min-qty="1.0"
	  data-max-qty="999.0"
	  data-unit-type="ea"
	  data-cart-qty="1"
	  data-default-qty="1"
	  novalidate="novalidate"
	  promoCode=""
	  promoNumber=""
	  data-is-customized="false"
	  data-cart-url="/cart/product/21056996_EA"
	  data-csrf-token="5582ec01-90c0-448b-b4f7-e2cf68d9f8a0"
	  data-is-weighted-product="false">

	<div class="module-add-to-cart " data-change-type="plus" data-auto-edit="true" data-auto-add="true"
		 data-cart-ajax-url="/cart/updateCart">
		<div class="wrapper-add-to-cart-btn">
					<div class="module-add-to-cart-button-small">
							<button type="button" class="btn btn-secondary btn-add-to-cart " data-auid="add-to-cart-button" data-has-pts-badge="false" aria-label="Add Fresh is Best Salsa & Co. Tri-Flavour Corn Tortilla Chips to cart">
										<span class="icon-cart"></span>
										<span class="add-to-cart-text">
											Add</span>
									</button>
									<button type="button" class="btn btn-secondary btn-edit-cart hidden " aria-label="Edit Cart">
										<span class="qty-in-cart"></span>
										<span class="edit-cart-text">
											<spring code="product.edit.text" />"
										</span>
									</button>
								<div class="add-list-parent add-list-module  bottom-add-list-module ">
	<button class="btn btn-inline-link btn-save-to-list  dark is-btn-animated" 
	  data-login-url="/account/login?productCode=21056996_EA" 
	  data-ajax-url="/restful/lists/all?productCode=21056996_EA" 
	  data-user-guest="Y" 
	  data-user-guest="Y" data-product-code="21056996_EA" 
	  data-delete-item="false"
	  aria-label="Add Fresh is Best Salsa & Co. Tri-Flavour Corn Tortilla Chips to a List">
	  <span class="glyphicon glyphicon-th-list"></span>
	  <div class="list-cta-text  is-btn-animated">Add to List</div>
	</button>
	 
	<!-- this is the list HTML   -->
	<div class="save-to-list-popup  is-btn-animated animation-up dark" 
	  data-save-to-list-error="Can not get lists at this time. Please try again later."
	  data-product-name="Fresh is Best Salsa & Co. Tri-Flavour Corn Tortilla Chips">
	  <div class="inner-container">
	  </div>
	  
	</div>
</div>

</div>
				</div>
			</div>


	<div class="module-plus-minus-buttons small hidden ">
			<button type="button" class="btn cart-change-qty" data-change-type="minus" data-auid="decrease-product-quantity" alt="Minus" aria-label="Minus">
				<span class="icon-minimize"></span>
			</button>
			<div class="plus-minus-input-wrapper">
				<input class="input-qty cart-change-qty" aria-label="Enter manual quantity" type="text" name="qty" title="Change quantity in cart"
							data-unit-type="ea"
							value="1ea" data-change-type="equals"
							maxlength="7">

						<span class="input-qty-pretty">
							<span class="input-qty-pretty-value">1</span>
							<span class="input-qty-pretty-unit"></span>
						</span>
					</div>

			<button type="button" class="btn cart-change-qty" data-change-type="plus" data-auid="increase-product-quantity" alt="Plus" aria-label="Plus">
				<span class="icon-plus-sign"></span>
			</button>

			<p class="deal-limit-reached hidden">Deal Limit Reached</p>

			<div class="tooltip-qty-error tooltip-qty-limit hidden">
				<p>
					Limit to
					&nbsp;
					999
					&nbsp;each&nbsp;
					per customer.</p>
			</div>
			<div class="tooltip-qty-error tooltip-round-error hidden">
				<p>
					We do not have this in the weight you wanted. We've rounded your order to the nearest weight increment we stock.</p>
			</div>
		</div>
	</form>

<!-- End Template: AddToCartSmall -->

</div>
</div>
<div class="item">
		






































	




	
	
		
		
		
		
			
		
	





























<div class="module-grocery-product quickview-simple  clicked" data-quickview-ajax-url="/p/21006916_EA/quickViewProduct" data-product-id="21006916_EA"  data-product-price="$1.88">
    
	
	
		<span class="subtitle"></span>
	

	<div class="product-page-hotspot">
	    <div class="product-cell quickview-button">
	  	    <div class="product-image ">
                
	  		    <img src="https://assets.shop.loblaws.ca/products/21006916/b1/en/front/21006916_front_a01.png" onerror="this.src='https://assets.shop.loblaws.ca/products/NoImage/b1/en/front/NoImage_front_a01_@2.png';" alt="Cheddar Cheese Flavour Potato Chips" />
                
	  			    
	  			        <span class="sticker deal">
	  				        <span class="deal-badge">
	  				            
	  			                
	  				            

	  				            <span class="module-deal-badge module-deal-badge-grid simple-save-unit "
	  						        data-deal-type="$1.88 LIMIT 4"
	  						        data-ajax-promo-url="/simpleDeal/deals/product-tile?productCode=21006916_EA"
	  						        data-deal-id="21006916_EA">
	  						        <span class="deal-type">$1.88 LIMIT 4</span>
	  						            








	<span class="deal-expiry">
		Exp. 12/27
	</span>

	  					                
	  				            </span>
	  			            </span>
	  		            </span>
	  			        
	  	            
	  	        
                
                    
                

	  		    

	  		    

	  		    

	  		    <div class="hover-text-container">
	  			    <button href="#" tabindex="0" class="hover-text " aria-label="Quick View for Cheddar Cheese Flavour Potato Chips.">Quick View</button>
	  		    </div>
	  	    </div>
	    </div>

	    <div class="product-in-cart">
	  	    <div class="wrapper-product-in-cart">
	  		    <span>
	  			    In Cart
	  		    </span>
	  	    </div>
	    </div>

	    <div class="product-info">
	  	    <div class="product-name-wrapper">
	  		    <a href="/Food/Pantry/Chips-%26-Salty-Snacks/Potato-Chips/Pringles-Cheddar-Cheese-Flavour-Potato-Chips/p/21006916_EA" class="product-name" aria-label="Product page for Cheddar Cheese Flavour Potato Chips" >
	  			    <span class="js-product-entry-brand">Pringles&nbsp;</span>

	  			    

	  			    <span class="js-product-entry-name">Cheddar Cheese Flavour Potato Chips</span>

	  			    <span class="js-product-entry-size-detail">(156 g)</span>

	  		    </a>
	  	    </div>
	  	    
	  	    
	  		    
	  		    
	  			    



	
	
		
		<span class="ad-match-badge  hidden">Ad Match</span>
	

	  				
	  			        
	  					
	  				        
	  					
	  				
	  		    
	  	    

	  	    <div class="price">
			    <div class="price-wrapper no-discount promo-alert ">
				    <span class="reg-price  price-alert" aria-label="Regular Price: $1.88">
					    <span class="reg-price-text">$1.88</span>
					    
					    <sup class="reg-price-unit">ea</sup>
				    </span>
				    <span class="sale-price hidden" aria-label="Sale Price:">
					    <span class="sale-price-text"></span>
					    <sup class="sale-price-unit">ea</sup>
				    </span>
				    
				    <span class="secondary-price hidden">
					    
					    <span class="secondary-price-text" aria-label="Secondary Price:"></span>
				    </span>
			    </div>
	  	    </div>

	  	    <div class="qty">
	  		    <span class="reg-qty  price-alert">
		
			
		  	
		  		<span class="sr-only">Sale Price Per Unit:</span>
        $1.21
        /
        100
        g
		  	
	  	
	</span>

	<span class="sale-qty hidden">
		
			
		  	
		  		<span class="sr-only">Sale Price Per Unit:</span>
        $1.21
        /
        100
        g
		  	
	  	
	</span>

	<span class="secondary-qty hidden">
		
	  	<span class="secondary-qty-text"></span>
	</span>
	  	    </div>
	    </div>


	    

	    
	</div>
	<form class="form-product  quickview-btn-simple"
	  data-product-id="21006916_EA"
	  data-min-qty="1.0"
	  data-max-qty="999.0"
	  data-unit-type="ea"
	  data-cart-qty="1"
	  data-default-qty="1"
	  novalidate="novalidate"
	  promoCode=""
	  promoNumber=""
	  data-is-customized="false"
	  data-cart-url="/cart/product/21006916_EA"
	  data-csrf-token="5582ec01-90c0-448b-b4f7-e2cf68d9f8a0"
	  data-is-weighted-product="false">

	<div class="module-add-to-cart " data-change-type="plus" data-auto-edit="true" data-auto-add="true"
		 data-cart-ajax-url="/cart/updateCart">
		<div class="wrapper-add-to-cart-btn">
					<div class="module-add-to-cart-button-small">
							<button type="button" class="btn btn-secondary btn-add-to-cart " data-auid="add-to-cart-button" data-has-pts-badge="false" aria-label="Add Cheddar Cheese Flavour Potato Chips to cart">
										<span class="icon-cart"></span>
										<span class="add-to-cart-text">
											Add</span>
									</button>
									<button type="button" class="btn btn-secondary btn-edit-cart hidden " aria-label="Edit Cart">
										<span class="qty-in-cart"></span>
										<span class="edit-cart-text">
											<spring code="product.edit.text" />"
										</span>
									</button>
								<div class="add-list-parent add-list-module  bottom-add-list-module ">
	<button class="btn btn-inline-link btn-save-to-list  dark is-btn-animated" 
	  data-login-url="/account/login?productCode=21006916_EA" 
	  data-ajax-url="/restful/lists/all?productCode=21006916_EA" 
	  data-user-guest="Y" 
	  data-user-guest="Y" data-product-code="21006916_EA" 
	  data-delete-item="false"
	  aria-label="Add Cheddar Cheese Flavour Potato Chips to a List">
	  <span class="glyphicon glyphicon-th-list"></span>
	  <div class="list-cta-text  is-btn-animated">Add to List</div>
	</button>
	 
	<!-- this is the list HTML   -->
	<div class="save-to-list-popup  is-btn-animated animation-up dark" 
	  data-save-to-list-error="Can not get lists at this time. Please try again later."
	  data-product-name="Cheddar Cheese Flavour Potato Chips">
	  <div class="inner-container">
	  </div>
	  
	</div>
</div>

</div>
				</div>
			</div>


	<div class="module-plus-minus-buttons small hidden ">
			<button type="button" class="btn cart-change-qty" data-change-type="minus" data-auid="decrease-product-quantity" alt="Minus" aria-label="Minus">
				<span class="icon-minimize"></span>
			</button>
			<div class="plus-minus-input-wrapper">
				<input class="input-qty cart-change-qty" aria-label="Enter manual quantity" type="text" name="qty" title="Change quantity in cart"
							data-unit-type="ea"
							value="1ea" data-change-type="equals"
							maxlength="7">

						<span class="input-qty-pretty">
							<span class="input-qty-pretty-value">1</span>
							<span class="input-qty-pretty-unit"></span>
						</span>
					</div>

			<button type="button" class="btn cart-change-qty" data-change-type="plus" data-auid="increase-product-quantity" alt="Plus" aria-label="Plus">
				<span class="icon-plus-sign"></span>
			</button>

			<p class="deal-limit-reached hidden">Deal Limit Reached</p>

			<div class="tooltip-qty-error tooltip-qty-limit hidden">
				<p>
					Limit to
					&nbsp;
					999
					&nbsp;each&nbsp;
					per customer.</p>
			</div>
			<div class="tooltip-qty-error tooltip-round-error hidden">
				<p>
					We do not have this in the weight you wanted. We've rounded your order to the nearest weight increment we stock.</p>
			</div>
		</div>
	</form>

<!-- End Template: AddToCartSmall -->

</div>
</div>
<div class="item">
		









































	
	
		
		
		
		
			
		
	





























<div class="module-grocery-product quickview-simple  clicked" data-quickview-ajax-url="/p/21071643_EA/quickViewProduct" data-product-id="21071643_EA"  data-product-price="$5.98">
    
	
	
		<span class="subtitle"></span>
	

	<div class="product-page-hotspot">
	    <div class="product-cell quickview-button">
	  	    <div class="product-image ">
                
	  		    <img src="https://assets.shop.loblaws.ca/products/21071643/b1/en/front/21071643_front_a01.png" onerror="this.src='https://assets.shop.loblaws.ca/products/NoImage/b1/en/front/NoImage_front_a01_@2.png';" alt="Rippled Potato Chips Loads of All Dressed Flavour Club Size" />
                
	  			    
	  	        
                
                    
                

	  		    

	  		    

	  		    

	  		    <div class="hover-text-container">
	  			    <button href="#" tabindex="0" class="hover-text " aria-label="Quick View for Rippled Potato Chips Loads of All Dressed Flavour Club Size.">Quick View</button>
	  		    </div>
	  	    </div>
	    </div>

	    <div class="product-in-cart">
	  	    <div class="wrapper-product-in-cart">
	  		    <span>
	  			    In Cart
	  		    </span>
	  	    </div>
	    </div>

	    <div class="product-info">
	  	    <div class="product-name-wrapper">
	  		    <a href="/Food/Pantry/Chips-%26-Salty-Snacks/Potato-Chips/President%27s-Choice-Rippled-Potato-Chips-Loads-of-All-Dressed-Flavour-Club-Size/p/21071643_EA" class="product-name" aria-label="Product page for Rippled Potato Chips Loads of All Dressed Flavour Club Size" >
	  			    <span class="js-product-entry-brand">President's Choice&nbsp;</span>

	  			    

	  			    <span class="js-product-entry-name">Rippled Potato Chips Loads of All Dressed Flavour Club Size</span>

	  			    <span class="js-product-entry-size-detail">(750 g)</span>

	  		    </a>
	  	    </div>
	  	    
	  	    
	  		    
	  		    
	  			    



	
	
		
		<span class="ad-match-badge  hidden">Ad Match</span>
	

	  				
	  			        
	  					
	  				        
	  					
	  				
	  		    
	  	    

	  	    <div class="price">
			    <div class="price-wrapper no-discount  ">
				    <span class="reg-price  " aria-label="Regular Price: $5.98">
					    <span class="reg-price-text">$5.98</span>
					    
					    <sup class="reg-price-unit">ea</sup>
				    </span>
				    <span class="sale-price hidden" aria-label="Sale Price:">
					    <span class="sale-price-text"></span>
					    <sup class="sale-price-unit">ea</sup>
				    </span>
				    
				    <span class="secondary-price hidden">
					    
					    <span class="secondary-price-text" aria-label="Secondary Price:"></span>
				    </span>
			    </div>
	  	    </div>

	  	    <div class="qty">
	  		    <span class="reg-qty  ">
		
			
		  	
		  		<span class="sr-only">Sale Price Per Unit:</span>
        $0.80
        /
        100
        g
		  	
	  	
	</span>

	<span class="sale-qty hidden">
		
			
		  	
		  		<span class="sr-only">Sale Price Per Unit:</span>
        $0.80
        /
        100
        g
		  	
	  	
	</span>

	<span class="secondary-qty hidden">
		
	  	<span class="secondary-qty-text"></span>
	</span>
	  	    </div>
	    </div>


	    

	    
	</div>
	<form class="form-product  quickview-btn-simple"
	  data-product-id="21071643_EA"
	  data-min-qty="1.0"
	  data-max-qty="999.0"
	  data-unit-type="ea"
	  data-cart-qty="1"
	  data-default-qty="1"
	  novalidate="novalidate"
	  promoCode=""
	  promoNumber=""
	  data-is-customized="false"
	  data-cart-url="/cart/product/21071643_EA"
	  data-csrf-token="5582ec01-90c0-448b-b4f7-e2cf68d9f8a0"
	  data-is-weighted-product="false">

	<div class="module-add-to-cart " data-change-type="plus" data-auto-edit="true" data-auto-add="true"
		 data-cart-ajax-url="/cart/updateCart">
		<div class="wrapper-add-to-cart-btn">
					<div class="module-add-to-cart-button-small">
							<button type="button" class="btn btn-secondary btn-add-to-cart " data-auid="add-to-cart-button" data-has-pts-badge="false" aria-label="Add Rippled Potato Chips Loads of All Dressed Flavour Club Size to cart">
										<span class="icon-cart"></span>
										<span class="add-to-cart-text">
											Add</span>
									</button>
									<button type="button" class="btn btn-secondary btn-edit-cart hidden " aria-label="Edit Cart">
										<span class="qty-in-cart"></span>
										<span class="edit-cart-text">
											<spring code="product.edit.text" />"
										</span>
									</button>
								<div class="add-list-parent add-list-module  bottom-add-list-module ">
	<button class="btn btn-inline-link btn-save-to-list  dark is-btn-animated" 
	  data-login-url="/account/login?productCode=21071643_EA" 
	  data-ajax-url="/restful/lists/all?productCode=21071643_EA" 
	  data-user-guest="Y" 
	  data-user-guest="Y" data-product-code="21071643_EA" 
	  data-delete-item="false"
	  aria-label="Add Rippled Potato Chips Loads of All Dressed Flavour Club Size to a List">
	  <span class="glyphicon glyphicon-th-list"></span>
	  <div class="list-cta-text  is-btn-animated">Add to List</div>
	</button>
	 
	<!-- this is the list HTML   -->
	<div class="save-to-list-popup  is-btn-animated animation-up dark" 
	  data-save-to-list-error="Can not get lists at this time. Please try again later."
	  data-product-name="Rippled Potato Chips Loads of All Dressed Flavour Club Size">
	  <div class="inner-container">
	  </div>
	  
	</div>
</div>

</div>
				</div>
			</div>


	<div class="module-plus-minus-buttons small hidden ">
			<button type="button" class="btn cart-change-qty" data-change-type="minus" data-auid="decrease-product-quantity" alt="Minus" aria-label="Minus">
				<span class="icon-minimize"></span>
			</button>
			<div class="plus-minus-input-wrapper">
				<input class="input-qty cart-change-qty" aria-label="Enter manual quantity" type="text" name="qty" title="Change quantity in cart"
							data-unit-type="ea"
							value="1ea" data-change-type="equals"
							maxlength="7">

						<span class="input-qty-pretty">
							<span class="input-qty-pretty-value">1</span>
							<span class="input-qty-pretty-unit"></span>
						</span>
					</div>

			<button type="button" class="btn cart-change-qty" data-change-type="plus" data-auid="increase-product-quantity" alt="Plus" aria-label="Plus">
				<span class="icon-plus-sign"></span>
			</button>

			<p class="deal-limit-reached hidden">Deal Limit Reached</p>

			<div class="tooltip-qty-error tooltip-qty-limit hidden">
				<p>
					Limit to
					&nbsp;
					999
					&nbsp;each&nbsp;
					per customer.</p>
			</div>
			<div class="tooltip-qty-error tooltip-round-error hidden">
				<p>
					We do not have this in the weight you wanted. We've rounded your order to the nearest weight increment we stock.</p>
			</div>
		</div>
	</form>

<!-- End Template: AddToCartSmall -->

</div>
</div>
<div class="item">
		









































	
	
		
		
		
		
			
		
	





























<div class="module-grocery-product quickview-simple  clicked" data-quickview-ajax-url="/p/20866838_EA/quickViewProduct" data-product-id="20866838_EA"  data-product-price="$0.98">
    
	
	
		<span class="subtitle"></span>
	

	<div class="product-page-hotspot">
	    <div class="product-cell quickview-button">
	  	    <div class="product-image ">
                
	  		    <img src="https://assets.shop.loblaws.ca/products/20866838/b1/en/front/20866838_front_a01.png" onerror="this.src='https://assets.shop.loblaws.ca/products/NoImage/b1/en/front/NoImage_front_a01_@2.png';" alt="Roasted Seaweed" />
                
	  			    
	  			        <span class="sticker deal">
	  				        <span class="deal-badge">
	  				            
	  			                
	  				            

	  				            <span class="module-deal-badge module-deal-badge-grid simple-save-unit "
	  						        data-deal-type="4 FOR $3.52"
	  						        data-ajax-promo-url="/simpleDeal/deals/product-tile?productCode=20866838_EA"
	  						        data-deal-id="20866838_EA">
	  						        <span class="deal-type">4 FOR $3.52</span>
	  						            








	<span class="deal-expiry">
		Exp. 12/31
	</span>

	  					                
	  				            </span>
	  			            </span>
	  		            </span>
	  			        
	  	            
	  	        
                
                    
                

	  		    

	  		    

	  		    

	  		    <div class="hover-text-container">
	  			    <button href="#" tabindex="0" class="hover-text " aria-label="Quick View for Roasted Seaweed.">Quick View</button>
	  		    </div>
	  	    </div>
	    </div>

	    <div class="product-in-cart">
	  	    <div class="wrapper-product-in-cart">
	  		    <span>
	  			    In Cart
	  		    </span>
	  	    </div>
	    </div>

	    <div class="product-info">
	  	    <div class="product-name-wrapper">
	  		    <a href="/Food/Pantry/Chips-%26-Salty-Snacks/Potato-Chips/Rooster-Roasted-Seaweed/p/20866838_EA" class="product-name" aria-label="Product page for Roasted Seaweed" >
	  			    <span class="js-product-entry-brand">Rooster&nbsp;</span>

	  			    

	  			    <span class="js-product-entry-name">Roasted Seaweed</span>

	  			    <span class="js-product-entry-size-detail">(3x5g)</span>

	  		    </a>
	  	    </div>
	  	    
	  	    
	  		    
	  		    
	  			    



	
	
		
		<span class="ad-match-badge  hidden">Ad Match</span>
	

	  				
	  			        
	  					
	  				        
	  					
	  				
	  		    
	  	    

	  	    <div class="price">
			    <div class="price-wrapper no-discount  ">
				    <span class="reg-price  " aria-label="Regular Price: $0.98">
					    <span class="reg-price-text">$0.98</span>
					    
					    <sup class="reg-price-unit">ea</sup>
				    </span>
				    <span class="sale-price hidden" aria-label="Sale Price:">
					    <span class="sale-price-text"></span>
					    <sup class="sale-price-unit">ea</sup>
				    </span>
				    
				    <span class="secondary-price hidden">
					    
					    <span class="secondary-price-text" aria-label="Secondary Price:"></span>
				    </span>
			    </div>
	  	    </div>

	  	    <div class="qty">
	  		    <span class="reg-qty  ">
		
			
		  	
		  		<span class="sr-only">Sale Price Per Unit:</span>
        $6.53
        /
        100
        g
		  	
	  	
	</span>

	<span class="sale-qty hidden">
		
			
		  	
		  		<span class="sr-only">Sale Price Per Unit:</span>
        $6.53
        /
        100
        g
		  	
	  	
	</span>

	<span class="secondary-qty hidden">
		
	  	<span class="secondary-qty-text"></span>
	</span>
	  	    </div>
	    </div>


	    

	    
	</div>
	<form class="form-product  quickview-btn-simple"
	  data-product-id="20866838_EA"
	  data-min-qty="1.0"
	  data-max-qty="999.0"
	  data-unit-type="ea"
	  data-cart-qty="1"
	  data-default-qty="1"
	  novalidate="novalidate"
	  promoCode=""
	  promoNumber=""
	  data-is-customized="false"
	  data-cart-url="/cart/product/20866838_EA"
	  data-csrf-token="5582ec01-90c0-448b-b4f7-e2cf68d9f8a0"
	  data-is-weighted-product="false">

	<div class="module-add-to-cart " data-change-type="plus" data-auto-edit="true" data-auto-add="true"
		 data-cart-ajax-url="/cart/updateCart">
		<div class="wrapper-add-to-cart-btn">
					<div class="module-add-to-cart-button-small">
							<button type="button" class="btn btn-secondary btn-add-to-cart " data-auid="add-to-cart-button" data-has-pts-badge="false" aria-label="Add Roasted Seaweed to cart">
										<span class="icon-cart"></span>
										<span class="add-to-cart-text">
											Add</span>
									</button>
									<button type="button" class="btn btn-secondary btn-edit-cart hidden " aria-label="Edit Cart">
										<span class="qty-in-cart"></span>
										<span class="edit-cart-text">
											<spring code="product.edit.text" />"
										</span>
									</button>
								<div class="add-list-parent add-list-module  bottom-add-list-module ">
	<button class="btn btn-inline-link btn-save-to-list  dark is-btn-animated" 
	  data-login-url="/account/login?productCode=20866838_EA" 
	  data-ajax-url="/restful/lists/all?productCode=20866838_EA" 
	  data-user-guest="Y" 
	  data-user-guest="Y" data-product-code="20866838_EA" 
	  data-delete-item="false"
	  aria-label="Add Roasted Seaweed to a List">
	  <span class="glyphicon glyphicon-th-list"></span>
	  <div class="list-cta-text  is-btn-animated">Add to List</div>
	</button>
	 
	<!-- this is the list HTML   -->
	<div class="save-to-list-popup  is-btn-animated animation-up dark" 
	  data-save-to-list-error="Can not get lists at this time. Please try again later."
	  data-product-name="Roasted Seaweed">
	  <div class="inner-container">
	  </div>
	  
	</div>
</div>

</div>
				</div>
			</div>


	<div class="module-plus-minus-buttons small hidden ">
			<button type="button" class="btn cart-change-qty" data-change-type="minus" data-auid="decrease-product-quantity" alt="Minus" aria-label="Minus">
				<span class="icon-minimize"></span>
			</button>
			<div class="plus-minus-input-wrapper">
				<input class="input-qty cart-change-qty" aria-label="Enter manual quantity" type="text" name="qty" title="Change quantity in cart"
							data-unit-type="ea"
							value="1ea" data-change-type="equals"
							maxlength="7">

						<span class="input-qty-pretty">
							<span class="input-qty-pretty-value">1</span>
							<span class="input-qty-pretty-unit"></span>
						</span>
					</div>

			<button type="button" class="btn cart-change-qty" data-change-type="plus" data-auid="increase-product-quantity" alt="Plus" aria-label="Plus">
				<span class="icon-plus-sign"></span>
			</button>

			<p class="deal-limit-reached hidden">Deal Limit Reached</p>

			<div class="tooltip-qty-error tooltip-qty-limit hidden">
				<p>
					Limit to
					&nbsp;
					999
					&nbsp;each&nbsp;
					per customer.</p>
			</div>
			<div class="tooltip-qty-error tooltip-round-error hidden">
				<p>
					We do not have this in the weight you wanted. We've rounded your order to the nearest weight increment we stock.</p>
			</div>
		</div>
	</form>

<!-- End Template: AddToCartSmall -->

</div>
</div>
<div class="item">
		






































	




	
	
		
		
		
		
			
		
	





























<div class="module-grocery-product quickview-simple  clicked" data-quickview-ajax-url="/p/20771686_EA/quickViewProduct" data-product-id="20771686_EA"  data-product-price="$1.98">
    
	
	
		<span class="subtitle"></span>
	

	<div class="product-page-hotspot">
	    <div class="product-cell quickview-button">
	  	    <div class="product-image ">
                
	  		    <img src="https://assets.shop.loblaws.ca/products/20771686/b1/en/front/20771686_front_a01.png" onerror="this.src='https://assets.shop.loblaws.ca/products/NoImage/b1/en/front/NoImage_front_a01_@2.png';" alt="Potato Chips, Ketchup" />
                
	  			    
	  			        <span class="sticker deal">
	  				        <span class="deal-badge">
	  				            
	  			                
	  				            

	  				            <span class="module-deal-badge module-deal-badge-grid simple-save-unit "
	  						        data-deal-type="$1.98 LIMIT 6"
	  						        data-ajax-promo-url="/simpleDeal/deals/product-tile?productCode=20771686_EA"
	  						        data-deal-id="20771686_EA">
	  						        <span class="deal-type">$1.98 LIMIT 6</span>
	  						            








	<span class="deal-expiry">
		Exp. 01/03
	</span>

	  					                
	  				            </span>
	  			            </span>
	  		            </span>
	  			        
	  	            
	  	        
                
                    
                

	  		    

	  		    

	  		    

	  		    <div class="hover-text-container">
	  			    <button href="#" tabindex="0" class="hover-text " aria-label="Quick View for Potato Chips, Ketchup.">Quick View</button>
	  		    </div>
	  	    </div>
	    </div>

	    <div class="product-in-cart">
	  	    <div class="wrapper-product-in-cart">
	  		    <span>
	  			    In Cart
	  		    </span>
	  	    </div>
	    </div>

	    <div class="product-info">
	  	    <div class="product-name-wrapper">
	  		    <a href="/Food/Natural-%26-Organic/Pantry/Snacks-%26-Candy/Hardbite-Potato-Chips%2C-Ketchup/p/20771686_EA" class="product-name" aria-label="Product page for Potato Chips, Ketchup" >
	  			    

	  			    

	  			    <span class="js-product-entry-name">Potato Chips, Ketchup</span>

	  			    <span class="js-product-entry-size-detail">(150 g)</span>

	  		    </a>
	  	    </div>
	  	    
	  	    
	  		    
	  		    
	  			    



	
	
		
		<span class="ad-match-badge  hidden">Ad Match</span>
	

	  				
	  			        
	  					
	  				        
	  					
	  				
	  		    
	  	    

	  	    <div class="price">
			    <div class="price-wrapper no-discount promo-alert ">
				    <span class="reg-price  price-alert" aria-label="Regular Price: $1.98">
					    <span class="reg-price-text">$1.98</span>
					    
					    <sup class="reg-price-unit">ea</sup>
				    </span>
				    <span class="sale-price hidden" aria-label="Sale Price:">
					    <span class="sale-price-text"></span>
					    <sup class="sale-price-unit">ea</sup>
				    </span>
				    
				    <span class="secondary-price hidden">
					    
					    <span class="secondary-price-text" aria-label="Secondary Price:"></span>
				    </span>
			    </div>
	  	    </div>

	  	    <div class="qty">
	  		    <span class="reg-qty  price-alert">
		
			
		  	
		  		<span class="sr-only">Sale Price Per Unit:</span>
        $1.32
        /
        100
        g
		  	
	  	
	</span>

	<span class="sale-qty hidden">
		
			
		  	
		  		<span class="sr-only">Sale Price Per Unit:</span>
        $1.32
        /
        100
        g
		  	
	  	
	</span>

	<span class="secondary-qty hidden">
		
	  	<span class="secondary-qty-text"></span>
	</span>
	  	    </div>
	    </div>


	    

	    
	</div>
	<form class="form-product  quickview-btn-simple"
	  data-product-id="20771686_EA"
	  data-min-qty="1.0"
	  data-max-qty="999.0"
	  data-unit-type="ea"
	  data-cart-qty="1"
	  data-default-qty="1"
	  novalidate="novalidate"
	  promoCode=""
	  promoNumber=""
	  data-is-customized="false"
	  data-cart-url="/cart/product/20771686_EA"
	  data-csrf-token="5582ec01-90c0-448b-b4f7-e2cf68d9f8a0"
	  data-is-weighted-product="false">

	<div class="module-add-to-cart " data-change-type="plus" data-auto-edit="true" data-auto-add="true"
		 data-cart-ajax-url="/cart/updateCart">
		<div class="wrapper-add-to-cart-btn">
					<div class="module-add-to-cart-button-small">
							<button type="button" class="btn btn-secondary btn-add-to-cart " data-auid="add-to-cart-button" data-has-pts-badge="false" aria-label="Add Potato Chips, Ketchup to cart">
										<span class="icon-cart"></span>
										<span class="add-to-cart-text">
											Add</span>
									</button>
									<button type="button" class="btn btn-secondary btn-edit-cart hidden " aria-label="Edit Cart">
										<span class="qty-in-cart"></span>
										<span class="edit-cart-text">
											<spring code="product.edit.text" />"
										</span>
									</button>
								<div class="add-list-parent add-list-module  bottom-add-list-module ">
	<button class="btn btn-inline-link btn-save-to-list  dark is-btn-animated" 
	  data-login-url="/account/login?productCode=20771686_EA" 
	  data-ajax-url="/restful/lists/all?productCode=20771686_EA" 
	  data-user-guest="Y" 
	  data-user-guest="Y" data-product-code="20771686_EA" 
	  data-delete-item="false"
	  aria-label="Add Potato Chips, Ketchup to a List">
	  <span class="glyphicon glyphicon-th-list"></span>
	  <div class="list-cta-text  is-btn-animated">Add to List</div>
	</button>
	 
	<!-- this is the list HTML   -->
	<div class="save-to-list-popup  is-btn-animated animation-up dark" 
	  data-save-to-list-error="Can not get lists at this time. Please try again later."
	  data-product-name="Potato Chips, Ketchup">
	  <div class="inner-container">
	  </div>
	  
	</div>
</div>

</div>
				</div>
			</div>


	<div class="module-plus-minus-buttons small hidden ">
			<button type="button" class="btn cart-change-qty" data-change-type="minus" data-auid="decrease-product-quantity" alt="Minus" aria-label="Minus">
				<span class="icon-minimize"></span>
			</button>
			<div class="plus-minus-input-wrapper">
				<input class="input-qty cart-change-qty" aria-label="Enter manual quantity" type="text" name="qty" title="Change quantity in cart"
							data-unit-type="ea"
							value="1ea" data-change-type="equals"
							maxlength="7">

						<span class="input-qty-pretty">
							<span class="input-qty-pretty-value">1</span>
							<span class="input-qty-pretty-unit"></span>
						</span>
					</div>

			<button type="button" class="btn cart-change-qty" data-change-type="plus" data-auid="increase-product-quantity" alt="Plus" aria-label="Plus">
				<span class="icon-plus-sign"></span>
			</button>

			<p class="deal-limit-reached hidden">Deal Limit Reached</p>

			<div class="tooltip-qty-error tooltip-qty-limit hidden">
				<p>
					Limit to
					&nbsp;
					999
					&nbsp;each&nbsp;
					per customer.</p>
			</div>
			<div class="tooltip-qty-error tooltip-round-error hidden">
				<p>
					We do not have this in the weight you wanted. We've rounded your order to the nearest weight increment we stock.</p>
			</div>
		</div>
	</form>

<!-- End Template: AddToCartSmall -->

</div>
</div>
<div class="item">
		









































	
	
		
		
		
		
			
		
	





























<div class="module-grocery-product quickview-simple  clicked" data-quickview-ajax-url="/p/20309893002_EA/quickViewProduct" data-product-id="20309893002_EA"  data-product-price="$4.98">
    
	
	
		<span class="subtitle"></span>
	

	<div class="product-page-hotspot">
	    <div class="product-cell quickview-button">
	  	    <div class="product-image ">
                
	  		    <img src="https://assets.shop.loblaws.ca/products/20309893002/b1/en/front/20309893002_front_a01.png" onerror="this.src='https://assets.shop.loblaws.ca/products/NoImage/b1/en/front/NoImage_front_a01_@2.png';" alt="Krinkle Cut Potato Chips, Salted" />
                
	  			    
	  	        
                
                    
                

	  		    

	  		    

	  		    

	  		    <div class="hover-text-container">
	  			    <button href="#" tabindex="0" class="hover-text " aria-label="Quick View for Krinkle Cut Potato Chips, Salted.">Quick View</button>
	  		    </div>
	  	    </div>
	    </div>

	    <div class="product-in-cart">
	  	    <div class="wrapper-product-in-cart">
	  		    <span>
	  			    In Cart
	  		    </span>
	  	    </div>
	    </div>

	    <div class="product-info">
	  	    <div class="product-name-wrapper">
	  		    <a href="/Food/Natural-%26-Organic/Pantry/Snacks-%26-Candy/Krinkle-Cut-Potato-Chips%2C-Salted/p/20309893002_EA" class="product-name" aria-label="Product page for Krinkle Cut Potato Chips, Salted" >
	  			    <span class="js-product-entry-brand">Kettle&nbsp;</span>

	  			    

	  			    <span class="js-product-entry-name">Krinkle Cut Potato Chips, Salted</span>

	  			    <span class="js-product-entry-size-detail">(397 g)</span>

	  		    </a>
	  	    </div>
	  	    
	  	    
	  		    
	  		    
	  			    



	
	
		
		<span class="ad-match-badge  hidden">Ad Match</span>
	

	  				
	  			        
	  					
	  				        
	  					
	  				
	  		    
	  	    

	  	    <div class="price">
			    <div class="price-wrapper no-discount  ">
				    <span class="reg-price  " aria-label="Regular Price: $4.98">
					    <span class="reg-price-text">$4.98</span>
					    
					    <sup class="reg-price-unit">ea</sup>
				    </span>
				    <span class="sale-price hidden" aria-label="Sale Price:">
					    <span class="sale-price-text"></span>
					    <sup class="sale-price-unit">ea</sup>
				    </span>
				    
				    <span class="secondary-price hidden">
					    
					    <span class="secondary-price-text" aria-label="Secondary Price:"></span>
				    </span>
			    </div>
	  	    </div>

	  	    <div class="qty">
	  		    <span class="reg-qty  ">
		
			
		  	
		  		<span class="sr-only">Sale Price Per Unit:</span>
        $1.25
        /
        100
        g
		  	
	  	
	</span>

	<span class="sale-qty hidden">
		
			
		  	
		  		<span class="sr-only">Sale Price Per Unit:</span>
        $1.25
        /
        100
        g
		  	
	  	
	</span>

	<span class="secondary-qty hidden">
		
	  	<span class="secondary-qty-text"></span>
	</span>
	  	    </div>
	    </div>


	    

	    
	</div>
	<form class="form-product  quickview-btn-simple"
	  data-product-id="20309893002_EA"
	  data-min-qty="1.0"
	  data-max-qty="999.0"
	  data-unit-type="ea"
	  data-cart-qty="1"
	  data-default-qty="1"
	  novalidate="novalidate"
	  promoCode=""
	  promoNumber=""
	  data-is-customized="false"
	  data-cart-url="/cart/product/20309893002_EA"
	  data-csrf-token="5582ec01-90c0-448b-b4f7-e2cf68d9f8a0"
	  data-is-weighted-product="false">

	<div class="module-add-to-cart " data-change-type="plus" data-auto-edit="true" data-auto-add="true"
		 data-cart-ajax-url="/cart/updateCart">
		<div class="wrapper-add-to-cart-btn">
					<div class="module-add-to-cart-button-small">
							<button type="button" class="btn btn-secondary btn-add-to-cart " data-auid="add-to-cart-button" data-has-pts-badge="false" aria-label="Add Krinkle Cut Potato Chips, Salted to cart">
										<span class="icon-cart"></span>
										<span class="add-to-cart-text">
											Add</span>
									</button>
									<button type="button" class="btn btn-secondary btn-edit-cart hidden " aria-label="Edit Cart">
										<span class="qty-in-cart"></span>
										<span class="edit-cart-text">
											<spring code="product.edit.text" />"
										</span>
									</button>
								<div class="add-list-parent add-list-module  bottom-add-list-module ">
	<button class="btn btn-inline-link btn-save-to-list  dark is-btn-animated" 
	  data-login-url="/account/login?productCode=20309893002_EA" 
	  data-ajax-url="/restful/lists/all?productCode=20309893002_EA" 
	  data-user-guest="Y" 
	  data-user-guest="Y" data-product-code="20309893002_EA" 
	  data-delete-item="false"
	  aria-label="Add Krinkle Cut Potato Chips, Salted to a List">
	  <span class="glyphicon glyphicon-th-list"></span>
	  <div class="list-cta-text  is-btn-animated">Add to List</div>
	</button>
	 
	<!-- this is the list HTML   -->
	<div class="save-to-list-popup  is-btn-animated animation-up dark" 
	  data-save-to-list-error="Can not get lists at this time. Please try again later."
	  data-product-name="Krinkle Cut Potato Chips, Salted">
	  <div class="inner-container">
	  </div>
	  
	</div>
</div>

</div>
				</div>
			</div>


	<div class="module-plus-minus-buttons small hidden ">
			<button type="button" class="btn cart-change-qty" data-change-type="minus" data-auid="decrease-product-quantity" alt="Minus" aria-label="Minus">
				<span class="icon-minimize"></span>
			</button>
			<div class="plus-minus-input-wrapper">
				<input class="input-qty cart-change-qty" aria-label="Enter manual quantity" type="text" name="qty" title="Change quantity in cart"
							data-unit-type="ea"
							value="1ea" data-change-type="equals"
							maxlength="7">

						<span class="input-qty-pretty">
							<span class="input-qty-pretty-value">1</span>
							<span class="input-qty-pretty-unit"></span>
						</span>
					</div>

			<button type="button" class="btn cart-change-qty" data-change-type="plus" data-auid="increase-product-quantity" alt="Plus" aria-label="Plus">
				<span class="icon-plus-sign"></span>
			</button>

			<p class="deal-limit-reached hidden">Deal Limit Reached</p>

			<div class="tooltip-qty-error tooltip-qty-limit hidden">
				<p>
					Limit to
					&nbsp;
					999
					&nbsp;each&nbsp;
					per customer.</p>
			</div>
			<div class="tooltip-qty-error tooltip-round-error hidden">
				<p>
					We do not have this in the weight you wanted. We've rounded your order to the nearest weight increment we stock.</p>
			</div>
		</div>
	</form>

<!-- End Template: AddToCartSmall -->

</div>
</div>
<div class="item">
		









































	
	
		
		
		
		
			
		
	





























<div class="module-grocery-product quickview-simple  clicked" data-quickview-ajax-url="/p/20302765_EA/quickViewProduct" data-product-id="20302765_EA"  data-product-price="$2.98">
    
	
	
		<span class="subtitle"></span>
	

	<div class="product-page-hotspot">
	    <div class="product-cell quickview-button">
	  	    <div class="product-image ">
                
	  		    <img src="https://assets.shop.loblaws.ca/products/20302765/b1/en/front/20302765_front_a01.png" onerror="this.src='https://assets.shop.loblaws.ca/products/NoImage/b1/en/front/NoImage_front_a01_@2.png';" alt="Tortilla Bite Size Round Premium White Corn Tortilla Chips" />
                
	  			    
	  	        
                
                    
                

	  		    

	  		    

	  		    

	  		    <div class="hover-text-container">
	  			    <button href="#" tabindex="0" class="hover-text " aria-label="Quick View for Tortilla Bite Size Round Premium White Corn Tortilla Chips.">Quick View</button>
	  		    </div>
	  	    </div>
	    </div>

	    <div class="product-in-cart">
	  	    <div class="wrapper-product-in-cart">
	  		    <span>
	  			    In Cart
	  		    </span>
	  	    </div>
	    </div>

	    <div class="product-info">
	  	    <div class="product-name-wrapper">
	  		    <a href="/Food/Pantry/Chips-%26-Salty-Snacks/Tortilla-Chips/Tortilla-Bite-Size-Round-Premium-White-Corn-Tortilla-Chips/p/20302765_EA" class="product-name" aria-label="Product page for Tortilla Bite Size Round Premium White Corn Tortilla Chips" >
	  			    <span class="js-product-entry-brand">President's Choice&nbsp;</span>

	  			    

	  			    <span class="js-product-entry-name">Tortilla Bite Size Round Premium White Corn Tortilla Chips</span>

	  			    <span class="js-product-entry-size-detail">(350 g)</span>

	  		    </a>
	  	    </div>
	  	    
	  	    
	  		    
	  		    
	  			    



	
	
		
		<span class="ad-match-badge  hidden">Ad Match</span>
	

	  				
	  			        
	  					
	  				        
	  					
	  				
	  		    
	  	    

	  	    <div class="price">
			    <div class="price-wrapper no-discount  ">
				    <span class="reg-price  " aria-label="Regular Price: $2.98">
					    <span class="reg-price-text">$2.98</span>
					    
					    <sup class="reg-price-unit">ea</sup>
				    </span>
				    <span class="sale-price hidden" aria-label="Sale Price:">
					    <span class="sale-price-text"></span>
					    <sup class="sale-price-unit">ea</sup>
				    </span>
				    
				    <span class="secondary-price hidden">
					    
					    <span class="secondary-price-text" aria-label="Secondary Price:"></span>
				    </span>
			    </div>
	  	    </div>

	  	    <div class="qty">
	  		    <span class="reg-qty  ">
		
			
		  	
		  		<span class="sr-only">Sale Price Per Unit:</span>
        $0.85
        /
        100
        g
		  	
	  	
	</span>

	<span class="sale-qty hidden">
		
			
		  	
		  		<span class="sr-only">Sale Price Per Unit:</span>
        $0.85
        /
        100
        g
		  	
	  	
	</span>

	<span class="secondary-qty hidden">
		
	  	<span class="secondary-qty-text"></span>
	</span>
	  	    </div>
	    </div>


	    

	    
	</div>
	<form class="form-product  quickview-btn-simple"
	  data-product-id="20302765_EA"
	  data-min-qty="1.0"
	  data-max-qty="999.0"
	  data-unit-type="ea"
	  data-cart-qty="1"
	  data-default-qty="1"
	  novalidate="novalidate"
	  promoCode=""
	  promoNumber=""
	  data-is-customized="false"
	  data-cart-url="/cart/product/20302765_EA"
	  data-csrf-token="5582ec01-90c0-448b-b4f7-e2cf68d9f8a0"
	  data-is-weighted-product="false">

	<div class="module-add-to-cart " data-change-type="plus" data-auto-edit="true" data-auto-add="true"
		 data-cart-ajax-url="/cart/updateCart">
		<div class="wrapper-add-to-cart-btn">
					<div class="module-add-to-cart-button-small">
							<button type="button" class="btn btn-secondary btn-add-to-cart " data-auid="add-to-cart-button" data-has-pts-badge="false" aria-label="Add Tortilla Bite Size Round Premium White Corn Tortilla Chips to cart">
										<span class="icon-cart"></span>
										<span class="add-to-cart-text">
											Add</span>
									</button>
									<button type="button" class="btn btn-secondary btn-edit-cart hidden " aria-label="Edit Cart">
										<span class="qty-in-cart"></span>
										<span class="edit-cart-text">
											<spring code="product.edit.text" />"
										</span>
									</button>
								<div class="add-list-parent add-list-module  bottom-add-list-module ">
	<button class="btn btn-inline-link btn-save-to-list  dark is-btn-animated" 
	  data-login-url="/account/login?productCode=20302765_EA" 
	  data-ajax-url="/restful/lists/all?productCode=20302765_EA" 
	  data-user-guest="Y" 
	  data-user-guest="Y" data-product-code="20302765_EA" 
	  data-delete-item="false"
	  aria-label="Add Tortilla Bite Size Round Premium White Corn Tortilla Chips to a List">
	  <span class="glyphicon glyphicon-th-list"></span>
	  <div class="list-cta-text  is-btn-animated">Add to List</div>
	</button>
	 
	<!-- this is the list HTML   -->
	<div class="save-to-list-popup  is-btn-animated animation-up dark" 
	  data-save-to-list-error="Can not get lists at this time. Please try again later."
	  data-product-name="Tortilla Bite Size Round Premium White Corn Tortilla Chips">
	  <div class="inner-container">
	  </div>
	  
	</div>
</div>

</div>
				</div>
			</div>


	<div class="module-plus-minus-buttons small hidden ">
			<button type="button" class="btn cart-change-qty" data-change-type="minus" data-auid="decrease-product-quantity" alt="Minus" aria-label="Minus">
				<span class="icon-minimize"></span>
			</button>
			<div class="plus-minus-input-wrapper">
				<input class="input-qty cart-change-qty" aria-label="Enter manual quantity" type="text" name="qty" title="Change quantity in cart"
							data-unit-type="ea"
							value="1ea" data-change-type="equals"
							maxlength="7">

						<span class="input-qty-pretty">
							<span class="input-qty-pretty-value">1</span>
							<span class="input-qty-pretty-unit"></span>
						</span>
					</div>

			<button type="button" class="btn cart-change-qty" data-change-type="plus" data-auid="increase-product-quantity" alt="Plus" aria-label="Plus">
				<span class="icon-plus-sign"></span>
			</button>

			<p class="deal-limit-reached hidden">Deal Limit Reached</p>

			<div class="tooltip-qty-error tooltip-qty-limit hidden">
				<p>
					Limit to
					&nbsp;
					999
					&nbsp;each&nbsp;
					per customer.</p>
			</div>
			<div class="tooltip-qty-error tooltip-round-error hidden">
				<p>
					We do not have this in the weight you wanted. We've rounded your order to the nearest weight increment we stock.</p>
			</div>
		</div>
	</form>

<!-- End Template: AddToCartSmall -->

</div>
</div>
<div class="item">
		






































	




	
	
		
		
		
		
			
		
	





























<div class="module-grocery-product quickview-simple  clicked" data-quickview-ajax-url="/p/21082041_EA/quickViewProduct" data-product-id="21082041_EA"  data-product-price="$3.98">
    
	
	
		<span class="subtitle"></span>
	

	<div class="product-page-hotspot">
	    <div class="product-cell quickview-button">
	  	    <div class="product-image ">
                
	  		    <img src="https://assets.shop.loblaws.ca/products/21082041/b1/en/front/21082041_front_a01.png" onerror="this.src='https://assets.shop.loblaws.ca/products/NoImage/b1/en/front/NoImage_front_a01_@2.png';" alt="Exotic Vegetable Chips Plantains Sea Salt" />
                
	  			    
	  			        <span class="sticker deal">
	  				        <span class="deal-badge">
	  				            
	  			                
	  				            

	  				            <span class="module-deal-badge module-deal-badge-grid simple-save-unit "
	  						        data-deal-type="$3.98 LIMIT 4"
	  						        data-ajax-promo-url="/simpleDeal/deals/product-tile?productCode=21082041_EA"
	  						        data-deal-id="21082041_EA">
	  						        <span class="deal-type">$3.98 LIMIT 4</span>
	  						            








	<span class="deal-expiry">
		Exp. 12/27
	</span>

	  					                
	  				            </span>
	  			            </span>
	  		            </span>
	  			        
	  	            
	  	        
                
                    
                

	  		    

	  		    

	  		    

	  		    <div class="hover-text-container">
	  			    <button href="#" tabindex="0" class="hover-text " aria-label="Quick View for Exotic Vegetable Chips Plantains Sea Salt.">Quick View</button>
	  		    </div>
	  	    </div>
	    </div>

	    <div class="product-in-cart">
	  	    <div class="wrapper-product-in-cart">
	  		    <span>
	  			    In Cart
	  		    </span>
	  	    </div>
	    </div>

	    <div class="product-info">
	  	    <div class="product-name-wrapper">
	  		    <a href="/Food/Pantry/Chips-%26-Salty-Snacks/Potato-Chips/Terra-Exotic-Vegetable-Chips-Plantains-Sea-Salt/p/21082041_EA" class="product-name" aria-label="Product page for Exotic Vegetable Chips Plantains Sea Salt" >
	  			    <span class="js-product-entry-brand">Terra&nbsp;</span>

	  			    

	  			    <span class="js-product-entry-name">Exotic Vegetable Chips Plantains Sea Salt</span>

	  			    <span class="js-product-entry-size-detail">(141 g)</span>

	  		    </a>
	  	    </div>
	  	    
	  	    
	  		    
	  		    
	  			    



	
	
		
		<span class="ad-match-badge  hidden">Ad Match</span>
	

	  				
	  			        
	  					
	  				        
	  					
	  				
	  		    
	  	    

	  	    <div class="price">
			    <div class="price-wrapper no-discount promo-alert ">
				    <span class="reg-price  price-alert" aria-label="Regular Price: $3.98">
					    <span class="reg-price-text">$3.98</span>
					    
					    <sup class="reg-price-unit">ea</sup>
				    </span>
				    <span class="sale-price hidden" aria-label="Sale Price:">
					    <span class="sale-price-text"></span>
					    <sup class="sale-price-unit">ea</sup>
				    </span>
				    
				    <span class="secondary-price hidden">
					    
					    <span class="secondary-price-text" aria-label="Secondary Price:"></span>
				    </span>
			    </div>
	  	    </div>

	  	    <div class="qty">
	  		    <span class="reg-qty  price-alert">
		
			
		  	
		  		<span class="sr-only">Sale Price Per Unit:</span>
        $2.82
        /
        100
        g
		  	
	  	
	</span>

	<span class="sale-qty hidden">
		
			
		  	
		  		<span class="sr-only">Sale Price Per Unit:</span>
        $2.82
        /
        100
        g
		  	
	  	
	</span>

	<span class="secondary-qty hidden">
		
	  	<span class="secondary-qty-text"></span>
	</span>
	  	    </div>
	    </div>


	    

	    
	</div>
	<form class="form-product  quickview-btn-simple"
	  data-product-id="21082041_EA"
	  data-min-qty="1.0"
	  data-max-qty="999.0"
	  data-unit-type="ea"
	  data-cart-qty="1"
	  data-default-qty="1"
	  novalidate="novalidate"
	  promoCode=""
	  promoNumber=""
	  data-is-customized="false"
	  data-cart-url="/cart/product/21082041_EA"
	  data-csrf-token="5582ec01-90c0-448b-b4f7-e2cf68d9f8a0"
	  data-is-weighted-product="false">

	<div class="module-add-to-cart " data-change-type="plus" data-auto-edit="true" data-auto-add="true"
		 data-cart-ajax-url="/cart/updateCart">
		<div class="wrapper-add-to-cart-btn">
					<div class="module-add-to-cart-button-small">
							<button type="button" class="btn btn-secondary btn-add-to-cart " data-auid="add-to-cart-button" data-has-pts-badge="false" aria-label="Add Exotic Vegetable Chips Plantains Sea Salt to cart">
										<span class="icon-cart"></span>
										<span class="add-to-cart-text">
											Add</span>
									</button>
									<button type="button" class="btn btn-secondary btn-edit-cart hidden " aria-label="Edit Cart">
										<span class="qty-in-cart"></span>
										<span class="edit-cart-text">
											<spring code="product.edit.text" />"
										</span>
									</button>
								<div class="add-list-parent add-list-module  bottom-add-list-module ">
	<button class="btn btn-inline-link btn-save-to-list  dark is-btn-animated" 
	  data-login-url="/account/login?productCode=21082041_EA" 
	  data-ajax-url="/restful/lists/all?productCode=21082041_EA" 
	  data-user-guest="Y" 
	  data-user-guest="Y" data-product-code="21082041_EA" 
	  data-delete-item="false"
	  aria-label="Add Exotic Vegetable Chips Plantains Sea Salt to a List">
	  <span class="glyphicon glyphicon-th-list"></span>
	  <div class="list-cta-text  is-btn-animated">Add to List</div>
	</button>
	 
	<!-- this is the list HTML   -->
	<div class="save-to-list-popup  is-btn-animated animation-up dark" 
	  data-save-to-list-error="Can not get lists at this time. Please try again later."
	  data-product-name="Exotic Vegetable Chips Plantains Sea Salt">
	  <div class="inner-container">
	  </div>
	  
	</div>
</div>

</div>
				</div>
			</div>


	<div class="module-plus-minus-buttons small hidden ">
			<button type="button" class="btn cart-change-qty" data-change-type="minus" data-auid="decrease-product-quantity" alt="Minus" aria-label="Minus">
				<span class="icon-minimize"></span>
			</button>
			<div class="plus-minus-input-wrapper">
				<input class="input-qty cart-change-qty" aria-label="Enter manual quantity" type="text" name="qty" title="Change quantity in cart"
							data-unit-type="ea"
							value="1ea" data-change-type="equals"
							maxlength="7">

						<span class="input-qty-pretty">
							<span class="input-qty-pretty-value">1</span>
							<span class="input-qty-pretty-unit"></span>
						</span>
					</div>

			<button type="button" class="btn cart-change-qty" data-change-type="plus" data-auid="increase-product-quantity" alt="Plus" aria-label="Plus">
				<span class="icon-plus-sign"></span>
			</button>

			<p class="deal-limit-reached hidden">Deal Limit Reached</p>

			<div class="tooltip-qty-error tooltip-qty-limit hidden">
				<p>
					Limit to
					&nbsp;
					999
					&nbsp;each&nbsp;
					per customer.</p>
			</div>
			<div class="tooltip-qty-error tooltip-round-error hidden">
				<p>
					We do not have this in the weight you wanted. We've rounded your order to the nearest weight increment we stock.</p>
			</div>
		</div>
	</form>

<!-- End Template: AddToCartSmall -->

</div>
</div>
<div class="item">
		









































	
	
		
		
		
		
			
		
	





























<div class="module-grocery-product quickview-simple  clicked" data-quickview-ajax-url="/p/20501685001_EA/quickViewProduct" data-product-id="20501685001_EA"  data-product-price="$3.98">
    
	
	
		<span class="subtitle"></span>
	

	<div class="product-page-hotspot">
	    <div class="product-cell quickview-button">
	  	    <div class="product-image ">
                
	  		    <img src="https://assets.shop.loblaws.ca/products/20501685001/b1/en/front/20501685001_front_a01.png" onerror="this.src='https://assets.shop.loblaws.ca/products/NoImage/b1/en/front/NoImage_front_a01_@2.png';" alt="Kettle Cooked Tortilla Chips, Sea Salt" />
                
	  			    
	  	        
                
                    
                

	  		    

	  		    

	  		    

	  		    <div class="hover-text-container">
	  			    <button href="#" tabindex="0" class="hover-text " aria-label="Quick View for Kettle Cooked Tortilla Chips, Sea Salt.">Quick View</button>
	  		    </div>
	  	    </div>
	    </div>

	    <div class="product-in-cart">
	  	    <div class="wrapper-product-in-cart">
	  		    <span>
	  			    In Cart
	  		    </span>
	  	    </div>
	    </div>

	    <div class="product-info">
	  	    <div class="product-name-wrapper">
	  		    <a href="/Food/Pantry/Chips-%26-Salty-Snacks/Tortilla-Chips/Kettle-Cooked-Tortilla-Chips%2C-Sea-Salt/p/20501685001_EA" class="product-name" aria-label="Product page for Kettle Cooked Tortilla Chips, Sea Salt" >
	  			    <span class="js-product-entry-brand">President's Choice&nbsp;</span>

	  			    

	  			    <span class="js-product-entry-name">Kettle Cooked Tortilla Chips, Sea Salt</span>

	  			    <span class="js-product-entry-size-detail">(368 g)</span>

	  		    </a>
	  	    </div>
	  	    
	  	    
	  		    
	  		    
	  			    



	
	
		
		<span class="ad-match-badge  hidden">Ad Match</span>
	

	  				
	  			        
	  					
	  				        
	  					
	  				
	  		    
	  	    

	  	    <div class="price">
			    <div class="price-wrapper no-discount  ">
				    <span class="reg-price  " aria-label="Regular Price: $3.98">
					    <span class="reg-price-text">$3.98</span>
					    
					    <sup class="reg-price-unit">ea</sup>
				    </span>
				    <span class="sale-price hidden" aria-label="Sale Price:">
					    <span class="sale-price-text"></span>
					    <sup class="sale-price-unit">ea</sup>
				    </span>
				    
				    <span class="secondary-price hidden">
					    
					    <span class="secondary-price-text" aria-label="Secondary Price:"></span>
				    </span>
			    </div>
	  	    </div>

	  	    <div class="qty">
	  		    <span class="reg-qty  ">
		
			
		  	
		  		<span class="sr-only">Sale Price Per Unit:</span>
        $1.08
        /
        100
        g
		  	
	  	
	</span>

	<span class="sale-qty hidden">
		
			
		  	
		  		<span class="sr-only">Sale Price Per Unit:</span>
        $1.08
        /
        100
        g
		  	
	  	
	</span>

	<span class="secondary-qty hidden">
		
	  	<span class="secondary-qty-text"></span>
	</span>
	  	    </div>
	    </div>


	    

	    
	</div>
	<form class="form-product  quickview-btn-simple"
	  data-product-id="20501685001_EA"
	  data-min-qty="1.0"
	  data-max-qty="999.0"
	  data-unit-type="ea"
	  data-cart-qty="1"
	  data-default-qty="1"
	  novalidate="novalidate"
	  promoCode=""
	  promoNumber=""
	  data-is-customized="false"
	  data-cart-url="/cart/product/20501685001_EA"
	  data-csrf-token="5582ec01-90c0-448b-b4f7-e2cf68d9f8a0"
	  data-is-weighted-product="false">

	<div class="module-add-to-cart " data-change-type="plus" data-auto-edit="true" data-auto-add="true"
		 data-cart-ajax-url="/cart/updateCart">
		<div class="wrapper-add-to-cart-btn">
					<div class="module-add-to-cart-button-small">
							<button type="button" class="btn btn-secondary btn-add-to-cart " data-auid="add-to-cart-button" data-has-pts-badge="false" aria-label="Add Kettle Cooked Tortilla Chips, Sea Salt to cart">
										<span class="icon-cart"></span>
										<span class="add-to-cart-text">
											Add</span>
									</button>
									<button type="button" class="btn btn-secondary btn-edit-cart hidden " aria-label="Edit Cart">
										<span class="qty-in-cart"></span>
										<span class="edit-cart-text">
											<spring code="product.edit.text" />"
										</span>
									</button>
								<div class="add-list-parent add-list-module  bottom-add-list-module ">
	<button class="btn btn-inline-link btn-save-to-list  dark is-btn-animated" 
	  data-login-url="/account/login?productCode=20501685001_EA" 
	  data-ajax-url="/restful/lists/all?productCode=20501685001_EA" 
	  data-user-guest="Y" 
	  data-user-guest="Y" data-product-code="20501685001_EA" 
	  data-delete-item="false"
	  aria-label="Add Kettle Cooked Tortilla Chips, Sea Salt to a List">
	  <span class="glyphicon glyphicon-th-list"></span>
	  <div class="list-cta-text  is-btn-animated">Add to List</div>
	</button>
	 
	<!-- this is the list HTML   -->
	<div class="save-to-list-popup  is-btn-animated animation-up dark" 
	  data-save-to-list-error="Can not get lists at this time. Please try again later."
	  data-product-name="Kettle Cooked Tortilla Chips, Sea Salt">
	  <div class="inner-container">
	  </div>
	  
	</div>
</div>

</div>
				</div>
			</div>


	<div class="module-plus-minus-buttons small hidden ">
			<button type="button" class="btn cart-change-qty" data-change-type="minus" data-auid="decrease-product-quantity" alt="Minus" aria-label="Minus">
				<span class="icon-minimize"></span>
			</button>
			<div class="plus-minus-input-wrapper">
				<input class="input-qty cart-change-qty" aria-label="Enter manual quantity" type="text" name="qty" title="Change quantity in cart"
							data-unit-type="ea"
							value="1ea" data-change-type="equals"
							maxlength="7">

						<span class="input-qty-pretty">
							<span class="input-qty-pretty-value">1</span>
							<span class="input-qty-pretty-unit"></span>
						</span>
					</div>

			<button type="button" class="btn cart-change-qty" data-change-type="plus" data-auid="increase-product-quantity" alt="Plus" aria-label="Plus">
				<span class="icon-plus-sign"></span>
			</button>

			<p class="deal-limit-reached hidden">Deal Limit Reached</p>

			<div class="tooltip-qty-error tooltip-qty-limit hidden">
				<p>
					Limit to
					&nbsp;
					999
					&nbsp;each&nbsp;
					per customer.</p>
			</div>
			<div class="tooltip-qty-error tooltip-round-error hidden">
				<p>
					We do not have this in the weight you wanted. We've rounded your order to the nearest weight increment we stock.</p>
			</div>
		</div>
	</form>

<!-- End Template: AddToCartSmall -->

</div>
</div>
<div class="item">
		









































	
	
		
		
		
		
			
		
	





























<div class="module-grocery-product quickview-simple  clicked" data-quickview-ajax-url="/p/20312701_EA/quickViewProduct" data-product-id="20312701_EA"  data-product-price="$1.18">
    
	
	
		<span class="subtitle"></span>
	

	<div class="product-page-hotspot">
	    <div class="product-cell quickview-button">
	  	    <div class="product-image ">
                
	  		    <img src="https://assets.shop.loblaws.ca/products/20312701/b1/en/front/20312701_front_a01.png" onerror="this.src='https://assets.shop.loblaws.ca/products/NoImage/b1/en/front/NoImage_front_a01_@2.png';" alt="Ripple Cut Potato Chips" />
                
	  			    
	  	        
                
                    
                

	  		    

	  		    

	  		    

	  		    <div class="hover-text-container">
	  			    <button href="#" tabindex="0" class="hover-text " aria-label="Quick View for Ripple Cut Potato Chips.">Quick View</button>
	  		    </div>
	  	    </div>
	    </div>

	    <div class="product-in-cart">
	  	    <div class="wrapper-product-in-cart">
	  		    <span>
	  			    In Cart
	  		    </span>
	  	    </div>
	    </div>

	    <div class="product-info">
	  	    <div class="product-name-wrapper">
	  		    <a href="/Food/Pantry/Chips-%26-Salty-Snacks/Potato-Chips/Ripple-Cut-Potato-Chips/p/20312701_EA" class="product-name" aria-label="Product page for Ripple Cut Potato Chips" >
	  			    <span class="js-product-entry-brand">No Name&nbsp;</span>

	  			    

	  			    <span class="js-product-entry-name">Ripple Cut Potato Chips</span>

	  			    <span class="js-product-entry-size-detail">(200 g)</span>

	  		    </a>
	  	    </div>
	  	    
	  	    
	  		    
	  		    
	  			    



	
	
		
		<span class="ad-match-badge  hidden">Ad Match</span>
	

	  				
	  			        
	  					
	  				        
	  					
	  				
	  		    
	  	    

	  	    <div class="price">
			    <div class="price-wrapper no-discount  ">
				    <span class="reg-price  " aria-label="Regular Price: $1.18">
					    <span class="reg-price-text">$1.18</span>
					    
					    <sup class="reg-price-unit">ea</sup>
				    </span>
				    <span class="sale-price hidden" aria-label="Sale Price:">
					    <span class="sale-price-text"></span>
					    <sup class="sale-price-unit">ea</sup>
				    </span>
				    
				    <span class="secondary-price hidden">
					    
					    <span class="secondary-price-text" aria-label="Secondary Price:"></span>
				    </span>
			    </div>
	  	    </div>

	  	    <div class="qty">
	  		    <span class="reg-qty  ">
		
			
		  	
		  		<span class="sr-only">Sale Price Per Unit:</span>
        $0.59
        /
        100
        g
		  	
	  	
	</span>

	<span class="sale-qty hidden">
		
			
		  	
		  		<span class="sr-only">Sale Price Per Unit:</span>
        $0.59
        /
        100
        g
		  	
	  	
	</span>

	<span class="secondary-qty hidden">
		
	  	<span class="secondary-qty-text"></span>
	</span>
	  	    </div>
	    </div>


	    

	    
	</div>
	<form class="form-product  quickview-btn-simple"
	  data-product-id="20312701_EA"
	  data-min-qty="1.0"
	  data-max-qty="999.0"
	  data-unit-type="ea"
	  data-cart-qty="1"
	  data-default-qty="1"
	  novalidate="novalidate"
	  promoCode=""
	  promoNumber=""
	  data-is-customized="false"
	  data-cart-url="/cart/product/20312701_EA"
	  data-csrf-token="5582ec01-90c0-448b-b4f7-e2cf68d9f8a0"
	  data-is-weighted-product="false">

	<div class="module-add-to-cart " data-change-type="plus" data-auto-edit="true" data-auto-add="true"
		 data-cart-ajax-url="/cart/updateCart">
		<div class="wrapper-add-to-cart-btn">
					<div class="module-add-to-cart-button-small">
							<button type="button" class="btn btn-secondary btn-add-to-cart " data-auid="add-to-cart-button" data-has-pts-badge="false" aria-label="Add Ripple Cut Potato Chips to cart">
										<span class="icon-cart"></span>
										<span class="add-to-cart-text">
											Add</span>
									</button>
									<button type="button" class="btn btn-secondary btn-edit-cart hidden " aria-label="Edit Cart">
										<span class="qty-in-cart"></span>
										<span class="edit-cart-text">
											<spring code="product.edit.text" />"
										</span>
									</button>
								<div class="add-list-parent add-list-module  bottom-add-list-module ">
	<button class="btn btn-inline-link btn-save-to-list  dark is-btn-animated" 
	  data-login-url="/account/login?productCode=20312701_EA" 
	  data-ajax-url="/restful/lists/all?productCode=20312701_EA" 
	  data-user-guest="Y" 
	  data-user-guest="Y" data-product-code="20312701_EA" 
	  data-delete-item="false"
	  aria-label="Add Ripple Cut Potato Chips to a List">
	  <span class="glyphicon glyphicon-th-list"></span>
	  <div class="list-cta-text  is-btn-animated">Add to List</div>
	</button>
	 
	<!-- this is the list HTML   -->
	<div class="save-to-list-popup  is-btn-animated animation-up dark" 
	  data-save-to-list-error="Can not get lists at this time. Please try again later."
	  data-product-name="Ripple Cut Potato Chips">
	  <div class="inner-container">
	  </div>
	  
	</div>
</div>

</div>
				</div>
			</div>


	<div class="module-plus-minus-buttons small hidden ">
			<button type="button" class="btn cart-change-qty" data-change-type="minus" data-auid="decrease-product-quantity" alt="Minus" aria-label="Minus">
				<span class="icon-minimize"></span>
			</button>
			<div class="plus-minus-input-wrapper">
				<input class="input-qty cart-change-qty" aria-label="Enter manual quantity" type="text" name="qty" title="Change quantity in cart"
							data-unit-type="ea"
							value="1ea" data-change-type="equals"
							maxlength="7">

						<span class="input-qty-pretty">
							<span class="input-qty-pretty-value">1</span>
							<span class="input-qty-pretty-unit"></span>
						</span>
					</div>

			<button type="button" class="btn cart-change-qty" data-change-type="plus" data-auid="increase-product-quantity" alt="Plus" aria-label="Plus">
				<span class="icon-plus-sign"></span>
			</button>

			<p class="deal-limit-reached hidden">Deal Limit Reached</p>

			<div class="tooltip-qty-error tooltip-qty-limit hidden">
				<p>
					Limit to
					&nbsp;
					999
					&nbsp;each&nbsp;
					per customer.</p>
			</div>
			<div class="tooltip-qty-error tooltip-round-error hidden">
				<p>
					We do not have this in the weight you wanted. We've rounded your order to the nearest weight increment we stock.</p>
			</div>
		</div>
	</form>

<!-- End Template: AddToCartSmall -->

</div>
</div>
<div class="item">
		









































	
	
		
		
		
		
			
		
	





























<div class="module-grocery-product quickview-simple  clicked" data-quickview-ajax-url="/p/20140826_EA/quickViewProduct" data-product-id="20140826_EA"  data-product-price="$2.18">
    
	
	
		<span class="subtitle"></span>
	

	<div class="product-page-hotspot">
	    <div class="product-cell quickview-button">
	  	    <div class="product-image ">
                
	  		    <img src="https://assets.shop.loblaws.ca/products/20140826/b1/en/front/20140826_front_a01.png" onerror="this.src='https://assets.shop.loblaws.ca/products/NoImage/b1/en/front/NoImage_front_a01_@2.png';" alt="Rings, Sour Cream & Onion" />
                
	  			    
	  			        <span class="sticker deal">
	  				        <span class="deal-badge">
	  				            
	  			                
	  				            

	  				            <span class="module-deal-badge module-deal-badge-grid simple-save-unit "
	  						        data-deal-type="2 FOR $3.92"
	  						        data-ajax-promo-url="/simpleDeal/deals/product-tile?productCode=20140826_EA"
	  						        data-deal-id="20140826_EA">
	  						        <span class="deal-type">2 FOR $3.92</span>
	  						            








	<span class="deal-expiry">
		Exp. 12/31
	</span>

	  					                
	  				            </span>
	  			            </span>
	  		            </span>
	  			        
	  	            
	  	        
                
                    
                

	  		    

	  		    

	  		    

	  		    <div class="hover-text-container">
	  			    <button href="#" tabindex="0" class="hover-text " aria-label="Quick View for Rings, Sour Cream & Onion.">Quick View</button>
	  		    </div>
	  	    </div>
	    </div>

	    <div class="product-in-cart">
	  	    <div class="wrapper-product-in-cart">
	  		    <span>
	  			    In Cart
	  		    </span>
	  	    </div>
	    </div>

	    <div class="product-info">
	  	    <div class="product-name-wrapper">
	  		    <a href="/Food/Pantry/Chips-%26-Salty-Snacks/Pretzels-%26-Snack-Mixes/No-Name-Rings%2C-Sour-Cream-%26-Onion/p/20140826_EA" class="product-name" aria-label="Product page for Rings, Sour Cream & Onion" >
	  			    <span class="js-product-entry-brand">No Name&nbsp;</span>

	  			    

	  			    <span class="js-product-entry-name">Rings, Sour Cream & Onion</span>

	  			    <span class="js-product-entry-size-detail">(200 g)</span>

	  		    </a>
	  	    </div>
	  	    
	  	    
	  		    
	  		    
	  			    



	
	
		
		<span class="ad-match-badge  hidden">Ad Match</span>
	

	  				
	  			        
	  					
	  				        
	  					
	  				
	  		    
	  	    

	  	    <div class="price">
			    <div class="price-wrapper no-discount  ">
				    <span class="reg-price  " aria-label="Regular Price: $2.18">
					    <span class="reg-price-text">$2.18</span>
					    
					    <sup class="reg-price-unit">ea</sup>
				    </span>
				    <span class="sale-price hidden" aria-label="Sale Price:">
					    <span class="sale-price-text"></span>
					    <sup class="sale-price-unit">ea</sup>
				    </span>
				    
				    <span class="secondary-price hidden">
					    
					    <span class="secondary-price-text" aria-label="Secondary Price:"></span>
				    </span>
			    </div>
	  	    </div>

	  	    <div class="qty">
	  		    <span class="reg-qty  ">
		
			
		  	
		  		<span class="sr-only">Sale Price Per Unit:</span>
        $1.09
        /
        100
        g
		  	
	  	
	</span>

	<span class="sale-qty hidden">
		
			
		  	
		  		<span class="sr-only">Sale Price Per Unit:</span>
        $1.09
        /
        100
        g
		  	
	  	
	</span>

	<span class="secondary-qty hidden">
		
	  	<span class="secondary-qty-text"></span>
	</span>
	  	    </div>
	    </div>


	    

	    
	</div>
	<form class="form-product  quickview-btn-simple"
	  data-product-id="20140826_EA"
	  data-min-qty="1.0"
	  data-max-qty="999.0"
	  data-unit-type="ea"
	  data-cart-qty="1"
	  data-default-qty="1"
	  novalidate="novalidate"
	  promoCode=""
	  promoNumber=""
	  data-is-customized="false"
	  data-cart-url="/cart/product/20140826_EA"
	  data-csrf-token="5582ec01-90c0-448b-b4f7-e2cf68d9f8a0"
	  data-is-weighted-product="false">

	<div class="module-add-to-cart " data-change-type="plus" data-auto-edit="true" data-auto-add="true"
		 data-cart-ajax-url="/cart/updateCart">
		<div class="wrapper-add-to-cart-btn">
					<div class="module-add-to-cart-button-small">
							<button type="button" class="btn btn-secondary btn-add-to-cart " data-auid="add-to-cart-button" data-has-pts-badge="false" aria-label="Add Rings, Sour Cream & Onion to cart">
										<span class="icon-cart"></span>
										<span class="add-to-cart-text">
											Add</span>
									</button>
									<button type="button" class="btn btn-secondary btn-edit-cart hidden " aria-label="Edit Cart">
										<span class="qty-in-cart"></span>
										<span class="edit-cart-text">
											<spring code="product.edit.text" />"
										</span>
									</button>
								<div class="add-list-parent add-list-module  bottom-add-list-module ">
	<button class="btn btn-inline-link btn-save-to-list  dark is-btn-animated" 
	  data-login-url="/account/login?productCode=20140826_EA" 
	  data-ajax-url="/restful/lists/all?productCode=20140826_EA" 
	  data-user-guest="Y" 
	  data-user-guest="Y" data-product-code="20140826_EA" 
	  data-delete-item="false"
	  aria-label="Add Rings, Sour Cream & Onion to a List">
	  <span class="glyphicon glyphicon-th-list"></span>
	  <div class="list-cta-text  is-btn-animated">Add to List</div>
	</button>
	 
	<!-- this is the list HTML   -->
	<div class="save-to-list-popup  is-btn-animated animation-up dark" 
	  data-save-to-list-error="Can not get lists at this time. Please try again later."
	  data-product-name="Rings, Sour Cream & Onion">
	  <div class="inner-container">
	  </div>
	  
	</div>
</div>

</div>
				</div>
			</div>


	<div class="module-plus-minus-buttons small hidden ">
			<button type="button" class="btn cart-change-qty" data-change-type="minus" data-auid="decrease-product-quantity" alt="Minus" aria-label="Minus">
				<span class="icon-minimize"></span>
			</button>
			<div class="plus-minus-input-wrapper">
				<input class="input-qty cart-change-qty" aria-label="Enter manual quantity" type="text" name="qty" title="Change quantity in cart"
							data-unit-type="ea"
							value="1ea" data-change-type="equals"
							maxlength="7">

						<span class="input-qty-pretty">
							<span class="input-qty-pretty-value">1</span>
							<span class="input-qty-pretty-unit"></span>
						</span>
					</div>

			<button type="button" class="btn cart-change-qty" data-change-type="plus" data-auid="increase-product-quantity" alt="Plus" aria-label="Plus">
				<span class="icon-plus-sign"></span>
			</button>

			<p class="deal-limit-reached hidden">Deal Limit Reached</p>

			<div class="tooltip-qty-error tooltip-qty-limit hidden">
				<p>
					Limit to
					&nbsp;
					999
					&nbsp;each&nbsp;
					per customer.</p>
			</div>
			<div class="tooltip-qty-error tooltip-round-error hidden">
				<p>
					We do not have this in the weight you wanted. We've rounded your order to the nearest weight increment we stock.</p>
			</div>
		</div>
	</form>

<!-- End Template: AddToCartSmall -->

</div>
</div>
<div class="item">
		









































	
	
		
		
		
		
			
		
	





























<div class="module-grocery-product quickview-simple  clicked" data-quickview-ajax-url="/p/20990920_EA/quickViewProduct" data-product-id="20990920_EA"  data-product-price="$2.47">
    
	
	
		<span class="subtitle"></span>
	

	<div class="product-page-hotspot">
	    <div class="product-cell quickview-button">
	  	    <div class="product-image ">
                
	  		    <img src="https://assets.shop.loblaws.ca/products/20990920/b1/en/front/20990920_front_a01.png" onerror="this.src='https://assets.shop.loblaws.ca/products/NoImage/b1/en/front/NoImage_front_a01_@2.png';" alt="Potato Chips, Chalet Sauce" />
                
	  			    
	  	        
                
                    
                

	  		    

	  		    
	  			    <span class="sticker deal">
	  				    <span class="deal-badge">
	  					    <span class="module-deal-badge module-deal-badge-feature flyer expires undefined">
	  						    <span class="deal-type">
								    Flyer<br />
	  							    Item
	  						    </span>
	  						    








	<span class="deal-expiry">
		Exp. 12/19
	</span>

	  					    </span>
	  				    </span>
	  			    </span>
	  			    
	  		    

	  		    

	  		    <div class="hover-text-container">
	  			    <button href="#" tabindex="0" class="hover-text " aria-label="Quick View for Potato Chips, Chalet Sauce.">Quick View</button>
	  		    </div>
	  	    </div>
	    </div>

	    <div class="product-in-cart">
	  	    <div class="wrapper-product-in-cart">
	  		    <span>
	  			    In Cart
	  		    </span>
	  	    </div>
	    </div>

	    <div class="product-info">
	  	    <div class="product-name-wrapper">
	  		    <a href="/Food/Pantry/Chips-%26-Salty-Snacks/Potato-Chips/Lay%27s-Potato-Chips%2C-Chalet-Sauce/p/20990920_EA" class="product-name" aria-label="Product page for Potato Chips, Chalet Sauce" >
	  			    <span class="js-product-entry-brand">Lay's&nbsp;</span>

	  			    

	  			    <span class="js-product-entry-name">Potato Chips, Chalet Sauce</span>

	  			    <span class="js-product-entry-size-detail">(255 g)</span>

	  		    </a>
	  	    </div>
	  	    
	  	    
	  		    
	  		    
	  			    



	
	
		
		<span class="ad-match-badge  hidden">Ad Match</span>
	

	  				
	  			        
	  					
	  				        
	  					
	  				
	  		    
	  	    

	  	    <div class="price">
			    <div class="price-wrapper no-discount  ">
				    <span class="reg-price  " aria-label="Regular Price: $2.47">
					    <span class="reg-price-text">$2.47</span>
					    
					    <sup class="reg-price-unit">ea</sup>
				    </span>
				    <span class="sale-price hidden" aria-label="Sale Price:">
					    <span class="sale-price-text"></span>
					    <sup class="sale-price-unit">ea</sup>
				    </span>
				    
				    <span class="secondary-price hidden">
					    
					    <span class="secondary-price-text" aria-label="Secondary Price:"></span>
				    </span>
			    </div>
	  	    </div>

	  	    <div class="qty">
	  		    <span class="reg-qty  ">
		
			
		  	
		  		<span class="sr-only">Sale Price Per Unit:</span>
        $0.97
        /
        100
        g
		  	
	  	
	</span>

	<span class="sale-qty hidden">
		
			
		  	
		  		<span class="sr-only">Sale Price Per Unit:</span>
        $0.97
        /
        100
        g
		  	
	  	
	</span>

	<span class="secondary-qty hidden">
		
	  	<span class="secondary-qty-text"></span>
	</span>
	  	    </div>
	    </div>


	    

	    
	</div>
	<form class="form-product  quickview-btn-simple"
	  data-product-id="20990920_EA"
	  data-min-qty="1.0"
	  data-max-qty="999.0"
	  data-unit-type="ea"
	  data-cart-qty="1"
	  data-default-qty="1"
	  novalidate="novalidate"
	  promoCode=""
	  promoNumber=""
	  data-is-customized="false"
	  data-cart-url="/cart/product/20990920_EA"
	  data-csrf-token="5582ec01-90c0-448b-b4f7-e2cf68d9f8a0"
	  data-is-weighted-product="false">

	<div class="module-add-to-cart " data-change-type="plus" data-auto-edit="true" data-auto-add="true"
		 data-cart-ajax-url="/cart/updateCart">
		<div class="wrapper-add-to-cart-btn">
					<div class="module-add-to-cart-button-small">
							<button type="button" class="btn btn-secondary btn-add-to-cart " data-auid="add-to-cart-button" data-has-pts-badge="false" aria-label="Add Potato Chips, Chalet Sauce to cart">
										<span class="icon-cart"></span>
										<span class="add-to-cart-text">
											Add</span>
									</button>
									<button type="button" class="btn btn-secondary btn-edit-cart hidden " aria-label="Edit Cart">
										<span class="qty-in-cart"></span>
										<span class="edit-cart-text">
											<spring code="product.edit.text" />"
										</span>
									</button>
								<div class="add-list-parent add-list-module  bottom-add-list-module ">
	<button class="btn btn-inline-link btn-save-to-list  dark is-btn-animated" 
	  data-login-url="/account/login?productCode=20990920_EA" 
	  data-ajax-url="/restful/lists/all?productCode=20990920_EA" 
	  data-user-guest="Y" 
	  data-user-guest="Y" data-product-code="20990920_EA" 
	  data-delete-item="false"
	  aria-label="Add Potato Chips, Chalet Sauce to a List">
	  <span class="glyphicon glyphicon-th-list"></span>
	  <div class="list-cta-text  is-btn-animated">Add to List</div>
	</button>
	 
	<!-- this is the list HTML   -->
	<div class="save-to-list-popup  is-btn-animated animation-up dark" 
	  data-save-to-list-error="Can not get lists at this time. Please try again later."
	  data-product-name="Potato Chips, Chalet Sauce">
	  <div class="inner-container">
	  </div>
	  
	</div>
</div>

</div>
				</div>
			</div>


	<div class="module-plus-minus-buttons small hidden ">
			<button type="button" class="btn cart-change-qty" data-change-type="minus" data-auid="decrease-product-quantity" alt="Minus" aria-label="Minus">
				<span class="icon-minimize"></span>
			</button>
			<div class="plus-minus-input-wrapper">
				<input class="input-qty cart-change-qty" aria-label="Enter manual quantity" type="text" name="qty" title="Change quantity in cart"
							data-unit-type="ea"
							value="1ea" data-change-type="equals"
							maxlength="7">

						<span class="input-qty-pretty">
							<span class="input-qty-pretty-value">1</span>
							<span class="input-qty-pretty-unit"></span>
						</span>
					</div>

			<button type="button" class="btn cart-change-qty" data-change-type="plus" data-auid="increase-product-quantity" alt="Plus" aria-label="Plus">
				<span class="icon-plus-sign"></span>
			</button>

			<p class="deal-limit-reached hidden">Deal Limit Reached</p>

			<div class="tooltip-qty-error tooltip-qty-limit hidden">
				<p>
					Limit to
					&nbsp;
					999
					&nbsp;each&nbsp;
					per customer.</p>
			</div>
			<div class="tooltip-qty-error tooltip-round-error hidden">
				<p>
					We do not have this in the weight you wanted. We've rounded your order to the nearest weight increment we stock.</p>
			</div>
		</div>
	</form>

<!-- End Template: AddToCartSmall -->

</div>
</div>
<div class="item">
		









































	
	
		
		
		
		
			
		
	





























<div class="module-grocery-product quickview-simple  clicked" data-quickview-ajax-url="/p/20760913_EA/quickViewProduct" data-product-id="20760913_EA"  data-product-price="$3.28">
    
	
	
		<span class="subtitle"></span>
	

	<div class="product-page-hotspot">
	    <div class="product-cell quickview-button">
	  	    <div class="product-image ">
                
	  		    <img src="https://assets.shop.loblaws.ca/products/20760913/b1/en/front/20760913_front_a01.png" onerror="this.src='https://assets.shop.loblaws.ca/products/NoImage/b1/en/front/NoImage_front_a01_@2.png';" alt="Restaurante Tortilla Chips, Red & White" />
                
	  			    
	  	        
                
                    
                

	  		    

	  		    

	  		    

	  		    <div class="hover-text-container">
	  			    <button href="#" tabindex="0" class="hover-text " aria-label="Quick View for Restaurante Tortilla Chips, Red & White.">Quick View</button>
	  		    </div>
	  	    </div>
	    </div>

	    <div class="product-in-cart">
	  	    <div class="wrapper-product-in-cart">
	  		    <span>
	  			    In Cart
	  		    </span>
	  	    </div>
	    </div>

	    <div class="product-info">
	  	    <div class="product-name-wrapper">
	  		    <a href="/Food/Pantry/Chips-%26-Salty-Snacks/Tortilla-Chips/Restaurante-Tortilla-Chips%2C-Red-%26-White/p/20760913_EA" class="product-name" aria-label="Product page for Restaurante Tortilla Chips, Red & White" >
	  			    <span class="js-product-entry-brand">Old Dutch&nbsp;</span>

	  			    

	  			    <span class="js-product-entry-name">Restaurante Tortilla Chips, Red & White</span>

	  			    <span class="js-product-entry-size-detail">(300 g)</span>

	  		    </a>
	  	    </div>
	  	    
	  	    
	  		    
	  		    
	  			    



	
	
		
		<span class="ad-match-badge  hidden">Ad Match</span>
	

	  				
	  			        
	  					
	  				        
	  					
	  				
	  		    
	  	    

	  	    <div class="price">
			    <div class="price-wrapper no-discount  ">
				    <span class="reg-price  " aria-label="Regular Price: $3.28">
					    <span class="reg-price-text">$3.28</span>
					    
					    <sup class="reg-price-unit">ea</sup>
				    </span>
				    <span class="sale-price hidden" aria-label="Sale Price:">
					    <span class="sale-price-text"></span>
					    <sup class="sale-price-unit">ea</sup>
				    </span>
				    
				    <span class="secondary-price hidden">
					    
					    <span class="secondary-price-text" aria-label="Secondary Price:"></span>
				    </span>
			    </div>
	  	    </div>

	  	    <div class="qty">
	  		    <span class="reg-qty  ">
		
			
		  	
		  		<span class="sr-only">Sale Price Per Unit:</span>
        $1.09
        /
        100
        g
		  	
	  	
	</span>

	<span class="sale-qty hidden">
		
			
		  	
		  		<span class="sr-only">Sale Price Per Unit:</span>
        $1.09
        /
        100
        g
		  	
	  	
	</span>

	<span class="secondary-qty hidden">
		
	  	<span class="secondary-qty-text"></span>
	</span>
	  	    </div>
	    </div>


	    

	    
	</div>
	<form class="form-product  quickview-btn-simple"
	  data-product-id="20760913_EA"
	  data-min-qty="1.0"
	  data-max-qty="999.0"
	  data-unit-type="ea"
	  data-cart-qty="1"
	  data-default-qty="1"
	  novalidate="novalidate"
	  promoCode=""
	  promoNumber=""
	  data-is-customized="false"
	  data-cart-url="/cart/product/20760913_EA"
	  data-csrf-token="5582ec01-90c0-448b-b4f7-e2cf68d9f8a0"
	  data-is-weighted-product="false">

	<div class="module-add-to-cart " data-change-type="plus" data-auto-edit="true" data-auto-add="true"
		 data-cart-ajax-url="/cart/updateCart">
		<div class="wrapper-add-to-cart-btn">
					<div class="module-add-to-cart-button-small">
							<button type="button" class="btn btn-secondary btn-add-to-cart " data-auid="add-to-cart-button" data-has-pts-badge="false" aria-label="Add Restaurante Tortilla Chips, Red & White to cart">
										<span class="icon-cart"></span>
										<span class="add-to-cart-text">
											Add</span>
									</button>
									<button type="button" class="btn btn-secondary btn-edit-cart hidden " aria-label="Edit Cart">
										<span class="qty-in-cart"></span>
										<span class="edit-cart-text">
											<spring code="product.edit.text" />"
										</span>
									</button>
								<div class="add-list-parent add-list-module  bottom-add-list-module ">
	<button class="btn btn-inline-link btn-save-to-list  dark is-btn-animated" 
	  data-login-url="/account/login?productCode=20760913_EA" 
	  data-ajax-url="/restful/lists/all?productCode=20760913_EA" 
	  data-user-guest="Y" 
	  data-user-guest="Y" data-product-code="20760913_EA" 
	  data-delete-item="false"
	  aria-label="Add Restaurante Tortilla Chips, Red & White to a List">
	  <span class="glyphicon glyphicon-th-list"></span>
	  <div class="list-cta-text  is-btn-animated">Add to List</div>
	</button>
	 
	<!-- this is the list HTML   -->
	<div class="save-to-list-popup  is-btn-animated animation-up dark" 
	  data-save-to-list-error="Can not get lists at this time. Please try again later."
	  data-product-name="Restaurante Tortilla Chips, Red & White">
	  <div class="inner-container">
	  </div>
	  
	</div>
</div>

</div>
				</div>
			</div>


	<div class="module-plus-minus-buttons small hidden ">
			<button type="button" class="btn cart-change-qty" data-change-type="minus" data-auid="decrease-product-quantity" alt="Minus" aria-label="Minus">
				<span class="icon-minimize"></span>
			</button>
			<div class="plus-minus-input-wrapper">
				<input class="input-qty cart-change-qty" aria-label="Enter manual quantity" type="text" name="qty" title="Change quantity in cart"
							data-unit-type="ea"
							value="1ea" data-change-type="equals"
							maxlength="7">

						<span class="input-qty-pretty">
							<span class="input-qty-pretty-value">1</span>
							<span class="input-qty-pretty-unit"></span>
						</span>
					</div>

			<button type="button" class="btn cart-change-qty" data-change-type="plus" data-auid="increase-product-quantity" alt="Plus" aria-label="Plus">
				<span class="icon-plus-sign"></span>
			</button>

			<p class="deal-limit-reached hidden">Deal Limit Reached</p>

			<div class="tooltip-qty-error tooltip-qty-limit hidden">
				<p>
					Limit to
					&nbsp;
					999
					&nbsp;each&nbsp;
					per customer.</p>
			</div>
			<div class="tooltip-qty-error tooltip-round-error hidden">
				<p>
					We do not have this in the weight you wanted. We've rounded your order to the nearest weight increment we stock.</p>
			</div>
		</div>
	</form>

<!-- End Template: AddToCartSmall -->

</div>
</div>
<div class="item">
		






































	




	
	
		
		
		
		
			
		
	





























<div class="module-grocery-product quickview-simple  clicked" data-quickview-ajax-url="/p/21058817_EA/quickViewProduct" data-product-id="21058817_EA"  data-product-price="$2.48">
    
	
	
		<span class="subtitle"></span>
	

	<div class="product-page-hotspot">
	    <div class="product-cell quickview-button">
	  	    <div class="product-image ">
                
	  		    <img src="https://assets.shop.loblaws.ca/products/21058817/b1/en/front/21058817_front_a01.png" onerror="this.src='https://assets.shop.loblaws.ca/products/NoImage/b1/en/front/NoImage_front_a01_@2.png';" alt="Krinkle Cut Potato Chips, Dill Pickle" />
                
	  			    
	  			        <span class="sticker deal">
	  				        <span class="deal-badge">
	  				            
	  			                
	  				            

	  				            <span class="module-deal-badge module-deal-badge-grid simple-save-unit "
	  						        data-deal-type="$2.48 LIMIT 4"
	  						        data-ajax-promo-url="/simpleDeal/deals/product-tile?productCode=21058817_EA"
	  						        data-deal-id="21058817_EA">
	  						        <span class="deal-type">$2.48 LIMIT 4</span>
	  						            








	<span class="deal-expiry">
		Exp. 12/20
	</span>

	  					                
	  				            </span>
	  			            </span>
	  		            </span>
	  			        
	  	            
	  	        
                
                    
                

	  		    

	  		    

	  		    

	  		    <div class="hover-text-container">
	  			    <button href="#" tabindex="0" class="hover-text " aria-label="Quick View for Krinkle Cut Potato Chips, Dill Pickle.">Quick View</button>
	  		    </div>
	  	    </div>
	    </div>

	    <div class="product-in-cart">
	  	    <div class="wrapper-product-in-cart">
	  		    <span>
	  			    In Cart
	  		    </span>
	  	    </div>
	    </div>

	    <div class="product-info">
	  	    <div class="product-name-wrapper">
	  		    <a href="/Food/Pantry/Chips-%26-Salty-Snacks/Potato-Chips/Kettle-Krinkle-Cut-Potato-Chips%2C-Dill-Pickle/p/21058817_EA" class="product-name" aria-label="Product page for Krinkle Cut Potato Chips, Dill Pickle" >
	  			    <span class="js-product-entry-brand">Kettle&nbsp;</span>

	  			    

	  			    <span class="js-product-entry-name">Krinkle Cut Potato Chips, Dill Pickle</span>

	  			    <span class="js-product-entry-size-detail">(220 g)</span>

	  		    </a>
	  	    </div>
	  	    
	  	    
	  		    
	  		    
	  			    



	
	
		
		<span class="ad-match-badge  hidden">Ad Match</span>
	

	  				
	  			        
	  					
	  				        
	  					
	  				
	  		    
	  	    

	  	    <div class="price">
			    <div class="price-wrapper no-discount promo-alert ">
				    <span class="reg-price  price-alert" aria-label="Regular Price: $2.48">
					    <span class="reg-price-text">$2.48</span>
					    
					    <sup class="reg-price-unit">ea</sup>
				    </span>
				    <span class="sale-price hidden" aria-label="Sale Price:">
					    <span class="sale-price-text"></span>
					    <sup class="sale-price-unit">ea</sup>
				    </span>
				    
				    <span class="secondary-price hidden">
					    
					    <span class="secondary-price-text" aria-label="Secondary Price:"></span>
				    </span>
			    </div>
	  	    </div>

	  	    <div class="qty">
	  		    <span class="reg-qty  price-alert">
		
			
		  	
		  		<span class="sr-only">Sale Price Per Unit:</span>
        $1.13
        /
        100
        g
		  	
	  	
	</span>

	<span class="sale-qty hidden">
		
			
		  	
		  		<span class="sr-only">Sale Price Per Unit:</span>
        $1.13
        /
        100
        g
		  	
	  	
	</span>

	<span class="secondary-qty hidden">
		
	  	<span class="secondary-qty-text"></span>
	</span>
	  	    </div>
	    </div>


	    

	    
	</div>
	<form class="form-product  quickview-btn-simple"
	  data-product-id="21058817_EA"
	  data-min-qty="1.0"
	  data-max-qty="999.0"
	  data-unit-type="ea"
	  data-cart-qty="1"
	  data-default-qty="1"
	  novalidate="novalidate"
	  promoCode=""
	  promoNumber=""
	  data-is-customized="false"
	  data-cart-url="/cart/product/21058817_EA"
	  data-csrf-token="5582ec01-90c0-448b-b4f7-e2cf68d9f8a0"
	  data-is-weighted-product="false">

	<div class="module-add-to-cart " data-change-type="plus" data-auto-edit="true" data-auto-add="true"
		 data-cart-ajax-url="/cart/updateCart">
		<div class="wrapper-add-to-cart-btn">
					<div class="module-add-to-cart-button-small">
							<button type="button" class="btn btn-secondary btn-add-to-cart " data-auid="add-to-cart-button" data-has-pts-badge="false" aria-label="Add Krinkle Cut Potato Chips, Dill Pickle to cart">
										<span class="icon-cart"></span>
										<span class="add-to-cart-text">
											Add</span>
									</button>
									<button type="button" class="btn btn-secondary btn-edit-cart hidden " aria-label="Edit Cart">
										<span class="qty-in-cart"></span>
										<span class="edit-cart-text">
											<spring code="product.edit.text" />"
										</span>
									</button>
								<div class="add-list-parent add-list-module  bottom-add-list-module ">
	<button class="btn btn-inline-link btn-save-to-list  dark is-btn-animated" 
	  data-login-url="/account/login?productCode=21058817_EA" 
	  data-ajax-url="/restful/lists/all?productCode=21058817_EA" 
	  data-user-guest="Y" 
	  data-user-guest="Y" data-product-code="21058817_EA" 
	  data-delete-item="false"
	  aria-label="Add Krinkle Cut Potato Chips, Dill Pickle to a List">
	  <span class="glyphicon glyphicon-th-list"></span>
	  <div class="list-cta-text  is-btn-animated">Add to List</div>
	</button>
	 
	<!-- this is the list HTML   -->
	<div class="save-to-list-popup  is-btn-animated animation-up dark" 
	  data-save-to-list-error="Can not get lists at this time. Please try again later."
	  data-product-name="Krinkle Cut Potato Chips, Dill Pickle">
	  <div class="inner-container">
	  </div>
	  
	</div>
</div>

</div>
				</div>
			</div>


	<div class="module-plus-minus-buttons small hidden ">
			<button type="button" class="btn cart-change-qty" data-change-type="minus" data-auid="decrease-product-quantity" alt="Minus" aria-label="Minus">
				<span class="icon-minimize"></span>
			</button>
			<div class="plus-minus-input-wrapper">
				<input class="input-qty cart-change-qty" aria-label="Enter manual quantity" type="text" name="qty" title="Change quantity in cart"
							data-unit-type="ea"
							value="1ea" data-change-type="equals"
							maxlength="7">

						<span class="input-qty-pretty">
							<span class="input-qty-pretty-value">1</span>
							<span class="input-qty-pretty-unit"></span>
						</span>
					</div>

			<button type="button" class="btn cart-change-qty" data-change-type="plus" data-auid="increase-product-quantity" alt="Plus" aria-label="Plus">
				<span class="icon-plus-sign"></span>
			</button>

			<p class="deal-limit-reached hidden">Deal Limit Reached</p>

			<div class="tooltip-qty-error tooltip-qty-limit hidden">
				<p>
					Limit to
					&nbsp;
					999
					&nbsp;each&nbsp;
					per customer.</p>
			</div>
			<div class="tooltip-qty-error tooltip-round-error hidden">
				<p>
					We do not have this in the weight you wanted. We've rounded your order to the nearest weight increment we stock.</p>
			</div>
		</div>
	</form>

<!-- End Template: AddToCartSmall -->

</div>
</div>
<div class="item">
		






































	




	
	
		
		
		
		
			
		
	





























<div class="module-grocery-product quickview-simple  clicked" data-quickview-ajax-url="/p/20977771_EA/quickViewProduct" data-product-id="20977771_EA"  data-product-price="$2.98">
    
	
	
		<span class="subtitle"></span>
	

	<div class="product-page-hotspot">
	    <div class="product-cell quickview-button">
	  	    <div class="product-image ">
                
	  		    <img src="https://assets.shop.loblaws.ca/products/20977771/b1/en/front/20977771_front_a01.png" onerror="this.src='https://assets.shop.loblaws.ca/products/NoImage/b1/en/front/NoImage_front_a01_@2.png';" alt="Carrot Chips, Lightly Salted" />
                
	  			    
	  			        <span class="sticker deal">
	  				        <span class="deal-badge">
	  				            
	  			                
	  				            

	  				            <span class="module-deal-badge module-deal-badge-grid simple-save-unit "
	  						        data-deal-type="$2.98 LIMIT 4"
	  						        data-ajax-promo-url="/simpleDeal/deals/product-tile?productCode=20977771_EA"
	  						        data-deal-id="20977771_EA">
	  						        <span class="deal-type">$2.98 LIMIT 4</span>
	  						            








	<span class="deal-expiry">
		Exp. 12/27
	</span>

	  					                
	  				            </span>
	  			            </span>
	  		            </span>
	  			        
	  	            
	  	        
                
                    
                

	  		    

	  		    

	  		    

	  		    <div class="hover-text-container">
	  			    <button href="#" tabindex="0" class="hover-text " aria-label="Quick View for Carrot Chips, Lightly Salted.">Quick View</button>
	  		    </div>
	  	    </div>
	    </div>

	    <div class="product-in-cart">
	  	    <div class="wrapper-product-in-cart">
	  		    <span>
	  			    In Cart
	  		    </span>
	  	    </div>
	    </div>

	    <div class="product-info">
	  	    <div class="product-name-wrapper">
	  		    <a href="/Food/Pantry/Chips-%26-Salty-Snacks/Potato-Chips/Hardbite-Carrot-Chips%2C-Lightly-Salted/p/20977771_EA" class="product-name" aria-label="Product page for Carrot Chips, Lightly Salted" >
	  			    

	  			    

	  			    <span class="js-product-entry-name">Carrot Chips, Lightly Salted</span>

	  			    <span class="js-product-entry-size-detail">(150 g)</span>

	  		    </a>
	  	    </div>
	  	    
	  	    
	  		    
	  		    
	  			    



	
	
		
		<span class="ad-match-badge  hidden">Ad Match</span>
	

	  				
	  			        
	  					
	  				        
	  					
	  				
	  		    
	  	    

	  	    <div class="price">
			    <div class="price-wrapper no-discount promo-alert ">
				    <span class="reg-price  price-alert" aria-label="Regular Price: $2.98">
					    <span class="reg-price-text">$2.98</span>
					    
					    <sup class="reg-price-unit">ea</sup>
				    </span>
				    <span class="sale-price hidden" aria-label="Sale Price:">
					    <span class="sale-price-text"></span>
					    <sup class="sale-price-unit">ea</sup>
				    </span>
				    
				    <span class="secondary-price hidden">
					    
					    <span class="secondary-price-text" aria-label="Secondary Price:"></span>
				    </span>
			    </div>
	  	    </div>

	  	    <div class="qty">
	  		    <span class="reg-qty  price-alert">
		
			
		  	
		  		<span class="sr-only">Sale Price Per Unit:</span>
        $1.99
        /
        100
        g
		  	
	  	
	</span>

	<span class="sale-qty hidden">
		
			
		  	
		  		<span class="sr-only">Sale Price Per Unit:</span>
        $1.99
        /
        100
        g
		  	
	  	
	</span>

	<span class="secondary-qty hidden">
		
	  	<span class="secondary-qty-text"></span>
	</span>
	  	    </div>
	    </div>


	    

	    
	</div>
	<form class="form-product  quickview-btn-simple"
	  data-product-id="20977771_EA"
	  data-min-qty="1.0"
	  data-max-qty="999.0"
	  data-unit-type="ea"
	  data-cart-qty="1"
	  data-default-qty="1"
	  novalidate="novalidate"
	  promoCode=""
	  promoNumber=""
	  data-is-customized="false"
	  data-cart-url="/cart/product/20977771_EA"
	  data-csrf-token="5582ec01-90c0-448b-b4f7-e2cf68d9f8a0"
	  data-is-weighted-product="false">

	<div class="module-add-to-cart " data-change-type="plus" data-auto-edit="true" data-auto-add="true"
		 data-cart-ajax-url="/cart/updateCart">
		<div class="wrapper-add-to-cart-btn">
					<div class="module-add-to-cart-button-small">
							<button type="button" class="btn btn-secondary btn-add-to-cart " data-auid="add-to-cart-button" data-has-pts-badge="false" aria-label="Add Carrot Chips, Lightly Salted to cart">
										<span class="icon-cart"></span>
										<span class="add-to-cart-text">
											Add</span>
									</button>
									<button type="button" class="btn btn-secondary btn-edit-cart hidden " aria-label="Edit Cart">
										<span class="qty-in-cart"></span>
										<span class="edit-cart-text">
											<spring code="product.edit.text" />"
										</span>
									</button>
								<div class="add-list-parent add-list-module  bottom-add-list-module ">
	<button class="btn btn-inline-link btn-save-to-list  dark is-btn-animated" 
	  data-login-url="/account/login?productCode=20977771_EA" 
	  data-ajax-url="/restful/lists/all?productCode=20977771_EA" 
	  data-user-guest="Y" 
	  data-user-guest="Y" data-product-code="20977771_EA" 
	  data-delete-item="false"
	  aria-label="Add Carrot Chips, Lightly Salted to a List">
	  <span class="glyphicon glyphicon-th-list"></span>
	  <div class="list-cta-text  is-btn-animated">Add to List</div>
	</button>
	 
	<!-- this is the list HTML   -->
	<div class="save-to-list-popup  is-btn-animated animation-up dark" 
	  data-save-to-list-error="Can not get lists at this time. Please try again later."
	  data-product-name="Carrot Chips, Lightly Salted">
	  <div class="inner-container">
	  </div>
	  
	</div>
</div>

</div>
				</div>
			</div>


	<div class="module-plus-minus-buttons small hidden ">
			<button type="button" class="btn cart-change-qty" data-change-type="minus" data-auid="decrease-product-quantity" alt="Minus" aria-label="Minus">
				<span class="icon-minimize"></span>
			</button>
			<div class="plus-minus-input-wrapper">
				<input class="input-qty cart-change-qty" aria-label="Enter manual quantity" type="text" name="qty" title="Change quantity in cart"
							data-unit-type="ea"
							value="1ea" data-change-type="equals"
							maxlength="7">

						<span class="input-qty-pretty">
							<span class="input-qty-pretty-value">1</span>
							<span class="input-qty-pretty-unit"></span>
						</span>
					</div>

			<button type="button" class="btn cart-change-qty" data-change-type="plus" data-auid="increase-product-quantity" alt="Plus" aria-label="Plus">
				<span class="icon-plus-sign"></span>
			</button>

			<p class="deal-limit-reached hidden">Deal Limit Reached</p>

			<div class="tooltip-qty-error tooltip-qty-limit hidden">
				<p>
					Limit to
					&nbsp;
					999
					&nbsp;each&nbsp;
					per customer.</p>
			</div>
			<div class="tooltip-qty-error tooltip-round-error hidden">
				<p>
					We do not have this in the weight you wanted. We've rounded your order to the nearest weight increment we stock.</p>
			</div>
		</div>
	</form>

<!-- End Template: AddToCartSmall -->

</div>
</div>
<div class="item">
		









































	
	
		
		
		
		
			
		
	





























<div class="module-grocery-product quickview-simple  clicked" data-quickview-ajax-url="/p/20868465006_EA/quickViewProduct" data-product-id="20868465006_EA"  data-product-price="$3.48">
    
	
	
		<span class="subtitle"></span>
	

	<div class="product-page-hotspot">
	    <div class="product-cell quickview-button">
	  	    <div class="product-image ">
                
	  		    <img src="https://assets.shop.loblaws.ca/products/20868465006/b1/en/front/20868465006_front_a01.png" onerror="this.src='https://assets.shop.loblaws.ca/products/NoImage/b1/en/front/NoImage_front_a01_@2.png';" alt="Rip-L Potato Chips, Lightly Salted" />
                
	  			    
	  			        <span class="sticker deal">
	  				        <span class="deal-badge">
	  				            
	  			                
	  				            

	  				            <span class="module-deal-badge module-deal-badge-grid simple-save-unit "
	  						        data-deal-type="2 FOR $5.00"
	  						        data-ajax-promo-url="/simpleDeal/deals/product-tile?productCode=20868465006_EA"
	  						        data-deal-id="20868465006_EA">
	  						        <span class="deal-type">2 FOR $5.00</span>
	  						            








	<span class="deal-expiry">
		Exp. 12/19
	</span>

	  					                
	  				            </span>
	  			            </span>
	  		            </span>
	  			        
	  	            
	  	        
                
                    
                

	  		    

	  		    

	  		    

	  		    <div class="hover-text-container">
	  			    <button href="#" tabindex="0" class="hover-text " aria-label="Quick View for Rip-L Potato Chips, Lightly Salted.">Quick View</button>
	  		    </div>
	  	    </div>
	    </div>

	    <div class="product-in-cart">
	  	    <div class="wrapper-product-in-cart">
	  		    <span>
	  			    In Cart
	  		    </span>
	  	    </div>
	    </div>

	    <div class="product-info">
	  	    <div class="product-name-wrapper">
	  		    <a href="/Food/Pantry/Chips-%26-Salty-Snacks/Potato-Chips/Old-Dutch-RIP-L-Rip-L-Potato-Chips%2C-Lightly-Salted/p/20868465006_EA" class="product-name" aria-label="Product page for Rip-L Potato Chips, Lightly Salted" >
	  			    <span class="js-product-entry-brand">Old Dutch&nbsp;</span>

	  			    

	  			    <span class="js-product-entry-name">Rip-L Potato Chips, Lightly Salted</span>

	  			    <span class="js-product-entry-size-detail">(255 g)</span>

	  		    </a>
	  	    </div>
	  	    
	  	    
	  		    
	  		    
	  			    



	
	
		
		<span class="ad-match-badge  hidden">Ad Match</span>
	

	  				
	  			        
	  					
	  				        
	  					
	  				
	  		    
	  	    

	  	    <div class="price">
			    <div class="price-wrapper no-discount  ">
				    <span class="reg-price  " aria-label="Regular Price: $3.48">
					    <span class="reg-price-text">$3.48</span>
					    
					    <sup class="reg-price-unit">ea</sup>
				    </span>
				    <span class="sale-price hidden" aria-label="Sale Price:">
					    <span class="sale-price-text"></span>
					    <sup class="sale-price-unit">ea</sup>
				    </span>
				    
				    <span class="secondary-price hidden">
					    
					    <span class="secondary-price-text" aria-label="Secondary Price:"></span>
				    </span>
			    </div>
	  	    </div>

	  	    <div class="qty">
	  		    <span class="reg-qty  ">
		
			
		  	
		  		<span class="sr-only">Sale Price Per Unit:</span>
        $1.36
        /
        100
        g
		  	
	  	
	</span>

	<span class="sale-qty hidden">
		
			
		  	
		  		<span class="sr-only">Sale Price Per Unit:</span>
        $1.36
        /
        100
        g
		  	
	  	
	</span>

	<span class="secondary-qty hidden">
		
	  	<span class="secondary-qty-text"></span>
	</span>
	  	    </div>
	    </div>


	    

	    
	</div>
	<form class="form-product  quickview-btn-simple"
	  data-product-id="20868465006_EA"
	  data-min-qty="1.0"
	  data-max-qty="999.0"
	  data-unit-type="ea"
	  data-cart-qty="1"
	  data-default-qty="1"
	  novalidate="novalidate"
	  promoCode=""
	  promoNumber=""
	  data-is-customized="false"
	  data-cart-url="/cart/product/20868465006_EA"
	  data-csrf-token="5582ec01-90c0-448b-b4f7-e2cf68d9f8a0"
	  data-is-weighted-product="false">

	<div class="module-add-to-cart " data-change-type="plus" data-auto-edit="true" data-auto-add="true"
		 data-cart-ajax-url="/cart/updateCart">
		<div class="wrapper-add-to-cart-btn">
					<div class="module-add-to-cart-button-small">
							<button type="button" class="btn btn-secondary btn-add-to-cart " data-auid="add-to-cart-button" data-has-pts-badge="false" aria-label="Add Rip-L Potato Chips, Lightly Salted to cart">
										<span class="icon-cart"></span>
										<span class="add-to-cart-text">
											Add</span>
									</button>
									<button type="button" class="btn btn-secondary btn-edit-cart hidden " aria-label="Edit Cart">
										<span class="qty-in-cart"></span>
										<span class="edit-cart-text">
											<spring code="product.edit.text" />"
										</span>
									</button>
								<div class="add-list-parent add-list-module  bottom-add-list-module ">
	<button class="btn btn-inline-link btn-save-to-list  dark is-btn-animated" 
	  data-login-url="/account/login?productCode=20868465006_EA" 
	  data-ajax-url="/restful/lists/all?productCode=20868465006_EA" 
	  data-user-guest="Y" 
	  data-user-guest="Y" data-product-code="20868465006_EA" 
	  data-delete-item="false"
	  aria-label="Add Rip-L Potato Chips, Lightly Salted to a List">
	  <span class="glyphicon glyphicon-th-list"></span>
	  <div class="list-cta-text  is-btn-animated">Add to List</div>
	</button>
	 
	<!-- this is the list HTML   -->
	<div class="save-to-list-popup  is-btn-animated animation-up dark" 
	  data-save-to-list-error="Can not get lists at this time. Please try again later."
	  data-product-name="Rip-L Potato Chips, Lightly Salted">
	  <div class="inner-container">
	  </div>
	  
	</div>
</div>

</div>
				</div>
			</div>


	<div class="module-plus-minus-buttons small hidden ">
			<button type="button" class="btn cart-change-qty" data-change-type="minus" data-auid="decrease-product-quantity" alt="Minus" aria-label="Minus">
				<span class="icon-minimize"></span>
			</button>
			<div class="plus-minus-input-wrapper">
				<input class="input-qty cart-change-qty" aria-label="Enter manual quantity" type="text" name="qty" title="Change quantity in cart"
							data-unit-type="ea"
							value="1ea" data-change-type="equals"
							maxlength="7">

						<span class="input-qty-pretty">
							<span class="input-qty-pretty-value">1</span>
							<span class="input-qty-pretty-unit"></span>
						</span>
					</div>

			<button type="button" class="btn cart-change-qty" data-change-type="plus" data-auid="increase-product-quantity" alt="Plus" aria-label="Plus">
				<span class="icon-plus-sign"></span>
			</button>

			<p class="deal-limit-reached hidden">Deal Limit Reached</p>

			<div class="tooltip-qty-error tooltip-qty-limit hidden">
				<p>
					Limit to
					&nbsp;
					999
					&nbsp;each&nbsp;
					per customer.</p>
			</div>
			<div class="tooltip-qty-error tooltip-round-error hidden">
				<p>
					We do not have this in the weight you wanted. We've rounded your order to the nearest weight increment we stock.</p>
			</div>
		</div>
	</form>

<!-- End Template: AddToCartSmall -->

</div>
</div>
<div class="item">
		









































	
	
		
		
		
		
			
		
	





























<div class="module-grocery-product quickview-simple  clicked" data-quickview-ajax-url="/p/20590014002_EA/quickViewProduct" data-product-id="20590014002_EA"  data-product-price="$3.98">
    
	
	
		<span class="subtitle"></span>
	

	<div class="product-page-hotspot">
	    <div class="product-cell quickview-button">
	  	    <div class="product-image ">
                
	  		    <img src="https://assets.shop.loblaws.ca/products/20590014002/b1/en/front/20590014002_front_a01.png" onerror="this.src='https://assets.shop.loblaws.ca/products/NoImage/b1/en/front/NoImage_front_a01_@2.png';" alt="Plentils Lentil Chips, Margherita Pizza" />
                
	  			    
	  	        
                
                    
                

	  		    

	  		    

	  		    

	  		    <div class="hover-text-container">
	  			    <button href="#" tabindex="0" class="hover-text " aria-label="Quick View for Plentils Lentil Chips, Margherita Pizza.">Quick View</button>
	  		    </div>
	  	    </div>
	    </div>

	    <div class="product-in-cart">
	  	    <div class="wrapper-product-in-cart">
	  		    <span>
	  			    In Cart
	  		    </span>
	  	    </div>
	    </div>

	    <div class="product-info">
	  	    <div class="product-name-wrapper">
	  		    <a href="/Food/Natural-%26-Organic/Pantry/Snacks-%26-Candy/Plentils-Lentil-Chips%2C-Margherita-Pizza/p/20590014002_EA" class="product-name" aria-label="Product page for Plentils Lentil Chips, Margherita Pizza" >
	  			    <span class="js-product-entry-brand">Enjoy Life&nbsp;</span>

	  			    

	  			    <span class="js-product-entry-name">Plentils Lentil Chips, Margherita Pizza</span>

	  			    <span class="js-product-entry-size-detail">(113 g)</span>

	  		    </a>
	  	    </div>
	  	    
	  	    
	  		    
	  		    
	  			    



	
	
		
		<span class="ad-match-badge  hidden">Ad Match</span>
	

	  				
	  			        
	  					
	  				        
	  					
	  				
	  		    
	  	    

	  	    <div class="price">
			    <div class="price-wrapper no-discount  ">
				    <span class="reg-price  " aria-label="Regular Price: $3.98">
					    <span class="reg-price-text">$3.98</span>
					    
					    <sup class="reg-price-unit">ea</sup>
				    </span>
				    <span class="sale-price hidden" aria-label="Sale Price:">
					    <span class="sale-price-text"></span>
					    <sup class="sale-price-unit">ea</sup>
				    </span>
				    
				    <span class="secondary-price hidden">
					    
					    <span class="secondary-price-text" aria-label="Secondary Price:"></span>
				    </span>
			    </div>
	  	    </div>

	  	    <div class="qty">
	  		    <span class="reg-qty  ">
		
			
		  	
		  		<span class="sr-only">Sale Price Per Unit:</span>
        $3.52
        /
        100
        g
		  	
	  	
	</span>

	<span class="sale-qty hidden">
		
			
		  	
		  		<span class="sr-only">Sale Price Per Unit:</span>
        $3.52
        /
        100
        g
		  	
	  	
	</span>

	<span class="secondary-qty hidden">
		
	  	<span class="secondary-qty-text"></span>
	</span>
	  	    </div>
	    </div>


	    

	    
	</div>
	<form class="form-product  quickview-btn-simple"
	  data-product-id="20590014002_EA"
	  data-min-qty="1.0"
	  data-max-qty="999.0"
	  data-unit-type="ea"
	  data-cart-qty="1"
	  data-default-qty="1"
	  novalidate="novalidate"
	  promoCode=""
	  promoNumber=""
	  data-is-customized="false"
	  data-cart-url="/cart/product/20590014002_EA"
	  data-csrf-token="5582ec01-90c0-448b-b4f7-e2cf68d9f8a0"
	  data-is-weighted-product="false">

	<div class="module-add-to-cart " data-change-type="plus" data-auto-edit="true" data-auto-add="true"
		 data-cart-ajax-url="/cart/updateCart">
		<div class="wrapper-add-to-cart-btn">
					<div class="module-add-to-cart-button-small">
							<button type="button" class="btn btn-secondary btn-add-to-cart " data-auid="add-to-cart-button" data-has-pts-badge="false" aria-label="Add Plentils Lentil Chips, Margherita Pizza to cart">
										<span class="icon-cart"></span>
										<span class="add-to-cart-text">
											Add</span>
									</button>
									<button type="button" class="btn btn-secondary btn-edit-cart hidden " aria-label="Edit Cart">
										<span class="qty-in-cart"></span>
										<span class="edit-cart-text">
											<spring code="product.edit.text" />"
										</span>
									</button>
								<div class="add-list-parent add-list-module  bottom-add-list-module ">
	<button class="btn btn-inline-link btn-save-to-list  dark is-btn-animated" 
	  data-login-url="/account/login?productCode=20590014002_EA" 
	  data-ajax-url="/restful/lists/all?productCode=20590014002_EA" 
	  data-user-guest="Y" 
	  data-user-guest="Y" data-product-code="20590014002_EA" 
	  data-delete-item="false"
	  aria-label="Add Plentils Lentil Chips, Margherita Pizza to a List">
	  <span class="glyphicon glyphicon-th-list"></span>
	  <div class="list-cta-text  is-btn-animated">Add to List</div>
	</button>
	 
	<!-- this is the list HTML   -->
	<div class="save-to-list-popup  is-btn-animated animation-up dark" 
	  data-save-to-list-error="Can not get lists at this time. Please try again later."
	  data-product-name="Plentils Lentil Chips, Margherita Pizza">
	  <div class="inner-container">
	  </div>
	  
	</div>
</div>

</div>
				</div>
			</div>


	<div class="module-plus-minus-buttons small hidden ">
			<button type="button" class="btn cart-change-qty" data-change-type="minus" data-auid="decrease-product-quantity" alt="Minus" aria-label="Minus">
				<span class="icon-minimize"></span>
			</button>
			<div class="plus-minus-input-wrapper">
				<input class="input-qty cart-change-qty" aria-label="Enter manual quantity" type="text" name="qty" title="Change quantity in cart"
							data-unit-type="ea"
							value="1ea" data-change-type="equals"
							maxlength="7">

						<span class="input-qty-pretty">
							<span class="input-qty-pretty-value">1</span>
							<span class="input-qty-pretty-unit"></span>
						</span>
					</div>

			<button type="button" class="btn cart-change-qty" data-change-type="plus" data-auid="increase-product-quantity" alt="Plus" aria-label="Plus">
				<span class="icon-plus-sign"></span>
			</button>

			<p class="deal-limit-reached hidden">Deal Limit Reached</p>

			<div class="tooltip-qty-error tooltip-qty-limit hidden">
				<p>
					Limit to
					&nbsp;
					999
					&nbsp;each&nbsp;
					per customer.</p>
			</div>
			<div class="tooltip-qty-error tooltip-round-error hidden">
				<p>
					We do not have this in the weight you wanted. We've rounded your order to the nearest weight increment we stock.</p>
			</div>
		</div>
	</form>

<!-- End Template: AddToCartSmall -->

</div>
</div>
<div class="item">
		









































	
	
		
		
		
		
			
		
	





























<div class="module-grocery-product quickview-simple  clicked" data-quickview-ajax-url="/p/21021465_EA/quickViewProduct" data-product-id="21021465_EA"  data-product-price="$1.58">
    
	
	
		<span class="subtitle"></span>
	

	<div class="product-page-hotspot">
	    <div class="product-cell quickview-button">
	  	    <div class="product-image ">
                
	  		    <img src="https://assets.shop.loblaws.ca/products/21021465/b1/en/front/21021465_front_a01.png" onerror="this.src='https://assets.shop.loblaws.ca/products/NoImage/b1/en/front/NoImage_front_a01_@2.png';" alt="Nagpur Chana Choor Indian Snacks" />
                
	  			    
	  	        
                
                    
                

	  		    

	  		    

	  		    

	  		    <div class="hover-text-container">
	  			    <button href="#" tabindex="0" class="hover-text " aria-label="Quick View for Nagpur Chana Choor Indian Snacks.">Quick View</button>
	  		    </div>
	  	    </div>
	    </div>

	    <div class="product-in-cart">
	  	    <div class="wrapper-product-in-cart">
	  		    <span>
	  			    In Cart
	  		    </span>
	  	    </div>
	    </div>

	    <div class="product-info">
	  	    <div class="product-name-wrapper">
	  		    <a href="/Food/Pantry/Chips-%26-Salty-Snacks/Potato-Chips/Haldiram-Nagpur-Chana-Choor-Indian-Snacks/p/21021465_EA" class="product-name" aria-label="Product page for Nagpur Chana Choor Indian Snacks" >
	  			    <span class="js-product-entry-brand">Haldiram&nbsp;</span>

	  			    

	  			    <span class="js-product-entry-name">Nagpur Chana Choor Indian Snacks</span>

	  			    <span class="js-product-entry-size-detail">(150 g)</span>

	  		    </a>
	  	    </div>
	  	    
	  	    
	  		    
	  		    
	  			    



	
	
		
		<span class="ad-match-badge  hidden">Ad Match</span>
	

	  				
	  			        
	  					
	  				        
	  					
	  				
	  		    
	  	    

	  	    <div class="price">
			    <div class="price-wrapper no-discount  ">
				    <span class="reg-price  " aria-label="Regular Price: $1.58">
					    <span class="reg-price-text">$1.58</span>
					    
					    <sup class="reg-price-unit">ea</sup>
				    </span>
				    <span class="sale-price hidden" aria-label="Sale Price:">
					    <span class="sale-price-text"></span>
					    <sup class="sale-price-unit">ea</sup>
				    </span>
				    
				    <span class="secondary-price hidden">
					    
					    <span class="secondary-price-text" aria-label="Secondary Price:"></span>
				    </span>
			    </div>
	  	    </div>

	  	    <div class="qty">
	  		    <span class="reg-qty  ">
		
			
		  	
		  		<span class="sr-only">Sale Price Per Unit:</span>
        $1.05
        /
        100
        g
		  	
	  	
	</span>

	<span class="sale-qty hidden">
		
			
		  	
		  		<span class="sr-only">Sale Price Per Unit:</span>
        $1.05
        /
        100
        g
		  	
	  	
	</span>

	<span class="secondary-qty hidden">
		
	  	<span class="secondary-qty-text"></span>
	</span>
	  	    </div>
	    </div>


	    

	    
	</div>
	<form class="form-product  quickview-btn-simple"
	  data-product-id="21021465_EA"
	  data-min-qty="1.0"
	  data-max-qty="999.0"
	  data-unit-type="ea"
	  data-cart-qty="1"
	  data-default-qty="1"
	  novalidate="novalidate"
	  promoCode=""
	  promoNumber=""
	  data-is-customized="false"
	  data-cart-url="/cart/product/21021465_EA"
	  data-csrf-token="5582ec01-90c0-448b-b4f7-e2cf68d9f8a0"
	  data-is-weighted-product="false">

	<div class="module-add-to-cart " data-change-type="plus" data-auto-edit="true" data-auto-add="true"
		 data-cart-ajax-url="/cart/updateCart">
		<div class="wrapper-add-to-cart-btn">
					<div class="module-add-to-cart-button-small">
							<button type="button" class="btn btn-secondary btn-add-to-cart " data-auid="add-to-cart-button" data-has-pts-badge="false" aria-label="Add Nagpur Chana Choor Indian Snacks to cart">
										<span class="icon-cart"></span>
										<span class="add-to-cart-text">
											Add</span>
									</button>
									<button type="button" class="btn btn-secondary btn-edit-cart hidden " aria-label="Edit Cart">
										<span class="qty-in-cart"></span>
										<span class="edit-cart-text">
											<spring code="product.edit.text" />"
										</span>
									</button>
								<div class="add-list-parent add-list-module  bottom-add-list-module ">
	<button class="btn btn-inline-link btn-save-to-list  dark is-btn-animated" 
	  data-login-url="/account/login?productCode=21021465_EA" 
	  data-ajax-url="/restful/lists/all?productCode=21021465_EA" 
	  data-user-guest="Y" 
	  data-user-guest="Y" data-product-code="21021465_EA" 
	  data-delete-item="false"
	  aria-label="Add Nagpur Chana Choor Indian Snacks to a List">
	  <span class="glyphicon glyphicon-th-list"></span>
	  <div class="list-cta-text  is-btn-animated">Add to List</div>
	</button>
	 
	<!-- this is the list HTML   -->
	<div class="save-to-list-popup  is-btn-animated animation-up dark" 
	  data-save-to-list-error="Can not get lists at this time. Please try again later."
	  data-product-name="Nagpur Chana Choor Indian Snacks">
	  <div class="inner-container">
	  </div>
	  
	</div>
</div>

</div>
				</div>
			</div>


	<div class="module-plus-minus-buttons small hidden ">
			<button type="button" class="btn cart-change-qty" data-change-type="minus" data-auid="decrease-product-quantity" alt="Minus" aria-label="Minus">
				<span class="icon-minimize"></span>
			</button>
			<div class="plus-minus-input-wrapper">
				<input class="input-qty cart-change-qty" aria-label="Enter manual quantity" type="text" name="qty" title="Change quantity in cart"
							data-unit-type="ea"
							value="1ea" data-change-type="equals"
							maxlength="7">

						<span class="input-qty-pretty">
							<span class="input-qty-pretty-value">1</span>
							<span class="input-qty-pretty-unit"></span>
						</span>
					</div>

			<button type="button" class="btn cart-change-qty" data-change-type="plus" data-auid="increase-product-quantity" alt="Plus" aria-label="Plus">
				<span class="icon-plus-sign"></span>
			</button>

			<p class="deal-limit-reached hidden">Deal Limit Reached</p>

			<div class="tooltip-qty-error tooltip-qty-limit hidden">
				<p>
					Limit to
					&nbsp;
					999
					&nbsp;each&nbsp;
					per customer.</p>
			</div>
			<div class="tooltip-qty-error tooltip-round-error hidden">
				<p>
					We do not have this in the weight you wanted. We've rounded your order to the nearest weight increment we stock.</p>
			</div>
		</div>
	</form>

<!-- End Template: AddToCartSmall -->

</div>
</div>
<div class="item">
		









































	
	
		
		
		
		
			
		
	





























<div class="module-grocery-product quickview-simple  clicked" data-quickview-ajax-url="/p/20987676_EA/quickViewProduct" data-product-id="20987676_EA"  data-product-price="$3.28">
    
	
	
		<span class="subtitle"></span>
	

	<div class="product-page-hotspot">
	    <div class="product-cell quickview-button">
	  	    <div class="product-image ">
                
	  		    <img src="https://assets.shop.loblaws.ca/products/20987676/b1/en/front/20987676_front_a01.png" onerror="this.src='https://assets.shop.loblaws.ca/products/NoImage/b1/en/front/NoImage_front_a01_@2.png';" alt="Arriba Zasty Taco Flavour Tortilla Chips" />
                
	  			    
	  	        
                
                    
                

	  		    

	  		    

	  		    

	  		    <div class="hover-text-container">
	  			    <button href="#" tabindex="0" class="hover-text " aria-label="Quick View for Arriba Zasty Taco Flavour Tortilla Chips.">Quick View</button>
	  		    </div>
	  	    </div>
	    </div>

	    <div class="product-in-cart">
	  	    <div class="wrapper-product-in-cart">
	  		    <span>
	  			    In Cart
	  		    </span>
	  	    </div>
	    </div>

	    <div class="product-info">
	  	    <div class="product-name-wrapper">
	  		    <a href="/Food/Pantry/Chips-%26-Salty-Snacks/Potato-Chips/Old-Dutch-ARRIBA-Arriba-Zasty-Taco-Flavour-Tortilla-Chips/p/20987676_EA" class="product-name" aria-label="Product page for Arriba Zasty Taco Flavour Tortilla Chips" >
	  			    <span class="js-product-entry-brand">Old Dutch&nbsp;</span>

	  			    

	  			    <span class="js-product-entry-name">Arriba Zasty Taco Flavour Tortilla Chips</span>

	  			    <span class="js-product-entry-size-detail">(245 g)</span>

	  		    </a>
	  	    </div>
	  	    
	  	    
	  		    
	  		    
	  			    



	
	
		
		<span class="ad-match-badge  hidden">Ad Match</span>
	

	  				
	  			        
	  					
	  				        
	  					
	  				
	  		    
	  	    

	  	    <div class="price">
			    <div class="price-wrapper no-discount  ">
				    <span class="reg-price  " aria-label="Regular Price: $3.28">
					    <span class="reg-price-text">$3.28</span>
					    
					    <sup class="reg-price-unit">ea</sup>
				    </span>
				    <span class="sale-price hidden" aria-label="Sale Price:">
					    <span class="sale-price-text"></span>
					    <sup class="sale-price-unit">ea</sup>
				    </span>
				    
				    <span class="secondary-price hidden">
					    
					    <span class="secondary-price-text" aria-label="Secondary Price:"></span>
				    </span>
			    </div>
	  	    </div>

	  	    <div class="qty">
	  		    <span class="reg-qty  ">
		
			
		  	
		  		<span class="sr-only">Sale Price Per Unit:</span>
        $1.34
        /
        100
        g
		  	
	  	
	</span>

	<span class="sale-qty hidden">
		
			
		  	
		  		<span class="sr-only">Sale Price Per Unit:</span>
        $1.34
        /
        100
        g
		  	
	  	
	</span>

	<span class="secondary-qty hidden">
		
	  	<span class="secondary-qty-text"></span>
	</span>
	  	    </div>
	    </div>


	    

	    
	</div>
	<form class="form-product  quickview-btn-simple"
	  data-product-id="20987676_EA"
	  data-min-qty="1.0"
	  data-max-qty="999.0"
	  data-unit-type="ea"
	  data-cart-qty="1"
	  data-default-qty="1"
	  novalidate="novalidate"
	  promoCode=""
	  promoNumber=""
	  data-is-customized="false"
	  data-cart-url="/cart/product/20987676_EA"
	  data-csrf-token="5582ec01-90c0-448b-b4f7-e2cf68d9f8a0"
	  data-is-weighted-product="false">

	<div class="module-add-to-cart " data-change-type="plus" data-auto-edit="true" data-auto-add="true"
		 data-cart-ajax-url="/cart/updateCart">
		<div class="wrapper-add-to-cart-btn">
					<div class="module-add-to-cart-button-small">
							<button type="button" class="btn btn-secondary btn-add-to-cart " data-auid="add-to-cart-button" data-has-pts-badge="false" aria-label="Add Arriba Zasty Taco Flavour Tortilla Chips to cart">
										<span class="icon-cart"></span>
										<span class="add-to-cart-text">
											Add</span>
									</button>
									<button type="button" class="btn btn-secondary btn-edit-cart hidden " aria-label="Edit Cart">
										<span class="qty-in-cart"></span>
										<span class="edit-cart-text">
											<spring code="product.edit.text" />"
										</span>
									</button>
								<div class="add-list-parent add-list-module  bottom-add-list-module ">
	<button class="btn btn-inline-link btn-save-to-list  dark is-btn-animated" 
	  data-login-url="/account/login?productCode=20987676_EA" 
	  data-ajax-url="/restful/lists/all?productCode=20987676_EA" 
	  data-user-guest="Y" 
	  data-user-guest="Y" data-product-code="20987676_EA" 
	  data-delete-item="false"
	  aria-label="Add Arriba Zasty Taco Flavour Tortilla Chips to a List">
	  <span class="glyphicon glyphicon-th-list"></span>
	  <div class="list-cta-text  is-btn-animated">Add to List</div>
	</button>
	 
	<!-- this is the list HTML   -->
	<div class="save-to-list-popup  is-btn-animated animation-up dark" 
	  data-save-to-list-error="Can not get lists at this time. Please try again later."
	  data-product-name="Arriba Zasty Taco Flavour Tortilla Chips">
	  <div class="inner-container">
	  </div>
	  
	</div>
</div>

</div>
				</div>
			</div>


	<div class="module-plus-minus-buttons small hidden ">
			<button type="button" class="btn cart-change-qty" data-change-type="minus" data-auid="decrease-product-quantity" alt="Minus" aria-label="Minus">
				<span class="icon-minimize"></span>
			</button>
			<div class="plus-minus-input-wrapper">
				<input class="input-qty cart-change-qty" aria-label="Enter manual quantity" type="text" name="qty" title="Change quantity in cart"
							data-unit-type="ea"
							value="1ea" data-change-type="equals"
							maxlength="7">

						<span class="input-qty-pretty">
							<span class="input-qty-pretty-value">1</span>
							<span class="input-qty-pretty-unit"></span>
						</span>
					</div>

			<button type="button" class="btn cart-change-qty" data-change-type="plus" data-auid="increase-product-quantity" alt="Plus" aria-label="Plus">
				<span class="icon-plus-sign"></span>
			</button>

			<p class="deal-limit-reached hidden">Deal Limit Reached</p>

			<div class="tooltip-qty-error tooltip-qty-limit hidden">
				<p>
					Limit to
					&nbsp;
					999
					&nbsp;each&nbsp;
					per customer.</p>
			</div>
			<div class="tooltip-qty-error tooltip-round-error hidden">
				<p>
					We do not have this in the weight you wanted. We've rounded your order to the nearest weight increment we stock.</p>
			</div>
		</div>
	</form>

<!-- End Template: AddToCartSmall -->

</div>
</div>
