<div class="item">

    <div class="module-grocery-product quickview-simple  clicked" data-quickview-ajax-url="/p/21003823_EA/quickViewProduct" data-product-id="21003823_EA" data-product-price="$1.88">

        <span class="subtitle"></span>

        <div class="product-page-hotspot">
            <div class="product-cell quickview-button">
                <div class="product-image ">

                    <img src="https://assets.shop.loblaws.ca/products/21003823/b1/en/front/21003823_front_a01.png" onerror="this.src='https://assets.shop.loblaws.ca/products/NoImage/b1/en/front/NoImage_front_a01_@2.png';" alt="Sour Cream & Onion Flavour Potato Chips" />

                    <span class="sticker deal">
	  				        <span class="deal-badge">

	  				            <span class="module-deal-badge module-deal-badge-grid simple-save-unit "
	  						        data-deal-type="$1.88 LIMIT 4"
	  						        data-ajax-promo-url="/simpleDeal/deals/product-tile?productCode=21003823_EA"
	  						        data-deal-id="21003823_EA">
	  						        <span class="deal-type">$1.88 LIMIT 4</span>

                    <span class="deal-expiry">
		Exp. 12/27
	</span>

                    </span>
                    </span>
                    </span>

                    <div class="hover-text-container">
                        <button href="#" tabindex="0" class="hover-text " aria-label="Quick View for Sour Cream & Onion Flavour Potato Chips.">Quick View</button>
                    </div>
                </div>
            </div>

            <div class="product-in-cart">
                <div class="wrapper-product-in-cart">
                    <span>
	  			    In Cart
	  		    </span>
                </div>
            </div>

            <div class="product-info">
                <div class="product-name-wrapper">
                    <a href="/Food/Pantry/Chips-%26-Salty-Snacks/Potato-Chips/Pringles-Sour-Cream-%26-Onion-Flavour-Potato-Chips/p/21003823_EA" class="product-name" aria-label="Product page for Sour Cream & Onion Flavour Potato Chips">
                        <span class="js-product-entry-brand">Pringles&nbsp;</span>

                        <span class="js-product-entry-name">Sour Cream & Onion Flavour Potato Chips</span>

                        <span class="js-product-entry-size-detail">(156 g)</span>

                    </a>
                </div>

                <span class="ad-match-badge  hidden">Ad Match</span>

                <div class="price">
                    <div class="price-wrapper no-discount promo-alert ">
                        <span class="reg-price  price-alert" aria-label="Regular Price: $1.88">
					    <span class="reg-price-text">$1.88</span>

                        <sup class="reg-price-unit">ea</sup>
                        </span>
                        <span class="sale-price hidden" aria-label="Sale Price:">
					    <span class="sale-price-text"></span>
                        <sup class="sale-price-unit">ea</sup>
                        </span>

                        <span class="secondary-price hidden">

					    <span class="secondary-price-text" aria-label="Secondary Price:"></span>
                        </span>
                    </div>
                </div>

                <div class="qty">
                    <span class="reg-qty  price-alert">

		  		<span class="sr-only">Sale Price Per Unit:</span> $1.21 / 100 g

                    </span>

                    <span class="sale-qty hidden">

		  		<span class="sr-only">Sale Price Per Unit:</span> $1.21 / 100 g

                    </span>

                    <span class="secondary-qty hidden">

	  	<span class="secondary-qty-text"></span>
                    </span>
                </div>
            </div>

        </div>
        <form class="form-product  quickview-btn-simple" data-product-id="21003823_EA" data-min-qty="1.0" data-max-qty="999.0" data-unit-type="ea" data-cart-qty="1" data-default-qty="1" novalidate="novalidate" promoCode="" promoNumber="" data-is-customized="false" data-cart-url="/cart/product/21003823_EA" data-csrf-token="5582ec01-90c0-448b-b4f7-e2cf68d9f8a0" data-is-weighted-product="false">

            <div class="module-add-to-cart " data-change-type="plus" data-auto-edit="true" data-auto-add="true" data-cart-ajax-url="/cart/updateCart">
                <div class="wrapper-add-to-cart-btn">
                    <div class="module-add-to-cart-button-small">
                        <button type="button" class="btn btn-secondary btn-add-to-cart " data-auid="add-to-cart-button" data-has-pts-badge="false" aria-label="Add Sour Cream & Onion Flavour Potato Chips to cart">
                            <span class="icon-cart"></span>
                            <span class="add-to-cart-text">
											Add</span>
                        </button>
                        <button type="button" class="btn btn-secondary btn-edit-cart hidden " aria-label="Edit Cart">
                            <span class="qty-in-cart"></span>
                            <span class="edit-cart-text">
											<spring code="product.edit.text" />"
										</span>
                        </button>
                        <div class="add-list-parent add-list-module  bottom-add-list-module ">
                            <button class="btn btn-inline-link btn-save-to-list  dark is-btn-animated" data-login-url="/account/login?productCode=21003823_EA" data-ajax-url="/restful/lists/all?productCode=21003823_EA" data-user-guest="Y" data-user-guest="Y" data-product-code="21003823_EA" data-delete-item="false" aria-label="Add Sour Cream & Onion Flavour Potato Chips to a List">
                                <span class="glyphicon glyphicon-th-list"></span>
                                <div class="list-cta-text  is-btn-animated">Add to List</div>
                            </button>

                            <!-- this is the list HTML   -->
                            <div class="save-to-list-popup  is-btn-animated animation-up dark" data-save-to-list-error="Can not get lists at this time. Please try again later." data-product-name="Sour Cream & Onion Flavour Potato Chips">
                                <div class="inner-container">
                                </div>

                            </div>
                        </div>

                        <script id="tmpl-product-list-grid" type="text/x-dot-template">
                            <ul>
                                {{~it.shoppingListData :entry:index }} {{? entry.added }}
                                <li class="already-added">
                                    <div class="no-link item-label">

                                        <span class="category-list-name">{{=entry.shoppingListName}}</span>
                                    </div><span class="glyphicon glyphicon-ok"></span></li>
                                {{??}}
                                <li class="has-item-label-link"><a data-shopping-list-name="{{=entry.shoppingListName}}" class="item-label" data-submit-message="{{!entry.addMessage}}" href="/restful/lists/{{=entry.shoppingListCode}}/product/{{=it.productCode}}?CSRFToken={{=it.csrf}}">{{=entry.shoppingListName}}</a></li>
                                {{?}} {{~}}
                                <li class="create-new trigger-modal" data-modal-content-id="create-list-modal-content" data-productcode="{{=it.productCode}}"><a href="#">Create New List</a></li>
                            </ul>
                        </script>

                        <!-- Begin Template: createListModal -->
                        <script type="text/x-dot-template" class="modal-content" id="create-list-modal-content">
                            <div class="wrapper-new-list-popup">
                                <div class="new-list-popup-container">
                                    <h1>
					Create a new list</h1>
                                    <div class="subhead">
                                        Lists are a great way to organize your shopping needs. After you create a list, they can be found in the "My Favourites" page.</div>
                                    {{? it.productcode }}
                                    <form class="container form-create-list" novalidate="novalidate" method="POST" commandName="shoppingListForm" action="/restful/lists/{{=it.productcode}}?CSRFToken=5582ec01-90c0-448b-b4f7-e2cf68d9f8a0" data-ajax-url="/restful/lists/{{=it.productcode}}?CSRFToken=5582ec01-90c0-448b-b4f7-e2cf68d9f8a0" data-server-error-message="Sorry, something went wrong. Please try again later.">
                                        {{??}}
                                        <form class="container form-create-list" novalidate="novalidate" method="POST" commandName="shoppingListForm" action="/restful/lists/?CSRFToken=5582ec01-90c0-448b-b4f7-e2cf68d9f8a0" data-ajax-url="/restful/lists/?CSRFToken=5582ec01-90c0-448b-b4f7-e2cf68d9f8a0" data-server-error-message="Sorry, something went wrong. Please try again later.">
                                            {{?}}
                                            <div class="row-error">
                                                <div>
                                                    <span class='warning server-warning'>
							</span>
                                                </div>
                                            </div>
                                            <input id="name" name="name" class="form-control input-list-name" type="text" autocomplete="off" autofocus placeholder="Enter a name" path="name" maxlength="160" required="true" data-msg-required="Please enter name for list." />

                                            <textarea id="description" name="description" class="form-control input-list-desc" type="text" placeholder="Add a description (optional)" path="description" maxlength="160"></textarea>

                                            <button type="submit" class="btn btn-primary save-list input-submitter-submit">
                                                Save</button>

                                            <a href="javascript:void(0)" class="cancel-new-list modal-close">
						Cancel</a>
                                        </form>
                                </div>
                            </div>
                        </script>

                        <!-- End Template: createListModal -->
                    </div>
                </div>
            </div>

            <div class="module-plus-minus-buttons small hidden ">
                <button type="button" class="btn cart-change-qty" data-change-type="minus" data-auid="decrease-product-quantity" alt="Minus" aria-label="Minus">
                    <span class="icon-minimize"></span>
                </button>
                <div class="plus-minus-input-wrapper">
                    <input class="input-qty cart-change-qty" aria-label="Enter manual quantity" type="text" name="qty" title="Change quantity in cart" data-unit-type="ea" value="1ea" data-change-type="equals" maxlength="7">

                    <span class="input-qty-pretty">
							<span class="input-qty-pretty-value">1</span>
                    <span class="input-qty-pretty-unit"></span>
                    </span>
                </div>

                <button type="button" class="btn cart-change-qty" data-change-type="plus" data-auid="increase-product-quantity" alt="Plus" aria-label="Plus">
                    <span class="icon-plus-sign"></span>
                </button>

                <p class="deal-limit-reached hidden">Deal Limit Reached</p>

                <div class="tooltip-qty-error tooltip-qty-limit hidden">
                    <p>
                        Limit to &nbsp; 999 &nbsp;each&nbsp; per customer.</p>
                </div>
                <div class="tooltip-qty-error tooltip-round-error hidden">
                    <p>
                        We do not have this in the weight you wanted. We've rounded your order to the nearest weight increment we stock.</p>
                </div>
            </div>
            </form>

            <!-- End Template: AddToCartSmall -->

    </div>
</div>
<div class="item">

    <div class="module-grocery-product quickview-simple  clicked" data-quickview-ajax-url="/p/20301951003_EA/quickViewProduct" data-product-id="20301951003_EA" data-product-price="$3.97">

        <span class="subtitle"></span>

        <div class="product-page-hotspot">
            <div class="product-cell quickview-button">
                <div class="product-image ">

                    <img src="https://assets.shop.loblaws.ca/products/20301951003/b1/en/front/20301951003_front_a01.png" onerror="this.src='https://assets.shop.loblaws.ca/products/NoImage/b1/en/front/NoImage_front_a01_@2.png';" alt="Kettle Cooked Potato Chips, Sea Salt & Malt Vinegar" />

                    <div class="hover-text-container">
                        <button href="#" tabindex="0" class="hover-text " aria-label="Quick View for Kettle Cooked Potato Chips, Sea Salt & Malt Vinegar.">Quick View</button>
                    </div>
                </div>
            </div>

            <div class="product-in-cart">
                <div class="wrapper-product-in-cart">
                    <span>
	  			    In Cart
	  		    </span>
                </div>
            </div>

            <div class="product-info">
                <div class="product-name-wrapper">
                    <a href="/Food/Pantry/Chips-%26-Salty-Snacks/Potato-Chips/Kettle-Cooked-Potato-Chips%2C-Sea-Salt-%26-Malt-Vinegar/p/20301951003_EA" class="product-name" aria-label="Product page for Kettle Cooked Potato Chips, Sea Salt & Malt Vinegar">
                        <span class="js-product-entry-brand">Miss Vickies&nbsp;</span>

                        <span class="js-product-entry-name">Kettle Cooked Potato Chips, Sea Salt & Malt Vinegar</span>

                        <span class="js-product-entry-size-detail">(220 g)</span>

                    </a>
                </div>

                <span class="ad-match-badge  hidden">Ad Match</span>

                <div class="price">
                    <div class="price-wrapper no-discount  ">
                        <span class="reg-price  " aria-label="Regular Price: $3.97">
					    <span class="reg-price-text">$3.97</span>

                        <sup class="reg-price-unit">ea</sup>
                        </span>
                        <span class="sale-price hidden" aria-label="Sale Price:">
					    <span class="sale-price-text"></span>
                        <sup class="sale-price-unit">ea</sup>
                        </span>

                        <span class="secondary-price hidden">

					    <span class="secondary-price-text" aria-label="Secondary Price:"></span>
                        </span>
                    </div>
                </div>

                <div class="qty">
                    <span class="reg-qty  ">

		  		<span class="sr-only">Sale Price Per Unit:</span> $1.80 / 100 g

                    </span>

                    <span class="sale-qty hidden">

		  		<span class="sr-only">Sale Price Per Unit:</span> $1.80 / 100 g

                    </span>

                    <span class="secondary-qty hidden">

	  	<span class="secondary-qty-text"></span>
                    </span>
                </div>
            </div>

        </div>
        <form class="form-product  quickview-btn-simple" data-product-id="20301951003_EA" data-min-qty="1.0" data-max-qty="999.0" data-unit-type="ea" data-cart-qty="1" data-default-qty="1" novalidate="novalidate" promoCode="" promoNumber="" data-is-customized="false" data-cart-url="/cart/product/20301951003_EA" data-csrf-token="5582ec01-90c0-448b-b4f7-e2cf68d9f8a0" data-is-weighted-product="false">

            <div class="module-add-to-cart " data-change-type="plus" data-auto-edit="true" data-auto-add="true" data-cart-ajax-url="/cart/updateCart">
                <div class="wrapper-add-to-cart-btn">
                    <div class="module-add-to-cart-button-small">
                        <button type="button" class="btn btn-secondary btn-add-to-cart " data-auid="add-to-cart-button" data-has-pts-badge="false" aria-label="Add Kettle Cooked Potato Chips, Sea Salt & Malt Vinegar to cart">
                            <span class="icon-cart"></span>
                            <span class="add-to-cart-text">
											Add</span>
                        </button>
                        <button type="button" class="btn btn-secondary btn-edit-cart hidden " aria-label="Edit Cart">
                            <span class="qty-in-cart"></span>
                            <span class="edit-cart-text">
											<spring code="product.edit.text" />"
										</span>
                        </button>
                        <div class="add-list-parent add-list-module  bottom-add-list-module ">
                            <button class="btn btn-inline-link btn-save-to-list  dark is-btn-animated" data-login-url="/account/login?productCode=20301951003_EA" data-ajax-url="/restful/lists/all?productCode=20301951003_EA" data-user-guest="Y" data-user-guest="Y" data-product-code="20301951003_EA" data-delete-item="false" aria-label="Add Kettle Cooked Potato Chips, Sea Salt & Malt Vinegar to a List">
                                <span class="glyphicon glyphicon-th-list"></span>
                                <div class="list-cta-text  is-btn-animated">Add to List</div>
                            </button>

                            <!-- this is the list HTML   -->
                            <div class="save-to-list-popup  is-btn-animated animation-up dark" data-save-to-list-error="Can not get lists at this time. Please try again later." data-product-name="Kettle Cooked Potato Chips, Sea Salt & Malt Vinegar">
                                <div class="inner-container">
                                </div>

                            </div>
                        </div>

                    </div>
                </div>
            </div>

            <div class="module-plus-minus-buttons small hidden ">
                <button type="button" class="btn cart-change-qty" data-change-type="minus" data-auid="decrease-product-quantity" alt="Minus" aria-label="Minus">
                    <span class="icon-minimize"></span>
                </button>
                <div class="plus-minus-input-wrapper">
                    <input class="input-qty cart-change-qty" aria-label="Enter manual quantity" type="text" name="qty" title="Change quantity in cart" data-unit-type="ea" value="1ea" data-change-type="equals" maxlength="7">

                    <span class="input-qty-pretty">
							<span class="input-qty-pretty-value">1</span>
                    <span class="input-qty-pretty-unit"></span>
                    </span>
                </div>

                <button type="button" class="btn cart-change-qty" data-change-type="plus" data-auid="increase-product-quantity" alt="Plus" aria-label="Plus">
                    <span class="icon-plus-sign"></span>
                </button>

                <p class="deal-limit-reached hidden">Deal Limit Reached</p>

                <div class="tooltip-qty-error tooltip-qty-limit hidden">
                    <p>
                        Limit to &nbsp; 999 &nbsp;each&nbsp; per customer.</p>
                </div>
                <div class="tooltip-qty-error tooltip-round-error hidden">
                    <p>
                        We do not have this in the weight you wanted. We've rounded your order to the nearest weight increment we stock.</p>
                </div>
            </div>
        </form>

        <!-- End Template: AddToCartSmall -->

    </div>
</div>
<div class="item">

    <div class="module-grocery-product quickview-simple  clicked" data-quickview-ajax-url="/p/20298997007_EA/quickViewProduct" data-product-id="20298997007_EA" data-product-price="$2.48">

        <span class="subtitle"></span>

        <div class="product-page-hotspot">
            <div class="product-cell quickview-button">
                <div class="product-image ">

                    <img src="https://assets.shop.loblaws.ca/products/20298997007/b1/en/front/20298997007_front_a01.png" onerror="this.src='https://assets.shop.loblaws.ca/products/NoImage/b1/en/front/NoImage_front_a01_@2.png';" alt="Kettle Chips, New York Cheddar" />

                    <span class="sticker deal">
	  				        <span class="deal-badge">

	  				            <span class="module-deal-badge module-deal-badge-grid simple-save-unit "
	  						        data-deal-type="$2.48 LIMIT 4"
	  						        data-ajax-promo-url="/simpleDeal/deals/product-tile?productCode=20298997007_EA"
	  						        data-deal-id="20298997007_EA">
	  						        <span class="deal-type">$2.48 LIMIT 4</span>

                    <span class="deal-expiry">
		Exp. 12/20
	</span>

                    </span>
                    </span>
                    </span>

                    <div class="hover-text-container">
                        <button href="#" tabindex="0" class="hover-text " aria-label="Quick View for Kettle Chips, New York Cheddar.">Quick View</button>
                    </div>
                </div>
            </div>

            <div class="product-in-cart">
                <div class="wrapper-product-in-cart">
                    <span>
	  			    In Cart
	  		    </span>
                </div>
            </div>

            <div class="product-info">
                <div class="product-name-wrapper">
                    <a href="/Food/Natural-%26-Organic/Pantry/Snacks-%26-Candy/Kettle-Chips%2C-New-York-Cheddar/p/20298997007_EA" class="product-name" aria-label="Product page for Kettle Chips, New York Cheddar">
                        <span class="js-product-entry-brand">Kettle&nbsp;</span>

                        <span class="js-product-entry-name">Kettle Chips, New York Cheddar</span>

                        <span class="js-product-entry-size-detail">(220 g)</span>

                    </a>
                </div>

                <span class="ad-match-badge  hidden">Ad Match</span>

                <div class="price">
                    <div class="price-wrapper no-discount promo-alert ">
                        <span class="reg-price  price-alert" aria-label="Regular Price: $2.48">
					    <span class="reg-price-text">$2.48</span>

                        <sup class="reg-price-unit">ea</sup>
                        </span>
                        <span class="sale-price hidden" aria-label="Sale Price:">
					    <span class="sale-price-text"></span>
                        <sup class="sale-price-unit">ea</sup>
                        </span>

                        <span class="secondary-price hidden">

					    <span class="secondary-price-text" aria-label="Secondary Price:"></span>
                        </span>
                    </div>
                </div>

                <div class="qty">
                    <span class="reg-qty  price-alert">

		  		<span class="sr-only">Sale Price Per Unit:</span> $1.13 / 100 g

                    </span>

                    <span class="sale-qty hidden">

		  		<span class="sr-only">Sale Price Per Unit:</span> $1.13 / 100 g

                    </span>

                    <span class="secondary-qty hidden">

	  	<span class="secondary-qty-text"></span>
                    </span>
                </div>
            </div>

        </div>
        <form class="form-product  quickview-btn-simple" data-product-id="20298997007_EA" data-min-qty="1.0" data-max-qty="999.0" data-unit-type="ea" data-cart-qty="1" data-default-qty="1" novalidate="novalidate" promoCode="" promoNumber="" data-is-customized="false" data-cart-url="/cart/product/20298997007_EA" data-csrf-token="5582ec01-90c0-448b-b4f7-e2cf68d9f8a0" data-is-weighted-product="false">

            <div class="module-add-to-cart " data-change-type="plus" data-auto-edit="true" data-auto-add="true" data-cart-ajax-url="/cart/updateCart">
                <div class="wrapper-add-to-cart-btn">
                    <div class="module-add-to-cart-button-small">
                        <button type="button" class="btn btn-secondary btn-add-to-cart " data-auid="add-to-cart-button" data-has-pts-badge="false" aria-label="Add Kettle Chips, New York Cheddar to cart">
                            <span class="icon-cart"></span>
                            <span class="add-to-cart-text">
											Add</span>
                        </button>
                        <button type="button" class="btn btn-secondary btn-edit-cart hidden " aria-label="Edit Cart">
                            <span class="qty-in-cart"></span>
                            <span class="edit-cart-text">
											<spring code="product.edit.text" />"
										</span>
                        </button>
                        <div class="add-list-parent add-list-module  bottom-add-list-module ">
                            <button class="btn btn-inline-link btn-save-to-list  dark is-btn-animated" data-login-url="/account/login?productCode=20298997007_EA" data-ajax-url="/restful/lists/all?productCode=20298997007_EA" data-user-guest="Y" data-user-guest="Y" data-product-code="20298997007_EA" data-delete-item="false" aria-label="Add Kettle Chips, New York Cheddar to a List">
                                <span class="glyphicon glyphicon-th-list"></span>
                                <div class="list-cta-text  is-btn-animated">Add to List</div>
                            </button>

                            <!-- this is the list HTML   -->
                            <div class="save-to-list-popup  is-btn-animated animation-up dark" data-save-to-list-error="Can not get lists at this time. Please try again later." data-product-name="Kettle Chips, New York Cheddar">
                                <div class="inner-container">
                                </div>

                            </div>
                        </div>

                    </div>
                </div>
            </div>

            <div class="module-plus-minus-buttons small hidden ">
                <button type="button" class="btn cart-change-qty" data-change-type="minus" data-auid="decrease-product-quantity" alt="Minus" aria-label="Minus">
                    <span class="icon-minimize"></span>
                </button>
                <div class="plus-minus-input-wrapper">
                    <input class="input-qty cart-change-qty" aria-label="Enter manual quantity" type="text" name="qty" title="Change quantity in cart" data-unit-type="ea" value="1ea" data-change-type="equals" maxlength="7">

                    <span class="input-qty-pretty">
							<span class="input-qty-pretty-value">1</span>
                    <span class="input-qty-pretty-unit"></span>
                    </span>
                </div>

                <button type="button" class="btn cart-change-qty" data-change-type="plus" data-auid="increase-product-quantity" alt="Plus" aria-label="Plus">
                    <span class="icon-plus-sign"></span>
                </button>

                <p class="deal-limit-reached hidden">Deal Limit Reached</p>

                <div class="tooltip-qty-error tooltip-qty-limit hidden">
                    <p>
                        Limit to &nbsp; 999 &nbsp;each&nbsp; per customer.</p>
                </div>
                <div class="tooltip-qty-error tooltip-round-error hidden">
                    <p>
                        We do not have this in the weight you wanted. We've rounded your order to the nearest weight increment we stock.</p>
                </div>
            </div>
        </form>

        <!-- End Template: AddToCartSmall -->

    </div>
</div>
<div class="item">

    <div class="module-grocery-product quickview-simple  clicked" data-quickview-ajax-url="/p/21051336_EA/quickViewProduct" data-product-id="21051336_EA" data-product-price="$3.98">

        <span class="subtitle"></span>

        <div class="product-page-hotspot">
            <div class="product-cell quickview-button">
                <div class="product-image ">

                    <img src="https://assets.shop.loblaws.ca/products/21051336/b1/en/front/21051336_front_a01.png" onerror="this.src='https://assets.shop.loblaws.ca/products/NoImage/b1/en/front/NoImage_front_a01_@2.png';" alt="Organic Carnival Tortilla Chips" />

                    <span class="sticker deal">
	  				        <span class="deal-badge">

	  				            <span class="module-deal-badge module-deal-badge-grid simple-save-unit "
	  						        data-deal-type="$3.98 LIMIT 4"
	  						        data-ajax-promo-url="/simpleDeal/deals/product-tile?productCode=21051336_EA"
	  						        data-deal-id="21051336_EA">
	  						        <span class="deal-type">$3.98 LIMIT 4</span>

                    <span class="deal-expiry">
		Exp. 12/27
	</span>

                    </span>
                    </span>
                    </span>

                    <div class="hover-text-container">
                        <button href="#" tabindex="0" class="hover-text " aria-label="Quick View for Organic Carnival Tortilla Chips.">Quick View</button>
                    </div>
                </div>
            </div>

            <div class="product-in-cart">
                <div class="wrapper-product-in-cart">
                    <span>
	  			    In Cart
	  		    </span>
                </div>
            </div>

            <div class="product-info">
                <div class="product-name-wrapper">
                    <a href="/Food/Pantry/Chips-%26-Salty-Snacks/Potato-Chips/Que-Pasa-Organic-Carnival-Tortilla-Chips/p/21051336_EA" class="product-name" aria-label="Product page for Organic Carnival Tortilla Chips">
                        <span class="js-product-entry-brand">Que Pasa&nbsp;</span>

                        <span class="js-product-entry-name">Organic Carnival Tortilla Chips</span>

                        <span class="js-product-entry-size-detail">(300 g)</span>

                    </a>
                </div>

                <span class="ad-match-badge  hidden">Ad Match</span>

                <div class="price">
                    <div class="price-wrapper no-discount promo-alert ">
                        <span class="reg-price  price-alert" aria-label="Regular Price: $3.98">
					    <span class="reg-price-text">$3.98</span>

                        <sup class="reg-price-unit">ea</sup>
                        </span>
                        <span class="sale-price hidden" aria-label="Sale Price:">
					    <span class="sale-price-text"></span>
                        <sup class="sale-price-unit">ea</sup>
                        </span>

                        <span class="secondary-price hidden">

					    <span class="secondary-price-text" aria-label="Secondary Price:"></span>
                        </span>
                    </div>
                </div>

                <div class="qty">
                    <span class="reg-qty  price-alert">

		  		<span class="sr-only">Sale Price Per Unit:</span> $1.33 / 100 g

                    </span>

                    <span class="sale-qty hidden">

		  		<span class="sr-only">Sale Price Per Unit:</span> $1.33 / 100 g

                    </span>

                    <span class="secondary-qty hidden">

	  	<span class="secondary-qty-text"></span>
                    </span>
                </div>
            </div>

        </div>
        <form class="form-product  quickview-btn-simple" data-product-id="21051336_EA" data-min-qty="1.0" data-max-qty="999.0" data-unit-type="ea" data-cart-qty="1" data-default-qty="1" novalidate="novalidate" promoCode="" promoNumber="" data-is-customized="false" data-cart-url="/cart/product/21051336_EA" data-csrf-token="5582ec01-90c0-448b-b4f7-e2cf68d9f8a0" data-is-weighted-product="false">

            <div class="module-add-to-cart " data-change-type="plus" data-auto-edit="true" data-auto-add="true" data-cart-ajax-url="/cart/updateCart">
                <div class="wrapper-add-to-cart-btn">
                    <div class="module-add-to-cart-button-small">
                        <button type="button" class="btn btn-secondary btn-add-to-cart " data-auid="add-to-cart-button" data-has-pts-badge="false" aria-label="Add Organic Carnival Tortilla Chips to cart">
                            <span class="icon-cart"></span>
                            <span class="add-to-cart-text">
											Add</span>
                        </button>
                        <button type="button" class="btn btn-secondary btn-edit-cart hidden " aria-label="Edit Cart">
                            <span class="qty-in-cart"></span>
                            <span class="edit-cart-text">
											<spring code="product.edit.text" />"
										</span>
                        </button>
                        <div class="add-list-parent add-list-module  bottom-add-list-module ">
                            <button class="btn btn-inline-link btn-save-to-list  dark is-btn-animated" data-login-url="/account/login?productCode=21051336_EA" data-ajax-url="/restful/lists/all?productCode=21051336_EA" data-user-guest="Y" data-user-guest="Y" data-product-code="21051336_EA" data-delete-item="false" aria-label="Add Organic Carnival Tortilla Chips to a List">
                                <span class="glyphicon glyphicon-th-list"></span>
                                <div class="list-cta-text  is-btn-animated">Add to List</div>
                            </button>

                            <!-- this is the list HTML   -->
                            <div class="save-to-list-popup  is-btn-animated animation-up dark" data-save-to-list-error="Can not get lists at this time. Please try again later." data-product-name="Organic Carnival Tortilla Chips">
                                <div class="inner-container">
                                </div>

                            </div>
                        </div>

                    </div>
                </div>
            </div>

            <div class="module-plus-minus-buttons small hidden ">
                <button type="button" class="btn cart-change-qty" data-change-type="minus" data-auid="decrease-product-quantity" alt="Minus" aria-label="Minus">
                    <span class="icon-minimize"></span>
                </button>
                <div class="plus-minus-input-wrapper">
                    <input class="input-qty cart-change-qty" aria-label="Enter manual quantity" type="text" name="qty" title="Change quantity in cart" data-unit-type="ea" value="1ea" data-change-type="equals" maxlength="7">

                    <span class="input-qty-pretty">
							<span class="input-qty-pretty-value">1</span>
                    <span class="input-qty-pretty-unit"></span>
                    </span>
                </div>

                <button type="button" class="btn cart-change-qty" data-change-type="plus" data-auid="increase-product-quantity" alt="Plus" aria-label="Plus">
                    <span class="icon-plus-sign"></span>
                </button>

                <p class="deal-limit-reached hidden">Deal Limit Reached</p>

                <div class="tooltip-qty-error tooltip-qty-limit hidden">
                    <p>
                        Limit to &nbsp; 999 &nbsp;each&nbsp; per customer.</p>
                </div>
                <div class="tooltip-qty-error tooltip-round-error hidden">
                    <p>
                        We do not have this in the weight you wanted. We've rounded your order to the nearest weight increment we stock.</p>
                </div>
            </div>
        </form>

        <!-- End Template: AddToCartSmall -->

    </div>
</div>
<div class="item">

    <div class="module-grocery-product quickview-simple  clicked" data-quickview-ajax-url="/p/20503479004_EA/quickViewProduct" data-product-id="20503479004_EA" data-product-price="$3.28">

        <span class="subtitle"></span>

        <div class="product-page-hotspot">
            <div class="product-cell quickview-button">
                <div class="product-image ">

                    <img src="https://assets.shop.loblaws.ca/products/20503479004/b1/en/front/20503479004_front_a01.png" onerror="this.src='https://assets.shop.loblaws.ca/products/NoImage/b1/en/front/NoImage_front_a01_@2.png';" alt="Dutch Crunch Kettle Chips, Sea Salt & Malt Vinegar" />

                    <div class="hover-text-container">
                        <button href="#" tabindex="0" class="hover-text " aria-label="Quick View for Dutch Crunch Kettle Chips, Sea Salt & Malt Vinegar.">Quick View</button>
                    </div>
                </div>
            </div>

            <div class="product-in-cart">
                <div class="wrapper-product-in-cart">
                    <span>
	  			    In Cart
	  		    </span>
                </div>
            </div>

            <div class="product-info">
                <div class="product-name-wrapper">
                    <a href="/Food/Pantry/Chips-%26-Salty-Snacks/Potato-Chips/Old-Dutch-DUTCH-CRUNCH-Dutch-Crunch-Kettle-Chips%2C-Sea-Salt-%26-Malt-Vinegar/p/20503479004_EA" class="product-name" aria-label="Product page for Dutch Crunch Kettle Chips, Sea Salt & Malt Vinegar">
                        <span class="js-product-entry-brand">Old Dutch&nbsp;</span>

                        <span class="js-product-entry-subbrand">DUTCH CRUNCH&nbsp;</span>

                        <span class="js-product-entry-name">Dutch Crunch Kettle Chips, Sea Salt & Malt Vinegar</span>

                        <span class="js-product-entry-size-detail">(200 g)</span>

                    </a>
                </div>

                <span class="ad-match-badge  hidden">Ad Match</span>

                <div class="price">
                    <div class="price-wrapper no-discount  ">
                        <span class="reg-price  " aria-label="Regular Price: $3.28">
					    <span class="reg-price-text">$3.28</span>

                        <sup class="reg-price-unit">ea</sup>
                        </span>
                        <span class="sale-price hidden" aria-label="Sale Price:">
					    <span class="sale-price-text"></span>
                        <sup class="sale-price-unit">ea</sup>
                        </span>

                        <span class="secondary-price hidden">

					    <span class="secondary-price-text" aria-label="Secondary Price:"></span>
                        </span>
                    </div>
                </div>

                <div class="qty">
                    <span class="reg-qty  ">

		  		<span class="sr-only">Sale Price Per Unit:</span> $1.64 / 100 g

                    </span>

                    <span class="sale-qty hidden">

		  		<span class="sr-only">Sale Price Per Unit:</span> $1.64 / 100 g

                    </span>

                    <span class="secondary-qty hidden">

	  	<span class="secondary-qty-text"></span>
                    </span>
                </div>
            </div>

        </div>
        <form class="form-product  quickview-btn-simple" data-product-id="20503479004_EA" data-min-qty="1.0" data-max-qty="999.0" data-unit-type="ea" data-cart-qty="1" data-default-qty="1" novalidate="novalidate" promoCode="" promoNumber="" data-is-customized="false" data-cart-url="/cart/product/20503479004_EA" data-csrf-token="5582ec01-90c0-448b-b4f7-e2cf68d9f8a0" data-is-weighted-product="false">

            <div class="module-add-to-cart " data-change-type="plus" data-auto-edit="true" data-auto-add="true" data-cart-ajax-url="/cart/updateCart">
                <div class="wrapper-add-to-cart-btn">
                    <div class="module-add-to-cart-button-small">
                        <button type="button" class="btn btn-secondary btn-add-to-cart " data-auid="add-to-cart-button" data-has-pts-badge="false" aria-label="Add Dutch Crunch Kettle Chips, Sea Salt & Malt Vinegar to cart">
                            <span class="icon-cart"></span>
                            <span class="add-to-cart-text">
											Add</span>
                        </button>
                        <button type="button" class="btn btn-secondary btn-edit-cart hidden " aria-label="Edit Cart">
                            <span class="qty-in-cart"></span>
                            <span class="edit-cart-text">
											<spring code="product.edit.text" />"
										</span>
                        </button>
                        <div class="add-list-parent add-list-module  bottom-add-list-module ">
                            <button class="btn btn-inline-link btn-save-to-list  dark is-btn-animated" data-login-url="/account/login?productCode=20503479004_EA" data-ajax-url="/restful/lists/all?productCode=20503479004_EA" data-user-guest="Y" data-user-guest="Y" data-product-code="20503479004_EA" data-delete-item="false" aria-label="Add Dutch Crunch Kettle Chips, Sea Salt & Malt Vinegar to a List">
                                <span class="glyphicon glyphicon-th-list"></span>
                                <div class="list-cta-text  is-btn-animated">Add to List</div>
                            </button>

                            <!-- this is the list HTML   -->
                            <div class="save-to-list-popup  is-btn-animated animation-up dark" data-save-to-list-error="Can not get lists at this time. Please try again later." data-product-name="Dutch Crunch Kettle Chips, Sea Salt & Malt Vinegar">
                                <div class="inner-container">
                                </div>

                            </div>
                        </div>

                    </div>
                </div>
            </div>

            <div class="module-plus-minus-buttons small hidden ">
                <button type="button" class="btn cart-change-qty" data-change-type="minus" data-auid="decrease-product-quantity" alt="Minus" aria-label="Minus">
                    <span class="icon-minimize"></span>
                </button>
                <div class="plus-minus-input-wrapper">
                    <input class="input-qty cart-change-qty" aria-label="Enter manual quantity" type="text" name="qty" title="Change quantity in cart" data-unit-type="ea" value="1ea" data-change-type="equals" maxlength="7">

                    <span class="input-qty-pretty">
							<span class="input-qty-pretty-value">1</span>
                    <span class="input-qty-pretty-unit"></span>
                    </span>
                </div>

                <button type="button" class="btn cart-change-qty" data-change-type="plus" data-auid="increase-product-quantity" alt="Plus" aria-label="Plus">
                    <span class="icon-plus-sign"></span>
                </button>

                <p class="deal-limit-reached hidden">Deal Limit Reached</p>

                <div class="tooltip-qty-error tooltip-qty-limit hidden">
                    <p>
                        Limit to &nbsp; 999 &nbsp;each&nbsp; per customer.</p>
                </div>
                <div class="tooltip-qty-error tooltip-round-error hidden">
                    <p>
                        We do not have this in the weight you wanted. We've rounded your order to the nearest weight increment we stock.</p>
                </div>
            </div>
        </form>

        <!-- End Template: AddToCartSmall -->

    </div>
</div>
<div class="item">

    <div class="module-grocery-product quickview-simple  clicked" data-quickview-ajax-url="/p/21031311_EA/quickViewProduct" data-product-id="21031311_EA" data-product-price="$2.98">

        <span class="subtitle"></span>

        <div class="product-page-hotspot">
            <div class="product-cell quickview-button">
                <div class="product-image ">

                    <img src="https://assets.shop.loblaws.ca/products/21031311/b1/en/front/21031311_front_a01.png" onerror="this.src='https://assets.shop.loblaws.ca/products/NoImage/b1/en/front/NoImage_front_a01_@2.png';" alt="Unsalted Tortilla Chips" />

                    <span class="sticker deal">
	  				        <span class="deal-badge">

	  				            <span class="module-deal-badge module-deal-badge-grid simple-save-unit "
	  						        data-deal-type="$2.98 LIMIT 4"
	  						        data-ajax-promo-url="/simpleDeal/deals/product-tile?productCode=21031311_EA"
	  						        data-deal-id="21031311_EA">
	  						        <span class="deal-type">$2.98 LIMIT 4</span>

                    <span class="deal-expiry">
		Exp. 12/27
	</span>

                    </span>
                    </span>
                    </span>

                    <div class="hover-text-container">
                        <button href="#" tabindex="0" class="hover-text " aria-label="Quick View for Unsalted Tortilla Chips.">Quick View</button>
                    </div>
                </div>
            </div>

            <div class="product-in-cart">
                <div class="wrapper-product-in-cart">
                    <span>
	  			    In Cart
	  		    </span>
                </div>
            </div>

            <div class="product-info">
                <div class="product-name-wrapper">
                    <a href="/Food/Pantry/Chips-%26-Salty-Snacks/Potato-Chips/Que-Pasa-Unsalted-Tortilla-Chips/p/21031311_EA" class="product-name" aria-label="Product page for Unsalted Tortilla Chips">
                        <span class="js-product-entry-brand">Que Pasa&nbsp;</span>

                        <span class="js-product-entry-name">Unsalted Tortilla Chips</span>

                        <span class="js-product-entry-size-detail">(350 g)</span>

                    </a>
                </div>

                <span class="ad-match-badge  hidden">Ad Match</span>

                <div class="price">
                    <div class="price-wrapper no-discount promo-alert ">
                        <span class="reg-price  price-alert" aria-label="Regular Price: $2.98">
					    <span class="reg-price-text">$2.98</span>

                        <sup class="reg-price-unit">ea</sup>
                        </span>
                        <span class="sale-price hidden" aria-label="Sale Price:">
					    <span class="sale-price-text"></span>
                        <sup class="sale-price-unit">ea</sup>
                        </span>

                        <span class="secondary-price hidden">

					    <span class="secondary-price-text" aria-label="Secondary Price:"></span>
                        </span>
                    </div>
                </div>

                <div class="qty">
                    <span class="reg-qty  price-alert">

		  		<span class="sr-only">Sale Price Per Unit:</span> $0.85 / 100 g

                    </span>

                    <span class="sale-qty hidden">

		  		<span class="sr-only">Sale Price Per Unit:</span> $0.85 / 100 g

                    </span>

                    <span class="secondary-qty hidden">

	  	<span class="secondary-qty-text"></span>
                    </span>
                </div>
            </div>

        </div>
        <form class="form-product  quickview-btn-simple" data-product-id="21031311_EA" data-min-qty="1.0" data-max-qty="999.0" data-unit-type="ea" data-cart-qty="1" data-default-qty="1" novalidate="novalidate" promoCode="" promoNumber="" data-is-customized="false" data-cart-url="/cart/product/21031311_EA" data-csrf-token="5582ec01-90c0-448b-b4f7-e2cf68d9f8a0" data-is-weighted-product="false">

            <div class="module-add-to-cart " data-change-type="plus" data-auto-edit="true" data-auto-add="true" data-cart-ajax-url="/cart/updateCart">
                <div class="wrapper-add-to-cart-btn">
                    <div class="module-add-to-cart-button-small">
                        <button type="button" class="btn btn-secondary btn-add-to-cart " data-auid="add-to-cart-button" data-has-pts-badge="false" aria-label="Add Unsalted Tortilla Chips to cart">
                            <span class="icon-cart"></span>
                            <span class="add-to-cart-text">
											Add</span>
                        </button>
                        <button type="button" class="btn btn-secondary btn-edit-cart hidden " aria-label="Edit Cart">
                            <span class="qty-in-cart"></span>
                            <span class="edit-cart-text">
											<spring code="product.edit.text" />"
										</span>
                        </button>
                        <div class="add-list-parent add-list-module  bottom-add-list-module ">
                            <button class="btn btn-inline-link btn-save-to-list  dark is-btn-animated" data-login-url="/account/login?productCode=21031311_EA" data-ajax-url="/restful/lists/all?productCode=21031311_EA" data-user-guest="Y" data-user-guest="Y" data-product-code="21031311_EA" data-delete-item="false" aria-label="Add Unsalted Tortilla Chips to a List">
                                <span class="glyphicon glyphicon-th-list"></span>
                                <div class="list-cta-text  is-btn-animated">Add to List</div>
                            </button>

                            <!-- this is the list HTML   -->
                            <div class="save-to-list-popup  is-btn-animated animation-up dark" data-save-to-list-error="Can not get lists at this time. Please try again later." data-product-name="Unsalted Tortilla Chips">
                                <div class="inner-container">
                                </div>

                            </div>
                        </div>

                    </div>
                </div>
            </div>

            <div class="module-plus-minus-buttons small hidden ">
                <button type="button" class="btn cart-change-qty" data-change-type="minus" data-auid="decrease-product-quantity" alt="Minus" aria-label="Minus">
                    <span class="icon-minimize"></span>
                </button>
                <div class="plus-minus-input-wrapper">
                    <input class="input-qty cart-change-qty" aria-label="Enter manual quantity" type="text" name="qty" title="Change quantity in cart" data-unit-type="ea" value="1ea" data-change-type="equals" maxlength="7">

                    <span class="input-qty-pretty">
							<span class="input-qty-pretty-value">1</span>
                    <span class="input-qty-pretty-unit"></span>
                    </span>
                </div>

                <button type="button" class="btn cart-change-qty" data-change-type="plus" data-auid="increase-product-quantity" alt="Plus" aria-label="Plus">
                    <span class="icon-plus-sign"></span>
                </button>

                <p class="deal-limit-reached hidden">Deal Limit Reached</p>

                <div class="tooltip-qty-error tooltip-qty-limit hidden">
                    <p>
                        Limit to &nbsp; 999 &nbsp;each&nbsp; per customer.</p>
                </div>
                <div class="tooltip-qty-error tooltip-round-error hidden">
                    <p>
                        We do not have this in the weight you wanted. We've rounded your order to the nearest weight increment we stock.</p>
                </div>
            </div>
        </form>

        <!-- End Template: AddToCartSmall -->

    </div>
</div>
<div class="item">

    <div class="module-grocery-product quickview-simple  clicked" data-quickview-ajax-url="/p/20063709_EA/quickViewProduct" data-product-id="20063709_EA" data-product-price="$2.58">

        <span class="subtitle"></span>

        <div class="product-page-hotspot">
            <div class="product-cell quickview-button">
                <div class="product-image ">

                    <img src="https://assets.shop.loblaws.ca/products/20063709/b1/en/front/20063709_front_a01.png" onerror="this.src='https://assets.shop.loblaws.ca/products/NoImage/b1/en/front/NoImage_front_a01_@2.png';" alt="Popcorn Twists" />

                    <span class="sticker deal">
	  				        <span class="deal-badge">

	  				            <span class="module-deal-badge module-deal-badge-grid simple-save-unit "
	  						        data-deal-type="2 FOR $4.64"
	  						        data-ajax-promo-url="/simpleDeal/deals/product-tile?productCode=20063709_EA"
	  						        data-deal-id="20063709_EA">
	  						        <span class="deal-type">2 FOR $4.64</span>

                    <span class="deal-expiry">
		Exp. 12/31
	</span>

                    </span>
                    </span>
                    </span>

                    <div class="hover-text-container">
                        <button href="#" tabindex="0" class="hover-text " aria-label="Quick View for Popcorn Twists.">Quick View</button>
                    </div>
                </div>
            </div>

            <div class="product-in-cart">
                <div class="wrapper-product-in-cart">
                    <span>
	  			    In Cart
	  		    </span>
                </div>
            </div>

            <div class="product-info">
                <div class="product-name-wrapper">
                    <a href="/No-Navigation-Supercategory/Popcorn-%26-Pretzels/Popcorn-Twists/p/20063709_EA" class="product-name" aria-label="Product page for Popcorn Twists">
                        <span class="js-product-entry-brand">Old Dutch&nbsp;</span>

                        <span class="js-product-entry-name">Popcorn Twists</span>

                        <span class="js-product-entry-size-detail">(175 g)</span>

                    </a>
                </div>

                <span class="ad-match-badge  hidden">Ad Match</span>

                <div class="price">
                    <div class="price-wrapper no-discount  ">
                        <span class="reg-price  " aria-label="Regular Price: $2.58">
					    <span class="reg-price-text">$2.58</span>

                        <sup class="reg-price-unit">ea</sup>
                        </span>
                        <span class="sale-price hidden" aria-label="Sale Price:">
					    <span class="sale-price-text"></span>
                        <sup class="sale-price-unit">ea</sup>
                        </span>

                        <span class="secondary-price hidden">

					    <span class="secondary-price-text" aria-label="Secondary Price:"></span>
                        </span>
                    </div>
                </div>

                <div class="qty">
                    <span class="reg-qty  ">

		  		<span class="sr-only">Sale Price Per Unit:</span> $1.47 / 100 g

                    </span>

                    <span class="sale-qty hidden">

		  		<span class="sr-only">Sale Price Per Unit:</span> $1.47 / 100 g

                    </span>

                    <span class="secondary-qty hidden">

	  	<span class="secondary-qty-text"></span>
                    </span>
                </div>
            </div>

        </div>
        <form class="form-product  quickview-btn-simple" data-product-id="20063709_EA" data-min-qty="1.0" data-max-qty="999.0" data-unit-type="ea" data-cart-qty="1" data-default-qty="1" novalidate="novalidate" promoCode="" promoNumber="" data-is-customized="false" data-cart-url="/cart/product/20063709_EA" data-csrf-token="5582ec01-90c0-448b-b4f7-e2cf68d9f8a0" data-is-weighted-product="false">

            <div class="module-add-to-cart " data-change-type="plus" data-auto-edit="true" data-auto-add="true" data-cart-ajax-url="/cart/updateCart">
                <div class="wrapper-add-to-cart-btn">
                    <div class="module-add-to-cart-button-small">
                        <button type="button" class="btn btn-secondary btn-add-to-cart " data-auid="add-to-cart-button" data-has-pts-badge="false" aria-label="Add Popcorn Twists to cart">
                            <span class="icon-cart"></span>
                            <span class="add-to-cart-text">
											Add</span>
                        </button>
                        <button type="button" class="btn btn-secondary btn-edit-cart hidden " aria-label="Edit Cart">
                            <span class="qty-in-cart"></span>
                            <span class="edit-cart-text">
											<spring code="product.edit.text" />"
										</span>
                        </button>
                        <div class="add-list-parent add-list-module  bottom-add-list-module ">
                            <button class="btn btn-inline-link btn-save-to-list  dark is-btn-animated" data-login-url="/account/login?productCode=20063709_EA" data-ajax-url="/restful/lists/all?productCode=20063709_EA" data-user-guest="Y" data-user-guest="Y" data-product-code="20063709_EA" data-delete-item="false" aria-label="Add Popcorn Twists to a List">
                                <span class="glyphicon glyphicon-th-list"></span>
                                <div class="list-cta-text  is-btn-animated">Add to List</div>
                            </button>

                            <!-- this is the list HTML   -->
                            <div class="save-to-list-popup  is-btn-animated animation-up dark" data-save-to-list-error="Can not get lists at this time. Please try again later." data-product-name="Popcorn Twists">
                                <div class="inner-container">
                                </div>

                            </div>
                        </div>

                    </div>
                </div>
            </div>

            <div class="module-plus-minus-buttons small hidden ">
                <button type="button" class="btn cart-change-qty" data-change-type="minus" data-auid="decrease-product-quantity" alt="Minus" aria-label="Minus">
                    <span class="icon-minimize"></span>
                </button>
                <div class="plus-minus-input-wrapper">
                    <input class="input-qty cart-change-qty" aria-label="Enter manual quantity" type="text" name="qty" title="Change quantity in cart" data-unit-type="ea" value="1ea" data-change-type="equals" maxlength="7">

                    <span class="input-qty-pretty">
							<span class="input-qty-pretty-value">1</span>
                    <span class="input-qty-pretty-unit"></span>
                    </span>
                </div>

                <button type="button" class="btn cart-change-qty" data-change-type="plus" data-auid="increase-product-quantity" alt="Plus" aria-label="Plus">
                    <span class="icon-plus-sign"></span>
                </button>

                <p class="deal-limit-reached hidden">Deal Limit Reached</p>

                <div class="tooltip-qty-error tooltip-qty-limit hidden">
                    <p>
                        Limit to &nbsp; 999 &nbsp;each&nbsp; per customer.</p>
                </div>
                <div class="tooltip-qty-error tooltip-round-error hidden">
                    <p>
                        We do not have this in the weight you wanted. We've rounded your order to the nearest weight increment we stock.</p>
                </div>
            </div>
        </form>

        <!-- End Template: AddToCartSmall -->

    </div>
</div>
<div class="item">

    <div class="module-grocery-product quickview-simple  clicked" data-quickview-ajax-url="/p/20964360_EA/quickViewProduct" data-product-id="20964360_EA" data-product-price="$2.47">

        <span class="subtitle"></span>

        <div class="product-page-hotspot">
            <div class="product-cell quickview-button">
                <div class="product-image ">

                    <img src="https://assets.shop.loblaws.ca/products/20964360/b1/en/front/20964360_front_a01.png" onerror="this.src='https://assets.shop.loblaws.ca/products/NoImage/b1/en/front/NoImage_front_a01_@2.png';" alt="Potato Chips, Sea Salt & Pepper" />

                    <span class="sticker deal">
	  				    <span class="deal-badge">
	  					    <span class="module-deal-badge module-deal-badge-feature flyer expires undefined">
	  						    <span class="deal-type">
								    Flyer<br />
	  							    Item
	  						    </span>

                    <span class="deal-expiry">
		Exp. 12/19
	</span>

                    </span>
                    </span>
                    </span>

                    <div class="hover-text-container">
                        <button href="#" tabindex="0" class="hover-text " aria-label="Quick View for Potato Chips, Sea Salt & Pepper.">Quick View</button>
                    </div>
                </div>
            </div>

            <div class="product-in-cart">
                <div class="wrapper-product-in-cart">
                    <span>
	  			    In Cart
	  		    </span>
                </div>
            </div>

            <div class="product-info">
                <div class="product-name-wrapper">
                    <a href="/Food/Pantry/Chips-%26-Salty-Snacks/Potato-Chips/Lay%27s-Potato-Chips%2C-Sea-Salt-%26-Pepper/p/20964360_EA" class="product-name" aria-label="Product page for Potato Chips, Sea Salt & Pepper">
                        <span class="js-product-entry-brand">Lay's&nbsp;</span>

                        <span class="js-product-entry-name">Potato Chips, Sea Salt & Pepper</span>

                        <span class="js-product-entry-size-detail">(255 g)</span>

                    </a>
                </div>

                <span class="ad-match-badge  hidden">Ad Match</span>

                <div class="price">
                    <div class="price-wrapper no-discount  ">
                        <span class="reg-price  " aria-label="Regular Price: $2.47">
					    <span class="reg-price-text">$2.47</span>

                        <sup class="reg-price-unit">ea</sup>
                        </span>
                        <span class="sale-price hidden" aria-label="Sale Price:">
					    <span class="sale-price-text"></span>
                        <sup class="sale-price-unit">ea</sup>
                        </span>

                        <span class="secondary-price hidden">

					    <span class="secondary-price-text" aria-label="Secondary Price:"></span>
                        </span>
                    </div>
                </div>

                <div class="qty">
                    <span class="reg-qty  ">

		  		<span class="sr-only">Sale Price Per Unit:</span> $0.97 / 100 g

                    </span>

                    <span class="sale-qty hidden">

		  		<span class="sr-only">Sale Price Per Unit:</span> $0.97 / 100 g

                    </span>

                    <span class="secondary-qty hidden">

	  	<span class="secondary-qty-text"></span>
                    </span>
                </div>
            </div>

        </div>
        <form class="form-product  quickview-btn-simple" data-product-id="20964360_EA" data-min-qty="1.0" data-max-qty="999.0" data-unit-type="ea" data-cart-qty="1" data-default-qty="1" novalidate="novalidate" promoCode="" promoNumber="" data-is-customized="false" data-cart-url="/cart/product/20964360_EA" data-csrf-token="5582ec01-90c0-448b-b4f7-e2cf68d9f8a0" data-is-weighted-product="false">

            <div class="module-add-to-cart " data-change-type="plus" data-auto-edit="true" data-auto-add="true" data-cart-ajax-url="/cart/updateCart">
                <div class="wrapper-add-to-cart-btn">
                    <div class="module-add-to-cart-button-small">
                        <button type="button" class="btn btn-secondary btn-add-to-cart " data-auid="add-to-cart-button" data-has-pts-badge="false" aria-label="Add Potato Chips, Sea Salt & Pepper to cart">
                            <span class="icon-cart"></span>
                            <span class="add-to-cart-text">
											Add</span>
                        </button>
                        <button type="button" class="btn btn-secondary btn-edit-cart hidden " aria-label="Edit Cart">
                            <span class="qty-in-cart"></span>
                            <span class="edit-cart-text">
											<spring code="product.edit.text" />"
										</span>
                        </button>
                        <div class="add-list-parent add-list-module  bottom-add-list-module ">
                            <button class="btn btn-inline-link btn-save-to-list  dark is-btn-animated" data-login-url="/account/login?productCode=20964360_EA" data-ajax-url="/restful/lists/all?productCode=20964360_EA" data-user-guest="Y" data-user-guest="Y" data-product-code="20964360_EA" data-delete-item="false" aria-label="Add Potato Chips, Sea Salt & Pepper to a List">
                                <span class="glyphicon glyphicon-th-list"></span>
                                <div class="list-cta-text  is-btn-animated">Add to List</div>
                            </button>

                            <!-- this is the list HTML   -->
                            <div class="save-to-list-popup  is-btn-animated animation-up dark" data-save-to-list-error="Can not get lists at this time. Please try again later." data-product-name="Potato Chips, Sea Salt & Pepper">
                                <div class="inner-container">
                                </div>

                            </div>
                        </div>

                    </div>
                </div>
            </div>

            <div class="module-plus-minus-buttons small hidden ">
                <button type="button" class="btn cart-change-qty" data-change-type="minus" data-auid="decrease-product-quantity" alt="Minus" aria-label="Minus">
                    <span class="icon-minimize"></span>
                </button>
                <div class="plus-minus-input-wrapper">
                    <input class="input-qty cart-change-qty" aria-label="Enter manual quantity" type="text" name="qty" title="Change quantity in cart" data-unit-type="ea" value="1ea" data-change-type="equals" maxlength="7">

                    <span class="input-qty-pretty">
							<span class="input-qty-pretty-value">1</span>
                    <span class="input-qty-pretty-unit"></span>
                    </span>
                </div>

                <button type="button" class="btn cart-change-qty" data-change-type="plus" data-auid="increase-product-quantity" alt="Plus" aria-label="Plus">
                    <span class="icon-plus-sign"></span>
                </button>

                <p class="deal-limit-reached hidden">Deal Limit Reached</p>

                <div class="tooltip-qty-error tooltip-qty-limit hidden">
                    <p>
                        Limit to &nbsp; 999 &nbsp;each&nbsp; per customer.</p>
                </div>
                <div class="tooltip-qty-error tooltip-round-error hidden">
                    <p>
                        We do not have this in the weight you wanted. We've rounded your order to the nearest weight increment we stock.</p>
                </div>
            </div>
        </form>

        <!-- End Template: AddToCartSmall -->

    </div>
</div>
<div class="item">

    <div class="module-grocery-product quickview-simple  clicked" data-quickview-ajax-url="/p/21042379_EA/quickViewProduct" data-product-id="21042379_EA" data-product-price="$2.47">

        <span class="subtitle"></span>

        <div class="product-page-hotspot">
            <div class="product-cell quickview-button">
                <div class="product-image ">

                    <img src="https://assets.shop.loblaws.ca/products/21042379/b1/en/front/21042379_front_a01.png" onerror="this.src='https://assets.shop.loblaws.ca/products/NoImage/b1/en/front/NoImage_front_a01_@2.png';" alt="Poppables Potato Chips, White Cheddar" />

                    <span class="sticker deal">
	  				    <span class="deal-badge">
	  					    <span class="module-deal-badge module-deal-badge-feature flyer expires undefined">
	  						    <span class="deal-type">
								    Flyer<br />
	  							    Item
	  						    </span>

                    <span class="deal-expiry">
		Exp. 12/19
	</span>

                    </span>
                    </span>
                    </span>

                    <div class="hover-text-container">
                        <button href="#" tabindex="0" class="hover-text " aria-label="Quick View for Poppables Potato Chips, White Cheddar.">Quick View</button>
                    </div>
                </div>
            </div>

            <div class="product-in-cart">
                <div class="wrapper-product-in-cart">
                    <span>
	  			    In Cart
	  		    </span>
                </div>
            </div>

            <div class="product-info">
                <div class="product-name-wrapper">
                    <a href="/Food/Pantry/Chips-%26-Salty-Snacks/Pretzels-%26-Snack-Mixes/Lay%27s-POPPABLES-Poppables-Potato-Chips%2C-White-Cheddar/p/21042379_EA" class="product-name" aria-label="Product page for Poppables Potato Chips, White Cheddar">
                        <span class="js-product-entry-brand">Lay's&nbsp;</span>

                        <span class="js-product-entry-name">Poppables Potato Chips, White Cheddar</span>

                        <span class="js-product-entry-size-detail">(141 g)</span>

                    </a>
                </div>

                <span class="ad-match-badge  hidden">Ad Match</span>

                <div class="price">
                    <div class="price-wrapper no-discount  ">
                        <span class="reg-price  " aria-label="Regular Price: $2.47">
					    <span class="reg-price-text">$2.47</span>

                        <sup class="reg-price-unit">ea</sup>
                        </span>
                        <span class="sale-price hidden" aria-label="Sale Price:">
					    <span class="sale-price-text"></span>
                        <sup class="sale-price-unit">ea</sup>
                        </span>

                        <span class="secondary-price hidden">

					    <span class="secondary-price-text" aria-label="Secondary Price:"></span>
                        </span>
                    </div>
                </div>

                <div class="qty">
                    <span class="reg-qty  ">

		  		<span class="sr-only">Sale Price Per Unit:</span> $1.75 / 100 g

                    </span>

                    <span class="sale-qty hidden">

		  		<span class="sr-only">Sale Price Per Unit:</span> $1.75 / 100 g

                    </span>

                    <span class="secondary-qty hidden">

	  	<span class="secondary-qty-text"></span>
                    </span>
                </div>
            </div>

        </div>
        <form class="form-product  quickview-btn-simple" data-product-id="21042379_EA" data-min-qty="1.0" data-max-qty="999.0" data-unit-type="ea" data-cart-qty="1" data-default-qty="1" novalidate="novalidate" promoCode="" promoNumber="" data-is-customized="false" data-cart-url="/cart/product/21042379_EA" data-csrf-token="5582ec01-90c0-448b-b4f7-e2cf68d9f8a0" data-is-weighted-product="false">

            <div class="module-add-to-cart " data-change-type="plus" data-auto-edit="true" data-auto-add="true" data-cart-ajax-url="/cart/updateCart">
                <div class="wrapper-add-to-cart-btn">
                    <div class="module-add-to-cart-button-small">
                        <button type="button" class="btn btn-secondary btn-add-to-cart " data-auid="add-to-cart-button" data-has-pts-badge="false" aria-label="Add Poppables Potato Chips, White Cheddar to cart">
                            <span class="icon-cart"></span>
                            <span class="add-to-cart-text">
											Add</span>
                        </button>
                        <button type="button" class="btn btn-secondary btn-edit-cart hidden " aria-label="Edit Cart">
                            <span class="qty-in-cart"></span>
                            <span class="edit-cart-text">
											<spring code="product.edit.text" />"
										</span>
                        </button>
                        <div class="add-list-parent add-list-module  bottom-add-list-module ">
                            <button class="btn btn-inline-link btn-save-to-list  dark is-btn-animated" data-login-url="/account/login?productCode=21042379_EA" data-ajax-url="/restful/lists/all?productCode=21042379_EA" data-user-guest="Y" data-user-guest="Y" data-product-code="21042379_EA" data-delete-item="false" aria-label="Add Poppables Potato Chips, White Cheddar to a List">
                                <span class="glyphicon glyphicon-th-list"></span>
                                <div class="list-cta-text  is-btn-animated">Add to List</div>
                            </button>

                            <!-- this is the list HTML   -->
                            <div class="save-to-list-popup  is-btn-animated animation-up dark" data-save-to-list-error="Can not get lists at this time. Please try again later." data-product-name="Poppables Potato Chips, White Cheddar">
                                <div class="inner-container">
                                </div>

                            </div>
                        </div>

                    </div>
                </div>
            </div>

            <div class="module-plus-minus-buttons small hidden ">
                <button type="button" class="btn cart-change-qty" data-change-type="minus" data-auid="decrease-product-quantity" alt="Minus" aria-label="Minus">
                    <span class="icon-minimize"></span>
                </button>
                <div class="plus-minus-input-wrapper">
                    <input class="input-qty cart-change-qty" aria-label="Enter manual quantity" type="text" name="qty" title="Change quantity in cart" data-unit-type="ea" value="1ea" data-change-type="equals" maxlength="7">

                    <span class="input-qty-pretty">
							<span class="input-qty-pretty-value">1</span>
                    <span class="input-qty-pretty-unit"></span>
                    </span>
                </div>

                <button type="button" class="btn cart-change-qty" data-change-type="plus" data-auid="increase-product-quantity" alt="Plus" aria-label="Plus">
                    <span class="icon-plus-sign"></span>
                </button>

                <p class="deal-limit-reached hidden">Deal Limit Reached</p>

                <div class="tooltip-qty-error tooltip-qty-limit hidden">
                    <p>
                        Limit to &nbsp; 999 &nbsp;each&nbsp; per customer.</p>
                </div>
                <div class="tooltip-qty-error tooltip-round-error hidden">
                    <p>
                        We do not have this in the weight you wanted. We've rounded your order to the nearest weight increment we stock.</p>
                </div>
            </div>
        </form>

        <!-- End Template: AddToCartSmall -->

    </div>
</div>
<div class="item">

    <div class="module-grocery-product quickview-simple  clicked" data-quickview-ajax-url="/p/21109261_EA/quickViewProduct" data-product-id="21109261_EA" data-product-price="$2.47">

        <span class="subtitle"></span>

        <div class="product-page-hotspot">
            <div class="product-cell quickview-button">
                <div class="product-image ">

                    <img src="https://assets.shop.loblaws.ca/products/21109261/b1/en/front/21109261_front_a01.png" onerror="this.src='https://assets.shop.loblaws.ca/products/NoImage/b1/en/front/NoImage_front_a01_@2.png';" alt="Potato Chips, Pizza" />

                    <span class="sticker deal">
	  				    <span class="deal-badge">
	  					    <span class="module-deal-badge module-deal-badge-feature flyer expires undefined">
	  						    <span class="deal-type">
								    Flyer<br />
	  							    Item
	  						    </span>

                    <span class="deal-expiry">
		Exp. 12/19
	</span>

                    </span>
                    </span>
                    </span>

                    <div class="hover-text-container">
                        <button href="#" tabindex="0" class="hover-text " aria-label="Quick View for Potato Chips, Pizza.">Quick View</button>
                    </div>
                </div>
            </div>

            <div class="product-in-cart">
                <div class="wrapper-product-in-cart">
                    <span>
	  			    In Cart
	  		    </span>
                </div>
            </div>

            <div class="product-info">
                <div class="product-name-wrapper">
                    <a href="/Food/Pantry/Chips-%26-Salty-Snacks/Potato-Chips/Lay%27s-Potato-Chips%2C-Pizza/p/21109261_EA" class="product-name" aria-label="Product page for Potato Chips, Pizza">
                        <span class="js-product-entry-brand">Lay's&nbsp;</span>

                        <span class="js-product-entry-name">Potato Chips, Pizza</span>

                        <span class="js-product-entry-size-detail">(240 g)</span>

                    </a>
                </div>

                <span class="ad-match-badge  hidden">Ad Match</span>

                <div class="price">
                    <div class="price-wrapper no-discount  ">
                        <span class="reg-price  " aria-label="Regular Price: $2.47">
					    <span class="reg-price-text">$2.47</span>

                        <sup class="reg-price-unit">ea</sup>
                        </span>
                        <span class="sale-price hidden" aria-label="Sale Price:">
					    <span class="sale-price-text"></span>
                        <sup class="sale-price-unit">ea</sup>
                        </span>

                        <span class="secondary-price hidden">

					    <span class="secondary-price-text" aria-label="Secondary Price:"></span>
                        </span>
                    </div>
                </div>

                <div class="qty">
                    <span class="reg-qty  ">

		  		<span class="sr-only">Sale Price Per Unit:</span> $1.03 / 100 g

                    </span>

                    <span class="sale-qty hidden">

		  		<span class="sr-only">Sale Price Per Unit:</span> $1.03 / 100 g

                    </span>

                    <span class="secondary-qty hidden">

	  	<span class="secondary-qty-text"></span>
                    </span>
                </div>
            </div>

        </div>
        <form class="form-product  quickview-btn-simple" data-product-id="21109261_EA" data-min-qty="1.0" data-max-qty="999.0" data-unit-type="ea" data-cart-qty="1" data-default-qty="1" novalidate="novalidate" promoCode="" promoNumber="" data-is-customized="false" data-cart-url="/cart/product/21109261_EA" data-csrf-token="5582ec01-90c0-448b-b4f7-e2cf68d9f8a0" data-is-weighted-product="false">

            <div class="module-add-to-cart " data-change-type="plus" data-auto-edit="true" data-auto-add="true" data-cart-ajax-url="/cart/updateCart">
                <div class="wrapper-add-to-cart-btn">
                    <div class="module-add-to-cart-button-small">
                        <button type="button" class="btn btn-secondary btn-add-to-cart " data-auid="add-to-cart-button" data-has-pts-badge="false" aria-label="Add Potato Chips, Pizza to cart">
                            <span class="icon-cart"></span>
                            <span class="add-to-cart-text">
											Add</span>
                        </button>
                        <button type="button" class="btn btn-secondary btn-edit-cart hidden " aria-label="Edit Cart">
                            <span class="qty-in-cart"></span>
                            <span class="edit-cart-text">
											<spring code="product.edit.text" />"
										</span>
                        </button>
                        <div class="add-list-parent add-list-module  bottom-add-list-module ">
                            <button class="btn btn-inline-link btn-save-to-list  dark is-btn-animated" data-login-url="/account/login?productCode=21109261_EA" data-ajax-url="/restful/lists/all?productCode=21109261_EA" data-user-guest="Y" data-user-guest="Y" data-product-code="21109261_EA" data-delete-item="false" aria-label="Add Potato Chips, Pizza to a List">
                                <span class="glyphicon glyphicon-th-list"></span>
                                <div class="list-cta-text  is-btn-animated">Add to List</div>
                            </button>

                            <!-- this is the list HTML   -->
                            <div class="save-to-list-popup  is-btn-animated animation-up dark" data-save-to-list-error="Can not get lists at this time. Please try again later." data-product-name="Potato Chips, Pizza">
                                <div class="inner-container">
                                </div>

                            </div>
                        </div>

                    </div>
                </div>
            </div>

            <div class="module-plus-minus-buttons small hidden ">
                <button type="button" class="btn cart-change-qty" data-change-type="minus" data-auid="decrease-product-quantity" alt="Minus" aria-label="Minus">
                    <span class="icon-minimize"></span>
                </button>
                <div class="plus-minus-input-wrapper">
                    <input class="input-qty cart-change-qty" aria-label="Enter manual quantity" type="text" name="qty" title="Change quantity in cart" data-unit-type="ea" value="1ea" data-change-type="equals" maxlength="7">

                    <span class="input-qty-pretty">
							<span class="input-qty-pretty-value">1</span>
                    <span class="input-qty-pretty-unit"></span>
                    </span>
                </div>

                <button type="button" class="btn cart-change-qty" data-change-type="plus" data-auid="increase-product-quantity" alt="Plus" aria-label="Plus">
                    <span class="icon-plus-sign"></span>
                </button>

                <p class="deal-limit-reached hidden">Deal Limit Reached</p>

                <div class="tooltip-qty-error tooltip-qty-limit hidden">
                    <p>
                        Limit to &nbsp; 999 &nbsp;each&nbsp; per customer.</p>
                </div>
                <div class="tooltip-qty-error tooltip-round-error hidden">
                    <p>
                        We do not have this in the weight you wanted. We've rounded your order to the nearest weight increment we stock.</p>
                </div>
            </div>
        </form>

        <!-- End Template: AddToCartSmall -->

    </div>
</div>
<div class="item">

    <div class="module-grocery-product quickview-simple  clicked" data-quickview-ajax-url="/p/20502838_EA/quickViewProduct" data-product-id="20502838_EA" data-product-price="$3.28">

        <span class="subtitle"></span>

        <div class="product-page-hotspot">
            <div class="product-cell quickview-button">
                <div class="product-image ">

                    <img src="https://assets.shop.loblaws.ca/products/20502838/b1/en/front/20502838_front_a01.png" onerror="this.src='https://assets.shop.loblaws.ca/products/NoImage/b1/en/front/NoImage_front_a01_@2.png';" alt="Restaurante Tortilla Chips, Original" />

                    <div class="hover-text-container">
                        <button href="#" tabindex="0" class="hover-text " aria-label="Quick View for Restaurante Tortilla Chips, Original.">Quick View</button>
                    </div>
                </div>
            </div>

            <div class="product-in-cart">
                <div class="wrapper-product-in-cart">
                    <span>
	  			    In Cart
	  		    </span>
                </div>
            </div>

            <div class="product-info">
                <div class="product-name-wrapper">
                    <a href="/Food/Pantry/Chips-%26-Salty-Snacks/Tortilla-Chips/Old-Dutch-RESTAURANTE-Restaurante-Tortilla-Chips%2C-Original/p/20502838_EA" class="product-name" aria-label="Product page for Restaurante Tortilla Chips, Original">
                        <span class="js-product-entry-brand">Old Dutch&nbsp;</span>

                        <span class="js-product-entry-name">Restaurante Tortilla Chips, Original</span>

                        <span class="js-product-entry-size-detail">(300 g)</span>

                    </a>
                </div>

                <span class="ad-match-badge  hidden">Ad Match</span>

                <div class="price">
                    <div class="price-wrapper no-discount  ">
                        <span class="reg-price  " aria-label="Regular Price: $3.28">
					    <span class="reg-price-text">$3.28</span>

                        <sup class="reg-price-unit">ea</sup>
                        </span>
                        <span class="sale-price hidden" aria-label="Sale Price:">
					    <span class="sale-price-text"></span>
                        <sup class="sale-price-unit">ea</sup>
                        </span>

                        <span class="secondary-price hidden">

					    <span class="secondary-price-text" aria-label="Secondary Price:"></span>
                        </span>
                    </div>
                </div>

                <div class="qty">
                    <span class="reg-qty  ">

		  		<span class="sr-only">Sale Price Per Unit:</span> $1.09 / 100 g

                    </span>

                    <span class="sale-qty hidden">

		  		<span class="sr-only">Sale Price Per Unit:</span> $1.09 / 100 g

                    </span>

                    <span class="secondary-qty hidden">

	  	<span class="secondary-qty-text"></span>
                    </span>
                </div>
            </div>

        </div>
        <form class="form-product  quickview-btn-simple" data-product-id="20502838_EA" data-min-qty="1.0" data-max-qty="999.0" data-unit-type="ea" data-cart-qty="1" data-default-qty="1" novalidate="novalidate" promoCode="" promoNumber="" data-is-customized="false" data-cart-url="/cart/product/20502838_EA" data-csrf-token="5582ec01-90c0-448b-b4f7-e2cf68d9f8a0" data-is-weighted-product="false">

            <div class="module-add-to-cart " data-change-type="plus" data-auto-edit="true" data-auto-add="true" data-cart-ajax-url="/cart/updateCart">
                <div class="wrapper-add-to-cart-btn">
                    <div class="module-add-to-cart-button-small">
                        <button type="button" class="btn btn-secondary btn-add-to-cart " data-auid="add-to-cart-button" data-has-pts-badge="false" aria-label="Add Restaurante Tortilla Chips, Original to cart">
                            <span class="icon-cart"></span>
                            <span class="add-to-cart-text">
											Add</span>
                        </button>
                        <button type="button" class="btn btn-secondary btn-edit-cart hidden " aria-label="Edit Cart">
                            <span class="qty-in-cart"></span>
                            <span class="edit-cart-text">
											<spring code="product.edit.text" />"
										</span>
                        </button>
                        <div class="add-list-parent add-list-module  bottom-add-list-module ">
                            <button class="btn btn-inline-link btn-save-to-list  dark is-btn-animated" data-login-url="/account/login?productCode=20502838_EA" data-ajax-url="/restful/lists/all?productCode=20502838_EA" data-user-guest="Y" data-user-guest="Y" data-product-code="20502838_EA" data-delete-item="false" aria-label="Add Restaurante Tortilla Chips, Original to a List">
                                <span class="glyphicon glyphicon-th-list"></span>
                                <div class="list-cta-text  is-btn-animated">Add to List</div>
                            </button>

                            <!-- this is the list HTML   -->
                            <div class="save-to-list-popup  is-btn-animated animation-up dark" data-save-to-list-error="Can not get lists at this time. Please try again later." data-product-name="Restaurante Tortilla Chips, Original">
                                <div class="inner-container">
                                </div>

                            </div>
                        </div>

                    </div>
                </div>
            </div>

            <div class="module-plus-minus-buttons small hidden ">
                <button type="button" class="btn cart-change-qty" data-change-type="minus" data-auid="decrease-product-quantity" alt="Minus" aria-label="Minus">
                    <span class="icon-minimize"></span>
                </button>
                <div class="plus-minus-input-wrapper">
                    <input class="input-qty cart-change-qty" aria-label="Enter manual quantity" type="text" name="qty" title="Change quantity in cart" data-unit-type="ea" value="1ea" data-change-type="equals" maxlength="7">

                    <span class="input-qty-pretty">
							<span class="input-qty-pretty-value">1</span>
                    <span class="input-qty-pretty-unit"></span>
                    </span>
                </div>

                <button type="button" class="btn cart-change-qty" data-change-type="plus" data-auid="increase-product-quantity" alt="Plus" aria-label="Plus">
                    <span class="icon-plus-sign"></span>
                </button>

                <p class="deal-limit-reached hidden">Deal Limit Reached</p>

                <div class="tooltip-qty-error tooltip-qty-limit hidden">
                    <p>
                        Limit to &nbsp; 999 &nbsp;each&nbsp; per customer.</p>
                </div>
                <div class="tooltip-qty-error tooltip-round-error hidden">
                    <p>
                        We do not have this in the weight you wanted. We've rounded your order to the nearest weight increment we stock.</p>
                </div>
            </div>
        </form>

        <!-- End Template: AddToCartSmall -->

    </div>
</div>
<div class="item">

    <div class="module-grocery-product quickview-simple  clicked" data-quickview-ajax-url="/p/20964325_EA/quickViewProduct" data-product-id="20964325_EA" data-product-price="$2.47">

        <span class="subtitle"></span>

        <div class="product-page-hotspot">
            <div class="product-cell quickview-button">
                <div class="product-image ">

                    <img src="https://assets.shop.loblaws.ca/products/20964325/b1/en/front/20964325_front_a01.png" onerror="this.src='https://assets.shop.loblaws.ca/products/NoImage/b1/en/front/NoImage_front_a01_@2.png';" alt="Potato Chips, Sour Cream & Onion" />

                    <span class="sticker deal">
	  				    <span class="deal-badge">
	  					    <span class="module-deal-badge module-deal-badge-feature flyer expires undefined">
	  						    <span class="deal-type">
								    Flyer<br />
	  							    Item
	  						    </span>

                    <span class="deal-expiry">
		Exp. 12/19
	</span>

                    </span>
                    </span>
                    </span>

                    <div class="hover-text-container">
                        <button href="#" tabindex="0" class="hover-text " aria-label="Quick View for Potato Chips, Sour Cream & Onion.">Quick View</button>
                    </div>
                </div>
            </div>

            <div class="product-in-cart">
                <div class="wrapper-product-in-cart">
                    <span>
	  			    In Cart
	  		    </span>
                </div>
            </div>

            <div class="product-info">
                <div class="product-name-wrapper">
                    <a href="/Food/Pantry/Chips-%26-Salty-Snacks/Potato-Chips/Lay%27s-Potato-Chips%2C-Sour-Cream-%26-Onion/p/20964325_EA" class="product-name" aria-label="Product page for Potato Chips, Sour Cream & Onion">
                        <span class="js-product-entry-brand">Lay's&nbsp;</span>

                        <span class="js-product-entry-name">Potato Chips, Sour Cream & Onion</span>

                        <span class="js-product-entry-size-detail">(255 g)</span>

                    </a>
                </div>

                <span class="ad-match-badge  hidden">Ad Match</span>

                <div class="price">
                    <div class="price-wrapper no-discount  ">
                        <span class="reg-price  " aria-label="Regular Price: $2.47">
					    <span class="reg-price-text">$2.47</span>

                        <sup class="reg-price-unit">ea</sup>
                        </span>
                        <span class="sale-price hidden" aria-label="Sale Price:">
					    <span class="sale-price-text"></span>
                        <sup class="sale-price-unit">ea</sup>
                        </span>

                        <span class="secondary-price hidden">

					    <span class="secondary-price-text" aria-label="Secondary Price:"></span>
                        </span>
                    </div>
                </div>

                <div class="qty">
                    <span class="reg-qty  ">

		  		<span class="sr-only">Sale Price Per Unit:</span> $0.97 / 100 g

                    </span>

                    <span class="sale-qty hidden">

		  		<span class="sr-only">Sale Price Per Unit:</span> $0.97 / 100 g

                    </span>

                    <span class="secondary-qty hidden">

	  	<span class="secondary-qty-text"></span>
                    </span>
                </div>
            </div>

        </div>
        <form class="form-product  quickview-btn-simple" data-product-id="20964325_EA" data-min-qty="1.0" data-max-qty="999.0" data-unit-type="ea" data-cart-qty="1" data-default-qty="1" novalidate="novalidate" promoCode="" promoNumber="" data-is-customized="false" data-cart-url="/cart/product/20964325_EA" data-csrf-token="5582ec01-90c0-448b-b4f7-e2cf68d9f8a0" data-is-weighted-product="false">

            <div class="module-add-to-cart " data-change-type="plus" data-auto-edit="true" data-auto-add="true" data-cart-ajax-url="/cart/updateCart">
                <div class="wrapper-add-to-cart-btn">
                    <div class="module-add-to-cart-button-small">
                        <button type="button" class="btn btn-secondary btn-add-to-cart " data-auid="add-to-cart-button" data-has-pts-badge="false" aria-label="Add Potato Chips, Sour Cream & Onion to cart">
                            <span class="icon-cart"></span>
                            <span class="add-to-cart-text">
											Add</span>
                        </button>
                        <button type="button" class="btn btn-secondary btn-edit-cart hidden " aria-label="Edit Cart">
                            <span class="qty-in-cart"></span>
                            <span class="edit-cart-text">
											<spring code="product.edit.text" />"
										</span>
                        </button>
                        <div class="add-list-parent add-list-module  bottom-add-list-module ">
                            <button class="btn btn-inline-link btn-save-to-list  dark is-btn-animated" data-login-url="/account/login?productCode=20964325_EA" data-ajax-url="/restful/lists/all?productCode=20964325_EA" data-user-guest="Y" data-user-guest="Y" data-product-code="20964325_EA" data-delete-item="false" aria-label="Add Potato Chips, Sour Cream & Onion to a List">
                                <span class="glyphicon glyphicon-th-list"></span>
                                <div class="list-cta-text  is-btn-animated">Add to List</div>
                            </button>

                            <!-- this is the list HTML   -->
                            <div class="save-to-list-popup  is-btn-animated animation-up dark" data-save-to-list-error="Can not get lists at this time. Please try again later." data-product-name="Potato Chips, Sour Cream & Onion">
                                <div class="inner-container">
                                </div>

                            </div>
                        </div>

                    </div>
                </div>
            </div>

            <div class="module-plus-minus-buttons small hidden ">
                <button type="button" class="btn cart-change-qty" data-change-type="minus" data-auid="decrease-product-quantity" alt="Minus" aria-label="Minus">
                    <span class="icon-minimize"></span>
                </button>
                <div class="plus-minus-input-wrapper">
                    <input class="input-qty cart-change-qty" aria-label="Enter manual quantity" type="text" name="qty" title="Change quantity in cart" data-unit-type="ea" value="1ea" data-change-type="equals" maxlength="7">

                    <span class="input-qty-pretty">
							<span class="input-qty-pretty-value">1</span>
                    <span class="input-qty-pretty-unit"></span>
                    </span>
                </div>

                <button type="button" class="btn cart-change-qty" data-change-type="plus" data-auid="increase-product-quantity" alt="Plus" aria-label="Plus">
                    <span class="icon-plus-sign"></span>
                </button>

                <p class="deal-limit-reached hidden">Deal Limit Reached</p>

                <div class="tooltip-qty-error tooltip-qty-limit hidden">
                    <p>
                        Limit to &nbsp; 999 &nbsp;each&nbsp; per customer.</p>
                </div>
                <div class="tooltip-qty-error tooltip-round-error hidden">
                    <p>
                        We do not have this in the weight you wanted. We've rounded your order to the nearest weight increment we stock.</p>
                </div>
            </div>
        </form>

        <!-- End Template: AddToCartSmall -->

    </div>
</div>
<div class="item">

    <div class="module-grocery-product quickview-simple  clicked" data-quickview-ajax-url="/p/20301951002_EA/quickViewProduct" data-product-id="20301951002_EA" data-product-price="$3.97">

        <span class="subtitle"></span>

        <div class="product-page-hotspot">
            <div class="product-cell quickview-button">
                <div class="product-image ">

                    <img src="https://assets.shop.loblaws.ca/products/20301951002/b1/en/front/20301951002_front_a01.png" onerror="this.src='https://assets.shop.loblaws.ca/products/NoImage/b1/en/front/NoImage_front_a01_@2.png';" alt="Kettle Cooked Potato Chips, Balsamic Vinegar & Sweet Onion" />

                    <div class="hover-text-container">
                        <button href="#" tabindex="0" class="hover-text " aria-label="Quick View for Kettle Cooked Potato Chips, Balsamic Vinegar & Sweet Onion.">Quick View</button>
                    </div>
                </div>
            </div>

            <div class="product-in-cart">
                <div class="wrapper-product-in-cart">
                    <span>
	  			    In Cart
	  		    </span>
                </div>
            </div>

            <div class="product-info">
                <div class="product-name-wrapper">
                    <a href="/Food/Pantry/Chips-%26-Salty-Snacks/Potato-Chips/Kettle-Cooked-Potato-Chips%2C-Balsamic-Vinegar-%26-Sweet-Onion/p/20301951002_EA" class="product-name" aria-label="Product page for Kettle Cooked Potato Chips, Balsamic Vinegar & Sweet Onion">
                        <span class="js-product-entry-brand">Miss Vickies&nbsp;</span>

                        <span class="js-product-entry-name">Kettle Cooked Potato Chips, Balsamic Vinegar & Sweet Onion</span>

                        <span class="js-product-entry-size-detail">(220 g)</span>

                    </a>
                </div>

                <span class="ad-match-badge  hidden">Ad Match</span>

                <div class="price">
                    <div class="price-wrapper no-discount  ">
                        <span class="reg-price  " aria-label="Regular Price: $3.97">
					    <span class="reg-price-text">$3.97</span>

                        <sup class="reg-price-unit">ea</sup>
                        </span>
                        <span class="sale-price hidden" aria-label="Sale Price:">
					    <span class="sale-price-text"></span>
                        <sup class="sale-price-unit">ea</sup>
                        </span>

                        <span class="secondary-price hidden">

					    <span class="secondary-price-text" aria-label="Secondary Price:"></span>
                        </span>
                    </div>
                </div>

                <div class="qty">
                    <span class="reg-qty  ">

		  		<span class="sr-only">Sale Price Per Unit:</span> $1.80 / 100 g

                    </span>

                    <span class="sale-qty hidden">

		  		<span class="sr-only">Sale Price Per Unit:</span> $1.80 / 100 g

                    </span>

                    <span class="secondary-qty hidden">

	  	<span class="secondary-qty-text"></span>
                    </span>
                </div>
            </div>

        </div>
        <form class="form-product  quickview-btn-simple" data-product-id="20301951002_EA" data-min-qty="1.0" data-max-qty="999.0" data-unit-type="ea" data-cart-qty="1" data-default-qty="1" novalidate="novalidate" promoCode="" promoNumber="" data-is-customized="false" data-cart-url="/cart/product/20301951002_EA" data-csrf-token="5582ec01-90c0-448b-b4f7-e2cf68d9f8a0" data-is-weighted-product="false">

            <div class="module-add-to-cart " data-change-type="plus" data-auto-edit="true" data-auto-add="true" data-cart-ajax-url="/cart/updateCart">
                <div class="wrapper-add-to-cart-btn">
                    <div class="module-add-to-cart-button-small">
                        <button type="button" class="btn btn-secondary btn-add-to-cart " data-auid="add-to-cart-button" data-has-pts-badge="false" aria-label="Add Kettle Cooked Potato Chips, Balsamic Vinegar & Sweet Onion to cart">
                            <span class="icon-cart"></span>
                            <span class="add-to-cart-text">
											Add</span>
                        </button>
                        <button type="button" class="btn btn-secondary btn-edit-cart hidden " aria-label="Edit Cart">
                            <span class="qty-in-cart"></span>
                            <span class="edit-cart-text">
											<spring code="product.edit.text" />"
										</span>
                        </button>
                        <div class="add-list-parent add-list-module  bottom-add-list-module ">
                            <button class="btn btn-inline-link btn-save-to-list  dark is-btn-animated" data-login-url="/account/login?productCode=20301951002_EA" data-ajax-url="/restful/lists/all?productCode=20301951002_EA" data-user-guest="Y" data-user-guest="Y" data-product-code="20301951002_EA" data-delete-item="false" aria-label="Add Kettle Cooked Potato Chips, Balsamic Vinegar & Sweet Onion to a List">
                                <span class="glyphicon glyphicon-th-list"></span>
                                <div class="list-cta-text  is-btn-animated">Add to List</div>
                            </button>

                            <!-- this is the list HTML   -->
                            <div class="save-to-list-popup  is-btn-animated animation-up dark" data-save-to-list-error="Can not get lists at this time. Please try again later." data-product-name="Kettle Cooked Potato Chips, Balsamic Vinegar & Sweet Onion">
                                <div class="inner-container">
                                </div>

                            </div>
                        </div>

                    </div>
                </div>
            </div>

            <div class="module-plus-minus-buttons small hidden ">
                <button type="button" class="btn cart-change-qty" data-change-type="minus" data-auid="decrease-product-quantity" alt="Minus" aria-label="Minus">
                    <span class="icon-minimize"></span>
                </button>
                <div class="plus-minus-input-wrapper">
                    <input class="input-qty cart-change-qty" aria-label="Enter manual quantity" type="text" name="qty" title="Change quantity in cart" data-unit-type="ea" value="1ea" data-change-type="equals" maxlength="7">

                    <span class="input-qty-pretty">
							<span class="input-qty-pretty-value">1</span>
                    <span class="input-qty-pretty-unit"></span>
                    </span>
                </div>

                <button type="button" class="btn cart-change-qty" data-change-type="plus" data-auid="increase-product-quantity" alt="Plus" aria-label="Plus">
                    <span class="icon-plus-sign"></span>
                </button>

                <p class="deal-limit-reached hidden">Deal Limit Reached</p>

                <div class="tooltip-qty-error tooltip-qty-limit hidden">
                    <p>
                        Limit to &nbsp; 999 &nbsp;each&nbsp; per customer.</p>
                </div>
                <div class="tooltip-qty-error tooltip-round-error hidden">
                    <p>
                        We do not have this in the weight you wanted. We've rounded your order to the nearest weight increment we stock.</p>
                </div>
            </div>
        </form>

        <!-- End Template: AddToCartSmall -->

    </div>
</div>
<div class="item">

    <div class="module-grocery-product quickview-simple  clicked" data-quickview-ajax-url="/p/20503218004_EA/quickViewProduct" data-product-id="20503218004_EA" data-product-price="$3.28">

        <span class="subtitle"></span>

        <div class="product-page-hotspot">
            <div class="product-cell quickview-button">
                <div class="product-image ">

                    <img src="https://assets.shop.loblaws.ca/products/20503218004/b1/en/front/20503218004_front_a01.png" onerror="this.src='https://assets.shop.loblaws.ca/products/NoImage/b1/en/front/NoImage_front_a01_@2.png';" alt="Restaurante Tortilla Chips, Deli Rounds" />

                    <div class="hover-text-container">
                        <button href="#" tabindex="0" class="hover-text " aria-label="Quick View for Restaurante Tortilla Chips, Deli Rounds.">Quick View</button>
                    </div>
                </div>
            </div>

            <div class="product-in-cart">
                <div class="wrapper-product-in-cart">
                    <span>
	  			    In Cart
	  		    </span>
                </div>
            </div>

            <div class="product-info">
                <div class="product-name-wrapper">
                    <a href="/Food/Pantry/Chips-%26-Salty-Snacks/Tortilla-Chips/Old-Dutch-RESTAURANTE-Restaurante-Tortilla-Chips%2C-Deli-Rounds/p/20503218004_EA" class="product-name" aria-label="Product page for Restaurante Tortilla Chips, Deli Rounds">
                        <span class="js-product-entry-brand">Old Dutch&nbsp;</span>

                        <span class="js-product-entry-name">Restaurante Tortilla Chips, Deli Rounds</span>

                        <span class="js-product-entry-size-detail">(310 g)</span>

                    </a>
                </div>

                <span class="ad-match-badge  hidden">Ad Match</span>

                <div class="price">
                    <div class="price-wrapper no-discount  ">
                        <span class="reg-price  " aria-label="Regular Price: $3.28">
					    <span class="reg-price-text">$3.28</span>

                        <sup class="reg-price-unit">ea</sup>
                        </span>
                        <span class="sale-price hidden" aria-label="Sale Price:">
					    <span class="sale-price-text"></span>
                        <sup class="sale-price-unit">ea</sup>
                        </span>

                        <span class="secondary-price hidden">

					    <span class="secondary-price-text" aria-label="Secondary Price:"></span>
                        </span>
                    </div>
                </div>

                <div class="qty">
                    <span class="reg-qty  ">

		  		<span class="sr-only">Sale Price Per Unit:</span> $1.06 / 100 g

                    </span>

                    <span class="sale-qty hidden">

		  		<span class="sr-only">Sale Price Per Unit:</span> $1.06 / 100 g

                    </span>

                    <span class="secondary-qty hidden">

	  	<span class="secondary-qty-text"></span>
                    </span>
                </div>
            </div>

        </div>
        <form class="form-product  quickview-btn-simple" data-product-id="20503218004_EA" data-min-qty="1.0" data-max-qty="999.0" data-unit-type="ea" data-cart-qty="1" data-default-qty="1" novalidate="novalidate" promoCode="" promoNumber="" data-is-customized="false" data-cart-url="/cart/product/20503218004_EA" data-csrf-token="5582ec01-90c0-448b-b4f7-e2cf68d9f8a0" data-is-weighted-product="false">

            <div class="module-add-to-cart " data-change-type="plus" data-auto-edit="true" data-auto-add="true" data-cart-ajax-url="/cart/updateCart">
                <div class="wrapper-add-to-cart-btn">
                    <div class="module-add-to-cart-button-small">
                        <button type="button" class="btn btn-secondary btn-add-to-cart " data-auid="add-to-cart-button" data-has-pts-badge="false" aria-label="Add Restaurante Tortilla Chips, Deli Rounds to cart">
                            <span class="icon-cart"></span>
                            <span class="add-to-cart-text">
											Add</span>
                        </button>
                        <button type="button" class="btn btn-secondary btn-edit-cart hidden " aria-label="Edit Cart">
                            <span class="qty-in-cart"></span>
                            <span class="edit-cart-text">
											<spring code="product.edit.text" />"
										</span>
                        </button>
                        <div class="add-list-parent add-list-module  bottom-add-list-module ">
                            <button class="btn btn-inline-link btn-save-to-list  dark is-btn-animated" data-login-url="/account/login?productCode=20503218004_EA" data-ajax-url="/restful/lists/all?productCode=20503218004_EA" data-user-guest="Y" data-user-guest="Y" data-product-code="20503218004_EA" data-delete-item="false" aria-label="Add Restaurante Tortilla Chips, Deli Rounds to a List">
                                <span class="glyphicon glyphicon-th-list"></span>
                                <div class="list-cta-text  is-btn-animated">Add to List</div>
                            </button>

                            <!-- this is the list HTML   -->
                            <div class="save-to-list-popup  is-btn-animated animation-up dark" data-save-to-list-error="Can not get lists at this time. Please try again later." data-product-name="Restaurante Tortilla Chips, Deli Rounds">
                                <div class="inner-container">
                                </div>

                            </div>
                        </div>

                    </div>
                </div>
            </div>

            <div class="module-plus-minus-buttons small hidden ">
                <button type="button" class="btn cart-change-qty" data-change-type="minus" data-auid="decrease-product-quantity" alt="Minus" aria-label="Minus">
                    <span class="icon-minimize"></span>
                </button>
                <div class="plus-minus-input-wrapper">
                    <input class="input-qty cart-change-qty" aria-label="Enter manual quantity" type="text" name="qty" title="Change quantity in cart" data-unit-type="ea" value="1ea" data-change-type="equals" maxlength="7">

                    <span class="input-qty-pretty">
							<span class="input-qty-pretty-value">1</span>
                    <span class="input-qty-pretty-unit"></span>
                    </span>
                </div>

                <button type="button" class="btn cart-change-qty" data-change-type="plus" data-auid="increase-product-quantity" alt="Plus" aria-label="Plus">
                    <span class="icon-plus-sign"></span>
                </button>

                <p class="deal-limit-reached hidden">Deal Limit Reached</p>

                <div class="tooltip-qty-error tooltip-qty-limit hidden">
                    <p>
                        Limit to &nbsp; 999 &nbsp;each&nbsp; per customer.</p>
                </div>
                <div class="tooltip-qty-error tooltip-round-error hidden">
                    <p>
                        We do not have this in the weight you wanted. We've rounded your order to the nearest weight increment we stock.</p>
                </div>
            </div>
        </form>

        <!-- End Template: AddToCartSmall -->

    </div>
</div>
<div class="item">

    <div class="module-grocery-product quickview-simple  clicked" data-quickview-ajax-url="/p/21049526_EA/quickViewProduct" data-product-id="21049526_EA" data-product-price="$1.97">

        <span class="subtitle"></span>

        <div class="product-page-hotspot">
            <div class="product-cell quickview-button">
                <div class="product-image ">

                    <img src="https://assets.shop.loblaws.ca/products/21049526/b1/en/front/21049526_front_a01.png" onerror="this.src='https://assets.shop.loblaws.ca/products/NoImage/b1/en/front/NoImage_front_a01_@2.png';" alt="Corn Chips, Ranch" />

                    <span class="sticker deal">
	  				        <span class="deal-badge">

	  				            <span class="module-deal-badge module-deal-badge-grid simple-save-unit "
	  						        data-deal-type="$1.97 LIMIT 2"
	  						        data-ajax-promo-url="/simpleDeal/deals/product-tile?productCode=21049526_EA"
	  						        data-deal-id="21049526_EA">
	  						        <span class="deal-type">$1.97 LIMIT 2</span>

                    <span class="deal-expiry">
		Exp. 12/20
	</span>

                    </span>
                    </span>
                    </span>

                    <div class="hover-text-container">
                        <button href="#" tabindex="0" class="hover-text " aria-label="Quick View for Corn Chips, Ranch.">Quick View</button>
                    </div>
                </div>
            </div>

            <div class="product-in-cart">
                <div class="wrapper-product-in-cart">
                    <span>
	  			    In Cart
	  		    </span>
                </div>
            </div>

            <div class="product-info">
                <div class="product-name-wrapper">
                    <a href="/Food/Pantry/Chips-%26-Salty-Snacks/Pretzels-%26-Snack-Mixes/Bugles-BUGLES-Corn-Chips%2C-Ranch/p/21049526_EA" class="product-name" aria-label="Product page for Corn Chips, Ranch">
                        <span class="js-product-entry-brand">Bugles&nbsp;</span>

                        <span class="js-product-entry-name">Corn Chips, Ranch</span>

                        <span class="js-product-entry-size-detail">(213 g)</span>

                    </a>
                </div>

                <span class="ad-match-badge  hidden">Ad Match</span>

                <div class="price">
                    <div class="price-wrapper no-discount promo-alert ">
                        <span class="reg-price  price-alert" aria-label="Regular Price: $1.97">
					    <span class="reg-price-text">$1.97</span>

                        <sup class="reg-price-unit">ea</sup>
                        </span>
                        <span class="sale-price hidden" aria-label="Sale Price:">
					    <span class="sale-price-text"></span>
                        <sup class="sale-price-unit">ea</sup>
                        </span>

                        <span class="secondary-price hidden">

					    <span class="secondary-price-text" aria-label="Secondary Price:"></span>
                        </span>
                    </div>
                </div>

                <div class="qty">
                    <span class="reg-qty  price-alert">

		  		<span class="sr-only">Sale Price Per Unit:</span> $0.92 / 100 g

                    </span>

                    <span class="sale-qty hidden">

		  		<span class="sr-only">Sale Price Per Unit:</span> $0.92 / 100 g

                    </span>

                    <span class="secondary-qty hidden">

	  	<span class="secondary-qty-text"></span>
                    </span>
                </div>
            </div>

        </div>
        <form class="form-product  quickview-btn-simple" data-product-id="21049526_EA" data-min-qty="1.0" data-max-qty="999.0" data-unit-type="ea" data-cart-qty="1" data-default-qty="1" novalidate="novalidate" promoCode="" promoNumber="" data-is-customized="false" data-cart-url="/cart/product/21049526_EA" data-csrf-token="5582ec01-90c0-448b-b4f7-e2cf68d9f8a0" data-is-weighted-product="false">

            <div class="module-add-to-cart " data-change-type="plus" data-auto-edit="true" data-auto-add="true" data-cart-ajax-url="/cart/updateCart">
                <div class="wrapper-add-to-cart-btn">
                    <div class="module-add-to-cart-button-small">
                        <button type="button" class="btn btn-secondary btn-add-to-cart " data-auid="add-to-cart-button" data-has-pts-badge="false" aria-label="Add Corn Chips, Ranch to cart">
                            <span class="icon-cart"></span>
                            <span class="add-to-cart-text">
											Add</span>
                        </button>
                        <button type="button" class="btn btn-secondary btn-edit-cart hidden " aria-label="Edit Cart">
                            <span class="qty-in-cart"></span>
                            <span class="edit-cart-text">
											<spring code="product.edit.text" />"
										</span>
                        </button>
                        <div class="add-list-parent add-list-module  bottom-add-list-module ">
                            <button class="btn btn-inline-link btn-save-to-list  dark is-btn-animated" data-login-url="/account/login?productCode=21049526_EA" data-ajax-url="/restful/lists/all?productCode=21049526_EA" data-user-guest="Y" data-user-guest="Y" data-product-code="21049526_EA" data-delete-item="false" aria-label="Add Corn Chips, Ranch to a List">
                                <span class="glyphicon glyphicon-th-list"></span>
                                <div class="list-cta-text  is-btn-animated">Add to List</div>
                            </button>

                            <!-- this is the list HTML   -->
                            <div class="save-to-list-popup  is-btn-animated animation-up dark" data-save-to-list-error="Can not get lists at this time. Please try again later." data-product-name="Corn Chips, Ranch">
                                <div class="inner-container">
                                </div>

                            </div>
                        </div>

                    </div>
                </div>
            </div>

            <div class="module-plus-minus-buttons small hidden ">
                <button type="button" class="btn cart-change-qty" data-change-type="minus" data-auid="decrease-product-quantity" alt="Minus" aria-label="Minus">
                    <span class="icon-minimize"></span>
                </button>
                <div class="plus-minus-input-wrapper">
                    <input class="input-qty cart-change-qty" aria-label="Enter manual quantity" type="text" name="qty" title="Change quantity in cart" data-unit-type="ea" value="1ea" data-change-type="equals" maxlength="7">

                    <span class="input-qty-pretty">
							<span class="input-qty-pretty-value">1</span>
                    <span class="input-qty-pretty-unit"></span>
                    </span>
                </div>

                <button type="button" class="btn cart-change-qty" data-change-type="plus" data-auid="increase-product-quantity" alt="Plus" aria-label="Plus">
                    <span class="icon-plus-sign"></span>
                </button>

                <p class="deal-limit-reached hidden">Deal Limit Reached</p>

                <div class="tooltip-qty-error tooltip-qty-limit hidden">
                    <p>
                        Limit to &nbsp; 999 &nbsp;each&nbsp; per customer.</p>
                </div>
                <div class="tooltip-qty-error tooltip-round-error hidden">
                    <p>
                        We do not have this in the weight you wanted. We've rounded your order to the nearest weight increment we stock.</p>
                </div>
            </div>
        </form>

        <!-- End Template: AddToCartSmall -->

    </div>
</div>
<div class="item">

    <div class="module-grocery-product quickview-simple  clicked" data-quickview-ajax-url="/p/21084983_EA/quickViewProduct" data-product-id="21084983_EA" data-product-price="$4.58">

        <span class="subtitle"></span>

        <div class="product-page-hotspot">
            <div class="product-cell quickview-button">
                <div class="product-image ">

                    <img src="https://assets.shop.loblaws.ca/products/21084983/b1/en/front/21084983_front_a01.png" onerror="this.src='https://assets.shop.loblaws.ca/products/NoImage/b1/en/front/NoImage_front_a01_@2.png';" alt="Tortilla Chips, Sweet Chilli Heat" />

                    <div class="hover-text-container">
                        <button href="#" tabindex="0" class="hover-text " aria-label="Quick View for Tortilla Chips, Sweet Chilli Heat.">Quick View</button>
                    </div>
                </div>
            </div>

            <div class="product-in-cart">
                <div class="wrapper-product-in-cart">
                    <span>
	  			    In Cart
	  		    </span>
                </div>
            </div>

            <div class="product-info">
                <div class="product-name-wrapper">
                    <a href="/Food/Pantry/Chips-%26-Salty-Snacks/Potato-Chips/Doritos-Tortilla-Chips%2C-Sweet-Chilli-Heat/p/21084983_EA" class="product-name" aria-label="Product page for Tortilla Chips, Sweet Chilli Heat">
                        <span class="js-product-entry-brand">Doritos&nbsp;</span>

                        <span class="js-product-entry-name">Tortilla Chips, Sweet Chilli Heat</span>

                        <span class="js-product-entry-size-detail">(400 g)</span>

                    </a>
                </div>

                <span class="ad-match-badge  hidden">Ad Match</span>

                <div class="price">
                    <div class="price-wrapper no-discount  ">
                        <span class="reg-price  " aria-label="Regular Price: $4.58">
					    <span class="reg-price-text">$4.58</span>

                        <sup class="reg-price-unit">ea</sup>
                        </span>
                        <span class="sale-price hidden" aria-label="Sale Price:">
					    <span class="sale-price-text"></span>
                        <sup class="sale-price-unit">ea</sup>
                        </span>

                        <span class="secondary-price hidden">

					    <span class="secondary-price-text" aria-label="Secondary Price:"></span>
                        </span>
                    </div>
                </div>

                <div class="qty">
                    <span class="reg-qty  ">

		  		<span class="sr-only">Sale Price Per Unit:</span> $1.15 / 100 g

                    </span>

                    <span class="sale-qty hidden">

		  		<span class="sr-only">Sale Price Per Unit:</span> $1.15 / 100 g

                    </span>

                    <span class="secondary-qty hidden">

	  	<span class="secondary-qty-text"></span>
                    </span>
                </div>
            </div>

        </div>
        <form class="form-product  quickview-btn-simple" data-product-id="21084983_EA" data-min-qty="1.0" data-max-qty="999.0" data-unit-type="ea" data-cart-qty="1" data-default-qty="1" novalidate="novalidate" promoCode="" promoNumber="" data-is-customized="false" data-cart-url="/cart/product/21084983_EA" data-csrf-token="5582ec01-90c0-448b-b4f7-e2cf68d9f8a0" data-is-weighted-product="false">

            <div class="module-add-to-cart " data-change-type="plus" data-auto-edit="true" data-auto-add="true" data-cart-ajax-url="/cart/updateCart">
                <div class="wrapper-add-to-cart-btn">
                    <div class="module-add-to-cart-button-small">
                        <button type="button" class="btn btn-secondary btn-add-to-cart " data-auid="add-to-cart-button" data-has-pts-badge="false" aria-label="Add Tortilla Chips, Sweet Chilli Heat to cart">
                            <span class="icon-cart"></span>
                            <span class="add-to-cart-text">
											Add</span>
                        </button>
                        <button type="button" class="btn btn-secondary btn-edit-cart hidden " aria-label="Edit Cart">
                            <span class="qty-in-cart"></span>
                            <span class="edit-cart-text">
											<spring code="product.edit.text" />"
										</span>
                        </button>
                        <div class="add-list-parent add-list-module  bottom-add-list-module ">
                            <button class="btn btn-inline-link btn-save-to-list  dark is-btn-animated" data-login-url="/account/login?productCode=21084983_EA" data-ajax-url="/restful/lists/all?productCode=21084983_EA" data-user-guest="Y" data-user-guest="Y" data-product-code="21084983_EA" data-delete-item="false" aria-label="Add Tortilla Chips, Sweet Chilli Heat to a List">
                                <span class="glyphicon glyphicon-th-list"></span>
                                <div class="list-cta-text  is-btn-animated">Add to List</div>
                            </button>

                            <!-- this is the list HTML   -->
                            <div class="save-to-list-popup  is-btn-animated animation-up dark" data-save-to-list-error="Can not get lists at this time. Please try again later." data-product-name="Tortilla Chips, Sweet Chilli Heat">
                                <div class="inner-container">
                                </div>

                            </div>
                        </div>

                    </div>
                </div>
            </div>

            <div class="module-plus-minus-buttons small hidden ">
                <button type="button" class="btn cart-change-qty" data-change-type="minus" data-auid="decrease-product-quantity" alt="Minus" aria-label="Minus">
                    <span class="icon-minimize"></span>
                </button>
                <div class="plus-minus-input-wrapper">
                    <input class="input-qty cart-change-qty" aria-label="Enter manual quantity" type="text" name="qty" title="Change quantity in cart" data-unit-type="ea" value="1ea" data-change-type="equals" maxlength="7">

                    <span class="input-qty-pretty">
							<span class="input-qty-pretty-value">1</span>
                    <span class="input-qty-pretty-unit"></span>
                    </span>
                </div>

                <button type="button" class="btn cart-change-qty" data-change-type="plus" data-auid="increase-product-quantity" alt="Plus" aria-label="Plus">
                    <span class="icon-plus-sign"></span>
                </button>

                <p class="deal-limit-reached hidden">Deal Limit Reached</p>

                <div class="tooltip-qty-error tooltip-qty-limit hidden">
                    <p>
                        Limit to &nbsp; 999 &nbsp;each&nbsp; per customer.</p>
                </div>
                <div class="tooltip-qty-error tooltip-round-error hidden">
                    <p>
                        We do not have this in the weight you wanted. We've rounded your order to the nearest weight increment we stock.</p>
                </div>
            </div>
        </form>

        <!-- End Template: AddToCartSmall -->

    </div>
</div>
<div class="item">

    <div class="module-grocery-product quickview-simple  clicked" data-quickview-ajax-url="/p/20803759003_EA/quickViewProduct" data-product-id="20803759003_EA" data-product-price="$2.48">

        <span class="subtitle"></span>

        <div class="product-page-hotspot">
            <div class="product-cell quickview-button">
                <div class="product-image ">

                    <img src="https://assets.shop.loblaws.ca/products/20803759003/b1/en/front/20803759003_front_a01.png" onerror="this.src='https://assets.shop.loblaws.ca/products/NoImage/b1/en/front/NoImage_front_a01_@2.png';" alt="Snapea Crisps, Black Pepper" />

                    <div class="hover-text-container">
                        <button href="#" tabindex="0" class="hover-text " aria-label="Quick View for Snapea Crisps, Black Pepper.">Quick View</button>
                    </div>
                </div>
            </div>

            <div class="product-in-cart">
                <div class="wrapper-product-in-cart">
                    <span>
	  			    In Cart
	  		    </span>
                </div>
            </div>

            <div class="product-info">
                <div class="product-name-wrapper">
                    <a href="/Food/Pantry/Chips-%26-Salty-Snacks/Pretzels-%26-Snack-Mixes/Calbee-Snapea-Crisps%2C-Black-Pepper/p/20803759003_EA" class="product-name" aria-label="Product page for Snapea Crisps, Black Pepper">
                        <span class="js-product-entry-brand">Calbee&nbsp;</span>

                        <span class="js-product-entry-name">Snapea Crisps, Black Pepper</span>

                        <span class="js-product-entry-size-detail">(93 g)</span>

                    </a>
                </div>

                <span class="ad-match-badge  hidden">Ad Match</span>

                <div class="price">
                    <div class="price-wrapper no-discount  ">
                        <span class="reg-price  " aria-label="Regular Price: $2.48">
					    <span class="reg-price-text">$2.48</span>

                        <sup class="reg-price-unit">ea</sup>
                        </span>
                        <span class="sale-price hidden" aria-label="Sale Price:">
					    <span class="sale-price-text"></span>
                        <sup class="sale-price-unit">ea</sup>
                        </span>

                        <span class="secondary-price hidden">

					    <span class="secondary-price-text" aria-label="Secondary Price:"></span>
                        </span>
                    </div>
                </div>

                <div class="qty">
                    <span class="reg-qty  ">

		  		<span class="sr-only">Sale Price Per Unit:</span> $2.67 / 100 g

                    </span>

                    <span class="sale-qty hidden">

		  		<span class="sr-only">Sale Price Per Unit:</span> $2.67 / 100 g

                    </span>

                    <span class="secondary-qty hidden">

	  	<span class="secondary-qty-text"></span>
                    </span>
                </div>
            </div>

        </div>
        <form class="form-product  quickview-btn-simple" data-product-id="20803759003_EA" data-min-qty="1.0" data-max-qty="999.0" data-unit-type="ea" data-cart-qty="1" data-default-qty="1" novalidate="novalidate" promoCode="" promoNumber="" data-is-customized="false" data-cart-url="/cart/product/20803759003_EA" data-csrf-token="5582ec01-90c0-448b-b4f7-e2cf68d9f8a0" data-is-weighted-product="false">

            <div class="module-add-to-cart " data-change-type="plus" data-auto-edit="true" data-auto-add="true" data-cart-ajax-url="/cart/updateCart">
                <div class="wrapper-add-to-cart-btn">
                    <div class="module-add-to-cart-button-small">
                        <button type="button" class="btn btn-secondary btn-add-to-cart " data-auid="add-to-cart-button" data-has-pts-badge="false" aria-label="Add Snapea Crisps, Black Pepper to cart">
                            <span class="icon-cart"></span>
                            <span class="add-to-cart-text">
											Add</span>
                        </button>
                        <button type="button" class="btn btn-secondary btn-edit-cart hidden " aria-label="Edit Cart">
                            <span class="qty-in-cart"></span>
                            <span class="edit-cart-text">
											<spring code="product.edit.text" />"
										</span>
                        </button>
                        <div class="add-list-parent add-list-module  bottom-add-list-module ">
                            <button class="btn btn-inline-link btn-save-to-list  dark is-btn-animated" data-login-url="/account/login?productCode=20803759003_EA" data-ajax-url="/restful/lists/all?productCode=20803759003_EA" data-user-guest="Y" data-user-guest="Y" data-product-code="20803759003_EA" data-delete-item="false" aria-label="Add Snapea Crisps, Black Pepper to a List">
                                <span class="glyphicon glyphicon-th-list"></span>
                                <div class="list-cta-text  is-btn-animated">Add to List</div>
                            </button>

                            <!-- this is the list HTML   -->
                            <div class="save-to-list-popup  is-btn-animated animation-up dark" data-save-to-list-error="Can not get lists at this time. Please try again later." data-product-name="Snapea Crisps, Black Pepper">
                                <div class="inner-container">
                                </div>

                            </div>
                        </div>

                    </div>
                </div>
            </div>

            <div class="module-plus-minus-buttons small hidden ">
                <button type="button" class="btn cart-change-qty" data-change-type="minus" data-auid="decrease-product-quantity" alt="Minus" aria-label="Minus">
                    <span class="icon-minimize"></span>
                </button>
                <div class="plus-minus-input-wrapper">
                    <input class="input-qty cart-change-qty" aria-label="Enter manual quantity" type="text" name="qty" title="Change quantity in cart" data-unit-type="ea" value="1ea" data-change-type="equals" maxlength="7">

                    <span class="input-qty-pretty">
							<span class="input-qty-pretty-value">1</span>
                    <span class="input-qty-pretty-unit"></span>
                    </span>
                </div>

                <button type="button" class="btn cart-change-qty" data-change-type="plus" data-auid="increase-product-quantity" alt="Plus" aria-label="Plus">
                    <span class="icon-plus-sign"></span>
                </button>

                <p class="deal-limit-reached hidden">Deal Limit Reached</p>

                <div class="tooltip-qty-error tooltip-qty-limit hidden">
                    <p>
                        Limit to &nbsp; 999 &nbsp;each&nbsp; per customer.</p>
                </div>
                <div class="tooltip-qty-error tooltip-round-error hidden">
                    <p>
                        We do not have this in the weight you wanted. We've rounded your order to the nearest weight increment we stock.</p>
                </div>
            </div>
        </form>

        <!-- End Template: AddToCartSmall -->

    </div>
</div>
<div class="item">

    <div class="module-grocery-product quickview-simple  clicked" data-quickview-ajax-url="/p/20772008_EA/quickViewProduct" data-product-id="20772008_EA" data-product-price="$3.98">

        <span class="subtitle"></span>

        <div class="product-page-hotspot">
            <div class="product-cell quickview-button">
                <div class="product-image ">

                    <img src="https://assets.shop.loblaws.ca/products/20772008/b1/en/front/20772008_front_a01.png" onerror="this.src='https://assets.shop.loblaws.ca/products/NoImage/b1/en/front/NoImage_front_a01_@2.png';" alt="Krinkle Cut Sweet Potato Chips, Sea Salt" />

                    <span class="sticker deal">
	  				        <span class="deal-badge">

	  				            <span class="module-deal-badge module-deal-badge-grid simple-save-unit "
	  						        data-deal-type="$3.98 LIMIT 4"
	  						        data-ajax-promo-url="/simpleDeal/deals/product-tile?productCode=20772008_EA"
	  						        data-deal-id="20772008_EA">
	  						        <span class="deal-type">$3.98 LIMIT 4</span>

                    <span class="deal-expiry">
		Exp. 12/27
	</span>

                    </span>
                    </span>
                    </span>

                    <div class="hover-text-container">
                        <button href="#" tabindex="0" class="hover-text " aria-label="Quick View for Krinkle Cut Sweet Potato Chips, Sea Salt.">Quick View</button>
                    </div>
                </div>
            </div>

            <div class="product-in-cart">
                <div class="wrapper-product-in-cart">
                    <span>
	  			    In Cart
	  		    </span>
                </div>
            </div>

            <div class="product-info">
                <div class="product-name-wrapper">
                    <a href="/Food/Natural-%26-Organic/Pantry/Snacks-%26-Candy/Krinkle-Cut-Sweet-Potato-Chips%2C-Sea-Salt/p/20772008_EA" class="product-name" aria-label="Product page for Krinkle Cut Sweet Potato Chips, Sea Salt">

                        <span class="js-product-entry-name">Krinkle Cut Sweet Potato Chips, Sea Salt</span>

                        <span class="js-product-entry-size-detail">(165 g)</span>

                    </a>
                </div>

                <span class="ad-match-badge  hidden">Ad Match</span>

                <div class="price">
                    <div class="price-wrapper no-discount promo-alert ">
                        <span class="reg-price  price-alert" aria-label="Regular Price: $3.98">
					    <span class="reg-price-text">$3.98</span>

                        <sup class="reg-price-unit">ea</sup>
                        </span>
                        <span class="sale-price hidden" aria-label="Sale Price:">
					    <span class="sale-price-text"></span>
                        <sup class="sale-price-unit">ea</sup>
                        </span>

                        <span class="secondary-price hidden">

					    <span class="secondary-price-text" aria-label="Secondary Price:"></span>
                        </span>
                    </div>
                </div>

                <div class="qty">
                    <span class="reg-qty  price-alert">

		  		<span class="sr-only">Sale Price Per Unit:</span> $2.41 / 100 g

                    </span>

                    <span class="sale-qty hidden">

		  		<span class="sr-only">Sale Price Per Unit:</span> $2.41 / 100 g

                    </span>

                    <span class="secondary-qty hidden">

	  	<span class="secondary-qty-text"></span>
                    </span>
                </div>
            </div>

        </div>
        <form class="form-product  quickview-btn-simple" data-product-id="20772008_EA" data-min-qty="1.0" data-max-qty="999.0" data-unit-type="ea" data-cart-qty="1" data-default-qty="1" novalidate="novalidate" promoCode="" promoNumber="" data-is-customized="false" data-cart-url="/cart/product/20772008_EA" data-csrf-token="5582ec01-90c0-448b-b4f7-e2cf68d9f8a0" data-is-weighted-product="false">

            <div class="module-add-to-cart " data-change-type="plus" data-auto-edit="true" data-auto-add="true" data-cart-ajax-url="/cart/updateCart">
                <div class="wrapper-add-to-cart-btn">
                    <div class="module-add-to-cart-button-small">
                        <button type="button" class="btn btn-secondary btn-add-to-cart " data-auid="add-to-cart-button" data-has-pts-badge="false" aria-label="Add Krinkle Cut Sweet Potato Chips, Sea Salt to cart">
                            <span class="icon-cart"></span>
                            <span class="add-to-cart-text">
											Add</span>
                        </button>
                        <button type="button" class="btn btn-secondary btn-edit-cart hidden " aria-label="Edit Cart">
                            <span class="qty-in-cart"></span>
                            <span class="edit-cart-text">
											<spring code="product.edit.text" />"
										</span>
                        </button>
                        <div class="add-list-parent add-list-module  bottom-add-list-module ">
                            <button class="btn btn-inline-link btn-save-to-list  dark is-btn-animated" data-login-url="/account/login?productCode=20772008_EA" data-ajax-url="/restful/lists/all?productCode=20772008_EA" data-user-guest="Y" data-user-guest="Y" data-product-code="20772008_EA" data-delete-item="false" aria-label="Add Krinkle Cut Sweet Potato Chips, Sea Salt to a List">
                                <span class="glyphicon glyphicon-th-list"></span>
                                <div class="list-cta-text  is-btn-animated">Add to List</div>
                            </button>

                            <!-- this is the list HTML   -->
                            <div class="save-to-list-popup  is-btn-animated animation-up dark" data-save-to-list-error="Can not get lists at this time. Please try again later." data-product-name="Krinkle Cut Sweet Potato Chips, Sea Salt">
                                <div class="inner-container">
                                </div>

                            </div>
                        </div>

                    </div>
                </div>
            </div>

            <div class="module-plus-minus-buttons small hidden ">
                <button type="button" class="btn cart-change-qty" data-change-type="minus" data-auid="decrease-product-quantity" alt="Minus" aria-label="Minus">
                    <span class="icon-minimize"></span>
                </button>
                <div class="plus-minus-input-wrapper">
                    <input class="input-qty cart-change-qty" aria-label="Enter manual quantity" type="text" name="qty" title="Change quantity in cart" data-unit-type="ea" value="1ea" data-change-type="equals" maxlength="7">

                    <span class="input-qty-pretty">
							<span class="input-qty-pretty-value">1</span>
                    <span class="input-qty-pretty-unit"></span>
                    </span>
                </div>

                <button type="button" class="btn cart-change-qty" data-change-type="plus" data-auid="increase-product-quantity" alt="Plus" aria-label="Plus">
                    <span class="icon-plus-sign"></span>
                </button>

                <p class="deal-limit-reached hidden">Deal Limit Reached</p>

                <div class="tooltip-qty-error tooltip-qty-limit hidden">
                    <p>
                        Limit to &nbsp; 999 &nbsp;each&nbsp; per customer.</p>
                </div>
                <div class="tooltip-qty-error tooltip-round-error hidden">
                    <p>
                        We do not have this in the weight you wanted. We've rounded your order to the nearest weight increment we stock.</p>
                </div>
            </div>
        </form>

        <!-- End Template: AddToCartSmall -->

    </div>
</div>
<div class="item">

    <div class="module-grocery-product quickview-simple  clicked" data-quickview-ajax-url="/p/21028403_EA/quickViewProduct" data-product-id="21028403_EA" data-product-price="$3.28">

        <span class="subtitle"></span>

        <div class="product-page-hotspot">
            <div class="product-cell quickview-button">
                <div class="product-image ">

                    <img src="https://assets.shop.loblaws.ca/products/21028403/b1/en/front/21028403_front_a01.png" onerror="this.src='https://assets.shop.loblaws.ca/products/NoImage/b1/en/front/NoImage_front_a01_@2.png';" alt="Ridges Potato Chips, Cheddar Sour Cream" />

                    <span class="sticker deal">
	  				        <span class="deal-badge">

	  				            <span class="module-deal-badge module-deal-badge-grid simple-save-unit "
	  						        data-deal-type="2 FOR $5.90"
	  						        data-ajax-promo-url="/simpleDeal/deals/product-tile?productCode=21028403_EA"
	  						        data-deal-id="21028403_EA">
	  						        <span class="deal-type">2 FOR $5.90</span>

                    <span class="deal-expiry">
		Exp. 12/31
	</span>

                    </span>
                    </span>
                    </span>

                    <div class="hover-text-container">
                        <button href="#" tabindex="0" class="hover-text " aria-label="Quick View for Ridges Potato Chips, Cheddar Sour Cream.">Quick View</button>
                    </div>
                </div>
            </div>

            <div class="product-in-cart">
                <div class="wrapper-product-in-cart">
                    <span>
	  			    In Cart
	  		    </span>
                </div>
            </div>

            <div class="product-info">
                <div class="product-name-wrapper">
                    <a href="/Food/Pantry/Chips-%26-Salty-Snacks/Potato-Chips/Popchips-Ridges-Potato-Chips%2C-Cheddar-Sour-Cream/p/21028403_EA" class="product-name" aria-label="Product page for Ridges Potato Chips, Cheddar Sour Cream">
                        <span class="js-product-entry-brand">Popchips&nbsp;</span>

                        <span class="js-product-entry-name">Ridges Potato Chips, Cheddar Sour Cream</span>

                        <span class="js-product-entry-size-detail">(85 g)</span>

                    </a>
                </div>

                <span class="ad-match-badge  hidden">Ad Match</span>

                <div class="price">
                    <div class="price-wrapper no-discount  ">
                        <span class="reg-price  " aria-label="Regular Price: $3.28">
					    <span class="reg-price-text">$3.28</span>

                        <sup class="reg-price-unit">ea</sup>
                        </span>
                        <span class="sale-price hidden" aria-label="Sale Price:">
					    <span class="sale-price-text"></span>
                        <sup class="sale-price-unit">ea</sup>
                        </span>

                        <span class="secondary-price hidden">

					    <span class="secondary-price-text" aria-label="Secondary Price:"></span>
                        </span>
                    </div>
                </div>

                <div class="qty">
                    <span class="reg-qty  ">

		  		<span class="sr-only">Sale Price Per Unit:</span> $3.86 / 100 g

                    </span>

                    <span class="sale-qty hidden">

		  		<span class="sr-only">Sale Price Per Unit:</span> $3.86 / 100 g

                    </span>

                    <span class="secondary-qty hidden">

	  	<span class="secondary-qty-text"></span>
                    </span>
                </div>
            </div>

        </div>
        <form class="form-product  quickview-btn-simple" data-product-id="21028403_EA" data-min-qty="1.0" data-max-qty="999.0" data-unit-type="ea" data-cart-qty="1" data-default-qty="1" novalidate="novalidate" promoCode="" promoNumber="" data-is-customized="false" data-cart-url="/cart/product/21028403_EA" data-csrf-token="5582ec01-90c0-448b-b4f7-e2cf68d9f8a0" data-is-weighted-product="false">

            <div class="module-add-to-cart " data-change-type="plus" data-auto-edit="true" data-auto-add="true" data-cart-ajax-url="/cart/updateCart">
                <div class="wrapper-add-to-cart-btn">
                    <div class="module-add-to-cart-button-small">
                        <button type="button" class="btn btn-secondary btn-add-to-cart " data-auid="add-to-cart-button" data-has-pts-badge="false" aria-label="Add Ridges Potato Chips, Cheddar Sour Cream to cart">
                            <span class="icon-cart"></span>
                            <span class="add-to-cart-text">
											Add</span>
                        </button>
                        <button type="button" class="btn btn-secondary btn-edit-cart hidden " aria-label="Edit Cart">
                            <span class="qty-in-cart"></span>
                            <span class="edit-cart-text">
											<spring code="product.edit.text" />"
										</span>
                        </button>
                        <div class="add-list-parent add-list-module  bottom-add-list-module ">
                            <button class="btn btn-inline-link btn-save-to-list  dark is-btn-animated" data-login-url="/account/login?productCode=21028403_EA" data-ajax-url="/restful/lists/all?productCode=21028403_EA" data-user-guest="Y" data-user-guest="Y" data-product-code="21028403_EA" data-delete-item="false" aria-label="Add Ridges Potato Chips, Cheddar Sour Cream to a List">
                                <span class="glyphicon glyphicon-th-list"></span>
                                <div class="list-cta-text  is-btn-animated">Add to List</div>
                            </button>

                            <!-- this is the list HTML   -->
                            <div class="save-to-list-popup  is-btn-animated animation-up dark" data-save-to-list-error="Can not get lists at this time. Please try again later." data-product-name="Ridges Potato Chips, Cheddar Sour Cream">
                                <div class="inner-container">
                                </div>

                            </div>
                        </div>

                    </div>
                </div>
            </div>

            <div class="module-plus-minus-buttons small hidden ">
                <button type="button" class="btn cart-change-qty" data-change-type="minus" data-auid="decrease-product-quantity" alt="Minus" aria-label="Minus">
                    <span class="icon-minimize"></span>
                </button>
                <div class="plus-minus-input-wrapper">
                    <input class="input-qty cart-change-qty" aria-label="Enter manual quantity" type="text" name="qty" title="Change quantity in cart" data-unit-type="ea" value="1ea" data-change-type="equals" maxlength="7">

                    <span class="input-qty-pretty">
							<span class="input-qty-pretty-value">1</span>
                    <span class="input-qty-pretty-unit"></span>
                    </span>
                </div>

                <button type="button" class="btn cart-change-qty" data-change-type="plus" data-auid="increase-product-quantity" alt="Plus" aria-label="Plus">
                    <span class="icon-plus-sign"></span>
                </button>

                <p class="deal-limit-reached hidden">Deal Limit Reached</p>

                <div class="tooltip-qty-error tooltip-qty-limit hidden">
                    <p>
                        Limit to &nbsp; 999 &nbsp;each&nbsp; per customer.</p>
                </div>
                <div class="tooltip-qty-error tooltip-round-error hidden">
                    <p>
                        We do not have this in the weight you wanted. We've rounded your order to the nearest weight increment we stock.</p>
                </div>
            </div>
        </form>

        <!-- End Template: AddToCartSmall -->

    </div>
</div>
<div class="item">

    <div class="module-grocery-product quickview-simple  clicked" data-quickview-ajax-url="/p/20972849_EA/quickViewProduct" data-product-id="20972849_EA" data-product-price="$4.58">

        <span class="subtitle"></span>

        <div class="product-page-hotspot">
            <div class="product-cell quickview-button">
                <div class="product-image ">

                    <img src="https://assets.shop.loblaws.ca/products/20972849/b1/en/front/20972849_front_a01.png" onerror="this.src='https://assets.shop.loblaws.ca/products/NoImage/b1/en/front/NoImage_front_a01_@2.png';" alt="Kettle Cooked Potato Chips, Original Recipe" />

                    <div class="hover-text-container">
                        <button href="#" tabindex="0" class="hover-text " aria-label="Quick View for Kettle Cooked Potato Chips, Original Recipe.">Quick View</button>
                    </div>
                </div>
            </div>

            <div class="product-in-cart">
                <div class="wrapper-product-in-cart">
                    <span>
	  			    In Cart
	  		    </span>
                </div>
            </div>

            <div class="product-info">
                <div class="product-name-wrapper">
                    <a href="/Food/Pantry/Chips-%26-Salty-Snacks/Potato-Chips/Miss-Vickies-Kettle-Cooked-Potato-Chips%2C-Original-Recipe/p/20972849_EA" class="product-name" aria-label="Product page for Kettle Cooked Potato Chips, Original Recipe">
                        <span class="js-product-entry-brand">Miss Vickies&nbsp;</span>

                        <span class="js-product-entry-name">Kettle Cooked Potato Chips, Original Recipe</span>

                        <span class="js-product-entry-size-detail">(300 g)</span>

                    </a>
                </div>

                <span class="ad-match-badge  hidden">Ad Match</span>

                <div class="price">
                    <div class="price-wrapper no-discount  ">
                        <span class="reg-price  " aria-label="Regular Price: $4.58">
					    <span class="reg-price-text">$4.58</span>

                        <sup class="reg-price-unit">ea</sup>
                        </span>
                        <span class="sale-price hidden" aria-label="Sale Price:">
					    <span class="sale-price-text"></span>
                        <sup class="sale-price-unit">ea</sup>
                        </span>

                        <span class="secondary-price hidden">

					    <span class="secondary-price-text" aria-label="Secondary Price:"></span>
                        </span>
                    </div>
                </div>

                <div class="qty">
                    <span class="reg-qty  ">

		  		<span class="sr-only">Sale Price Per Unit:</span> $1.53 / 100 g

                    </span>

                    <span class="sale-qty hidden">

		  		<span class="sr-only">Sale Price Per Unit:</span> $1.53 / 100 g

                    </span>

                    <span class="secondary-qty hidden">

	  	<span class="secondary-qty-text"></span>
                    </span>
                </div>
            </div>

        </div>
        <form class="form-product  quickview-btn-simple" data-product-id="20972849_EA" data-min-qty="1.0" data-max-qty="999.0" data-unit-type="ea" data-cart-qty="1" data-default-qty="1" novalidate="novalidate" promoCode="" promoNumber="" data-is-customized="false" data-cart-url="/cart/product/20972849_EA" data-csrf-token="5582ec01-90c0-448b-b4f7-e2cf68d9f8a0" data-is-weighted-product="false">

            <div class="module-add-to-cart " data-change-type="plus" data-auto-edit="true" data-auto-add="true" data-cart-ajax-url="/cart/updateCart">
                <div class="wrapper-add-to-cart-btn">
                    <div class="module-add-to-cart-button-small">
                        <button type="button" class="btn btn-secondary btn-add-to-cart " data-auid="add-to-cart-button" data-has-pts-badge="false" aria-label="Add Kettle Cooked Potato Chips, Original Recipe to cart">
                            <span class="icon-cart"></span>
                            <span class="add-to-cart-text">
											Add</span>
                        </button>
                        <button type="button" class="btn btn-secondary btn-edit-cart hidden " aria-label="Edit Cart">
                            <span class="qty-in-cart"></span>
                            <span class="edit-cart-text">
											<spring code="product.edit.text" />"
										</span>
                        </button>
                        <div class="add-list-parent add-list-module  bottom-add-list-module ">
                            <button class="btn btn-inline-link btn-save-to-list  dark is-btn-animated" data-login-url="/account/login?productCode=20972849_EA" data-ajax-url="/restful/lists/all?productCode=20972849_EA" data-user-guest="Y" data-user-guest="Y" data-product-code="20972849_EA" data-delete-item="false" aria-label="Add Kettle Cooked Potato Chips, Original Recipe to a List">
                                <span class="glyphicon glyphicon-th-list"></span>
                                <div class="list-cta-text  is-btn-animated">Add to List</div>
                            </button>

                            <!-- this is the list HTML   -->
                            <div class="save-to-list-popup  is-btn-animated animation-up dark" data-save-to-list-error="Can not get lists at this time. Please try again later." data-product-name="Kettle Cooked Potato Chips, Original Recipe">
                                <div class="inner-container">
                                </div>

                            </div>
                        </div>

                    </div>
                </div>
            </div>

            <div class="module-plus-minus-buttons small hidden ">
                <button type="button" class="btn cart-change-qty" data-change-type="minus" data-auid="decrease-product-quantity" alt="Minus" aria-label="Minus">
                    <span class="icon-minimize"></span>
                </button>
                <div class="plus-minus-input-wrapper">
                    <input class="input-qty cart-change-qty" aria-label="Enter manual quantity" type="text" name="qty" title="Change quantity in cart" data-unit-type="ea" value="1ea" data-change-type="equals" maxlength="7">

                    <span class="input-qty-pretty">
							<span class="input-qty-pretty-value">1</span>
                    <span class="input-qty-pretty-unit"></span>
                    </span>
                </div>

                <button type="button" class="btn cart-change-qty" data-change-type="plus" data-auid="increase-product-quantity" alt="Plus" aria-label="Plus">
                    <span class="icon-plus-sign"></span>
                </button>

                <p class="deal-limit-reached hidden">Deal Limit Reached</p>

                <div class="tooltip-qty-error tooltip-qty-limit hidden">
                    <p>
                        Limit to &nbsp; 999 &nbsp;each&nbsp; per customer.</p>
                </div>
                <div class="tooltip-qty-error tooltip-round-error hidden">
                    <p>
                        We do not have this in the weight you wanted. We've rounded your order to the nearest weight increment we stock.</p>
                </div>
            </div>
        </form>

        <!-- End Template: AddToCartSmall -->

    </div>
</div>
<div class="item">

    <div class="module-grocery-product quickview-simple  clicked" data-quickview-ajax-url="/p/20957902_EA/quickViewProduct" data-product-id="20957902_EA" data-product-price="$3.98">

        <span class="subtitle"></span>

        <div class="product-page-hotspot">
            <div class="product-cell quickview-button">
                <div class="product-image ">

                    <img src="https://assets.shop.loblaws.ca/products/20957902/b1/en/front/20957902_front_a01.png" onerror="this.src='https://assets.shop.loblaws.ca/products/NoImage/b1/en/front/NoImage_front_a01_@2.png';" alt="Cheese Twists Club Pack" />

                    <div class="hover-text-container">
                        <button href="#" tabindex="0" class="hover-text " aria-label="Quick View for Cheese Twists Club Pack.">Quick View</button>
                    </div>
                </div>
            </div>

            <div class="product-in-cart">
                <div class="wrapper-product-in-cart">
                    <span>
	  			    In Cart
	  		    </span>
                </div>
            </div>

            <div class="product-info">
                <div class="product-name-wrapper">
                    <a href="/Food/Pantry/Chips-%26-Salty-Snacks/Potato-Chips/No-Name-Club-Pack-Cheese-Twists-Club-Pack/p/20957902_EA" class="product-name" aria-label="Product page for Cheese Twists Club Pack">
                        <span class="js-product-entry-brand">No Name Club Pack&nbsp;</span>

                        <span class="js-product-entry-name">Cheese Twists Club Pack</span>

                        <span class="js-product-entry-size-detail">(700 g)</span>

                    </a>
                </div>

                <span class="ad-match-badge  hidden">Ad Match</span>

                <div class="price">
                    <div class="price-wrapper no-discount  ">
                        <span class="reg-price  " aria-label="Regular Price: $3.98">
					    <span class="reg-price-text">$3.98</span>

                        <sup class="reg-price-unit">ea</sup>
                        </span>
                        <span class="sale-price hidden" aria-label="Sale Price:">
					    <span class="sale-price-text"></span>
                        <sup class="sale-price-unit">ea</sup>
                        </span>

                        <span class="secondary-price hidden">

					    <span class="secondary-price-text" aria-label="Secondary Price:"></span>
                        </span>
                    </div>
                </div>

                <div class="qty">
                    <span class="reg-qty  ">

		  		<span class="sr-only">Sale Price Per Unit:</span> $0.57 / 100 g

                    </span>

                    <span class="sale-qty hidden">

		  		<span class="sr-only">Sale Price Per Unit:</span> $0.57 / 100 g

                    </span>

                    <span class="secondary-qty hidden">

	  	<span class="secondary-qty-text"></span>
                    </span>
                </div>
            </div>

        </div>
        <form class="form-product  quickview-btn-simple" data-product-id="20957902_EA" data-min-qty="1.0" data-max-qty="999.0" data-unit-type="ea" data-cart-qty="1" data-default-qty="1" novalidate="novalidate" promoCode="" promoNumber="" data-is-customized="false" data-cart-url="/cart/product/20957902_EA" data-csrf-token="5582ec01-90c0-448b-b4f7-e2cf68d9f8a0" data-is-weighted-product="false">

            <div class="module-add-to-cart " data-change-type="plus" data-auto-edit="true" data-auto-add="true" data-cart-ajax-url="/cart/updateCart">
                <div class="wrapper-add-to-cart-btn">
                    <div class="module-add-to-cart-button-small">
                        <button type="button" class="btn btn-secondary btn-add-to-cart " data-auid="add-to-cart-button" data-has-pts-badge="false" aria-label="Add Cheese Twists Club Pack to cart">
                            <span class="icon-cart"></span>
                            <span class="add-to-cart-text">
											Add</span>
                        </button>
                        <button type="button" class="btn btn-secondary btn-edit-cart hidden " aria-label="Edit Cart">
                            <span class="qty-in-cart"></span>
                            <span class="edit-cart-text">
											<spring code="product.edit.text" />"
										</span>
                        </button>
                        <div class="add-list-parent add-list-module  bottom-add-list-module ">
                            <button class="btn btn-inline-link btn-save-to-list  dark is-btn-animated" data-login-url="/account/login?productCode=20957902_EA" data-ajax-url="/restful/lists/all?productCode=20957902_EA" data-user-guest="Y" data-user-guest="Y" data-product-code="20957902_EA" data-delete-item="false" aria-label="Add Cheese Twists Club Pack to a List">
                                <span class="glyphicon glyphicon-th-list"></span>
                                <div class="list-cta-text  is-btn-animated">Add to List</div>
                            </button>

                            <!-- this is the list HTML   -->
                            <div class="save-to-list-popup  is-btn-animated animation-up dark" data-save-to-list-error="Can not get lists at this time. Please try again later." data-product-name="Cheese Twists Club Pack">
                                <div class="inner-container">
                                </div>

                            </div>
                        </div>

                    </div>
                </div>
            </div>

            <div class="module-plus-minus-buttons small hidden ">
                <button type="button" class="btn cart-change-qty" data-change-type="minus" data-auid="decrease-product-quantity" alt="Minus" aria-label="Minus">
                    <span class="icon-minimize"></span>
                </button>
                <div class="plus-minus-input-wrapper">
                    <input class="input-qty cart-change-qty" aria-label="Enter manual quantity" type="text" name="qty" title="Change quantity in cart" data-unit-type="ea" value="1ea" data-change-type="equals" maxlength="7">

                    <span class="input-qty-pretty">
							<span class="input-qty-pretty-value">1</span>
                    <span class="input-qty-pretty-unit"></span>
                    </span>
                </div>

                <button type="button" class="btn cart-change-qty" data-change-type="plus" data-auid="increase-product-quantity" alt="Plus" aria-label="Plus">
                    <span class="icon-plus-sign"></span>
                </button>

                <p class="deal-limit-reached hidden">Deal Limit Reached</p>

                <div class="tooltip-qty-error tooltip-qty-limit hidden">
                    <p>
                        Limit to &nbsp; 999 &nbsp;each&nbsp; per customer.</p>
                </div>
                <div class="tooltip-qty-error tooltip-round-error hidden">
                    <p>
                        We do not have this in the weight you wanted. We've rounded your order to the nearest weight increment we stock.</p>
                </div>
            </div>
        </form>

        <!-- End Template: AddToCartSmall -->

    </div>
</div>
<div class="item">

    <div class="module-grocery-product quickview-simple  clicked" data-quickview-ajax-url="/p/20943750_EA/quickViewProduct" data-product-id="20943750_EA" data-product-price="$3.18">

        <span class="subtitle"></span>

        <div class="product-page-hotspot">
            <div class="product-cell quickview-button">
                <div class="product-image ">

                    <img src="https://assets.shop.loblaws.ca/products/20943750/b1/en/front/20943750_front_a01.png" onerror="this.src='https://assets.shop.loblaws.ca/products/NoImage/b1/en/front/NoImage_front_a01_@2.png';" alt="Tortilla Chips, Nacho Cheese" />

                    <div class="hover-text-container">
                        <button href="#" tabindex="0" class="hover-text " aria-label="Quick View for Tortilla Chips, Nacho Cheese.">Quick View</button>
                    </div>
                </div>
            </div>

            <div class="product-in-cart">
                <div class="wrapper-product-in-cart">
                    <span>
	  			    In Cart
	  		    </span>
                </div>
            </div>

            <div class="product-info">
                <div class="product-name-wrapper">
                    <a href="/Food/Pantry/Chips-%26-Salty-Snacks/Pretzels-%26-Snack-Mixes/Doritos-Tortilla-Chips%2C-Nacho-Cheese/p/20943750_EA" class="product-name" aria-label="Product page for Tortilla Chips, Nacho Cheese">
                        <span class="js-product-entry-brand">Doritos&nbsp;</span>

                        <span class="js-product-entry-name">Tortilla Chips, Nacho Cheese</span>

                        <span class="js-product-entry-size-detail">(255 g)</span>

                    </a>
                </div>

                <span class="ad-match-badge  hidden">Ad Match</span>

                <div class="price">
                    <div class="price-wrapper no-discount  ">
                        <span class="reg-price  " aria-label="Regular Price: $3.18">
					    <span class="reg-price-text">$3.18</span>

                        <sup class="reg-price-unit">ea</sup>
                        </span>
                        <span class="sale-price hidden" aria-label="Sale Price:">
					    <span class="sale-price-text"></span>
                        <sup class="sale-price-unit">ea</sup>
                        </span>

                        <span class="secondary-price hidden">

					    <span class="secondary-price-text" aria-label="Secondary Price:"></span>
                        </span>
                    </div>
                </div>

                <div class="qty">
                    <span class="reg-qty  ">

		  		<span class="sr-only">Sale Price Per Unit:</span> $1.25 / 100 g

                    </span>

                    <span class="sale-qty hidden">

		  		<span class="sr-only">Sale Price Per Unit:</span> $1.25 / 100 g

                    </span>

                    <span class="secondary-qty hidden">

	  	<span class="secondary-qty-text"></span>
                    </span>
                </div>
            </div>

        </div>
        <form class="form-product  quickview-btn-simple" data-product-id="20943750_EA" data-min-qty="1.0" data-max-qty="999.0" data-unit-type="ea" data-cart-qty="1" data-default-qty="1" novalidate="novalidate" promoCode="" promoNumber="" data-is-customized="false" data-cart-url="/cart/product/20943750_EA" data-csrf-token="5582ec01-90c0-448b-b4f7-e2cf68d9f8a0" data-is-weighted-product="false">

            <div class="module-add-to-cart " data-change-type="plus" data-auto-edit="true" data-auto-add="true" data-cart-ajax-url="/cart/updateCart">
                <div class="wrapper-add-to-cart-btn">
                    <div class="module-add-to-cart-button-small">
                        <button type="button" class="btn btn-secondary btn-add-to-cart " data-auid="add-to-cart-button" data-has-pts-badge="false" aria-label="Add Tortilla Chips, Nacho Cheese to cart">
                            <span class="icon-cart"></span>
                            <span class="add-to-cart-text">
											Add</span>
                        </button>
                        <button type="button" class="btn btn-secondary btn-edit-cart hidden " aria-label="Edit Cart">
                            <span class="qty-in-cart"></span>
                            <span class="edit-cart-text">
											<spring code="product.edit.text" />"
										</span>
                        </button>
                        <div class="add-list-parent add-list-module  bottom-add-list-module ">
                            <button class="btn btn-inline-link btn-save-to-list  dark is-btn-animated" data-login-url="/account/login?productCode=20943750_EA" data-ajax-url="/restful/lists/all?productCode=20943750_EA" data-user-guest="Y" data-user-guest="Y" data-product-code="20943750_EA" data-delete-item="false" aria-label="Add Tortilla Chips, Nacho Cheese to a List">
                                <span class="glyphicon glyphicon-th-list"></span>
                                <div class="list-cta-text  is-btn-animated">Add to List</div>
                            </button>

                            <!-- this is the list HTML   -->
                            <div class="save-to-list-popup  is-btn-animated animation-up dark" data-save-to-list-error="Can not get lists at this time. Please try again later." data-product-name="Tortilla Chips, Nacho Cheese">
                                <div class="inner-container">
                                </div>

                            </div>
                        </div>

                    </div>
                </div>
            </div>

            <div class="module-plus-minus-buttons small hidden ">
                <button type="button" class="btn cart-change-qty" data-change-type="minus" data-auid="decrease-product-quantity" alt="Minus" aria-label="Minus">
                    <span class="icon-minimize"></span>
                </button>
                <div class="plus-minus-input-wrapper">
                    <input class="input-qty cart-change-qty" aria-label="Enter manual quantity" type="text" name="qty" title="Change quantity in cart" data-unit-type="ea" value="1ea" data-change-type="equals" maxlength="7">

                    <span class="input-qty-pretty">
							<span class="input-qty-pretty-value">1</span>
                    <span class="input-qty-pretty-unit"></span>
                    </span>
                </div>

                <button type="button" class="btn cart-change-qty" data-change-type="plus" data-auid="increase-product-quantity" alt="Plus" aria-label="Plus">
                    <span class="icon-plus-sign"></span>
                </button>

                <p class="deal-limit-reached hidden">Deal Limit Reached</p>

                <div class="tooltip-qty-error tooltip-qty-limit hidden">
                    <p>
                        Limit to &nbsp; 999 &nbsp;each&nbsp; per customer.</p>
                </div>
                <div class="tooltip-qty-error tooltip-round-error hidden">
                    <p>
                        We do not have this in the weight you wanted. We've rounded your order to the nearest weight increment we stock.</p>
                </div>
            </div>
        </form>

        <!-- End Template: AddToCartSmall -->

    </div>
</div>
<div class="item">

    <div class="module-grocery-product quickview-simple  clicked" data-quickview-ajax-url="/p/21087204_EA/quickViewProduct" data-product-id="21087204_EA" data-product-price="$2.47">

        <span class="subtitle"></span>

        <div class="product-page-hotspot">
            <div class="product-cell quickview-button">
                <div class="product-image ">

                    <img src="https://assets.shop.loblaws.ca/products/21087204/b1/en/front/21087204_front_a01.png" onerror="this.src='https://assets.shop.loblaws.ca/products/NoImage/b1/en/front/NoImage_front_a01_@2.png';" alt="Wavy Original Chips" />

                    <span class="sticker deal">
	  				    <span class="deal-badge">
	  					    <span class="module-deal-badge module-deal-badge-feature flyer expires undefined">
	  						    <span class="deal-type">
								    Flyer<br />
	  							    Item
	  						    </span>

                    <span class="deal-expiry">
		Exp. 12/19
	</span>

                    </span>
                    </span>
                    </span>

                    <div class="hover-text-container">
                        <button href="#" tabindex="0" class="hover-text " aria-label="Quick View for Wavy Original Chips.">Quick View</button>
                    </div>
                </div>
            </div>

            <div class="product-in-cart">
                <div class="wrapper-product-in-cart">
                    <span>
	  			    In Cart
	  		    </span>
                </div>
            </div>

            <div class="product-info">
                <div class="product-name-wrapper">
                    <a href="/Food/Pantry/Chips-%26-Salty-Snacks/Potato-Chips/Lay%27s-Wavy-Original-Chips/p/21087204_EA" class="product-name" aria-label="Product page for Wavy Original Chips">
                        <span class="js-product-entry-brand">Lay's&nbsp;</span>

                        <span class="js-product-entry-name">Wavy Original Chips</span>

                        <span class="js-product-entry-size-detail">(255 g)</span>

                    </a>
                </div>

                <span class="ad-match-badge  hidden">Ad Match</span>

                <div class="price">
                    <div class="price-wrapper no-discount  ">
                        <span class="reg-price  " aria-label="Regular Price: $2.47">
					    <span class="reg-price-text">$2.47</span>

                        <sup class="reg-price-unit">ea</sup>
                        </span>
                        <span class="sale-price hidden" aria-label="Sale Price:">
					    <span class="sale-price-text"></span>
                        <sup class="sale-price-unit">ea</sup>
                        </span>

                        <span class="secondary-price hidden">

					    <span class="secondary-price-text" aria-label="Secondary Price:"></span>
                        </span>
                    </div>
                </div>

                <div class="qty">
                    <span class="reg-qty  ">

		  		<span class="sr-only">Sale Price Per Unit:</span> $0.97 / 100 g

                    </span>

                    <span class="sale-qty hidden">

		  		<span class="sr-only">Sale Price Per Unit:</span> $0.97 / 100 g

                    </span>

                    <span class="secondary-qty hidden">

	  	<span class="secondary-qty-text"></span>
                    </span>
                </div>
            </div>

        </div>
        <form class="form-product  quickview-btn-simple" data-product-id="21087204_EA" data-min-qty="1.0" data-max-qty="999.0" data-unit-type="ea" data-cart-qty="1" data-default-qty="1" novalidate="novalidate" promoCode="" promoNumber="" data-is-customized="false" data-cart-url="/cart/product/21087204_EA" data-csrf-token="5582ec01-90c0-448b-b4f7-e2cf68d9f8a0" data-is-weighted-product="false">

            <div class="module-add-to-cart " data-change-type="plus" data-auto-edit="true" data-auto-add="true" data-cart-ajax-url="/cart/updateCart">
                <div class="wrapper-add-to-cart-btn">
                    <div class="module-add-to-cart-button-small">
                        <button type="button" class="btn btn-secondary btn-add-to-cart " data-auid="add-to-cart-button" data-has-pts-badge="false" aria-label="Add Wavy Original Chips to cart">
                            <span class="icon-cart"></span>
                            <span class="add-to-cart-text">
											Add</span>
                        </button>
                        <button type="button" class="btn btn-secondary btn-edit-cart hidden " aria-label="Edit Cart">
                            <span class="qty-in-cart"></span>
                            <span class="edit-cart-text">
											<spring code="product.edit.text" />"
										</span>
                        </button>
                        <div class="add-list-parent add-list-module  bottom-add-list-module ">
                            <button class="btn btn-inline-link btn-save-to-list  dark is-btn-animated" data-login-url="/account/login?productCode=21087204_EA" data-ajax-url="/restful/lists/all?productCode=21087204_EA" data-user-guest="Y" data-user-guest="Y" data-product-code="21087204_EA" data-delete-item="false" aria-label="Add Wavy Original Chips to a List">
                                <span class="glyphicon glyphicon-th-list"></span>
                                <div class="list-cta-text  is-btn-animated">Add to List</div>
                            </button>

                            <!-- this is the list HTML   -->
                            <div class="save-to-list-popup  is-btn-animated animation-up dark" data-save-to-list-error="Can not get lists at this time. Please try again later." data-product-name="Wavy Original Chips">
                                <div class="inner-container">
                                </div>

                            </div>
                        </div>

                    </div>
                </div>
            </div>

            <div class="module-plus-minus-buttons small hidden ">
                <button type="button" class="btn cart-change-qty" data-change-type="minus" data-auid="decrease-product-quantity" alt="Minus" aria-label="Minus">
                    <span class="icon-minimize"></span>
                </button>
                <div class="plus-minus-input-wrapper">
                    <input class="input-qty cart-change-qty" aria-label="Enter manual quantity" type="text" name="qty" title="Change quantity in cart" data-unit-type="ea" value="1ea" data-change-type="equals" maxlength="7">

                    <span class="input-qty-pretty">
							<span class="input-qty-pretty-value">1</span>
                    <span class="input-qty-pretty-unit"></span>
                    </span>
                </div>

                <button type="button" class="btn cart-change-qty" data-change-type="plus" data-auid="increase-product-quantity" alt="Plus" aria-label="Plus">
                    <span class="icon-plus-sign"></span>
                </button>

                <p class="deal-limit-reached hidden">Deal Limit Reached</p>

                <div class="tooltip-qty-error tooltip-qty-limit hidden">
                    <p>
                        Limit to &nbsp; 999 &nbsp;each&nbsp; per customer.</p>
                </div>
                <div class="tooltip-qty-error tooltip-round-error hidden">
                    <p>
                        We do not have this in the weight you wanted. We've rounded your order to the nearest weight increment we stock.</p>
                </div>
            </div>
        </form>

        <!-- End Template: AddToCartSmall -->

    </div>
</div>
<div class="item">

    <div class="module-grocery-product quickview-simple  clicked" data-quickview-ajax-url="/p/20946445_EA/quickViewProduct" data-product-id="20946445_EA" data-product-price="$1.28">

        <span class="subtitle"></span>

        <div class="product-page-hotspot">
            <div class="product-cell quickview-button">
                <div class="product-image ">

                    <img src="https://assets.shop.loblaws.ca/products/20946445/b1/en/front/20946445_front_a01.png" onerror="this.src='https://assets.shop.loblaws.ca/products/NoImage/b1/en/front/NoImage_front_a01_@2.png';" alt="Potato Crisp, Salt and Vinegar" />

                    <span class="sticker deal">
	  				        <span class="deal-badge">

	  				            <span class="module-deal-badge module-deal-badge-grid simple-save-unit "
	  						        data-deal-type="3 FOR $3.45"
	  						        data-ajax-promo-url="/simpleDeal/deals/product-tile?productCode=20946445_EA"
	  						        data-deal-id="20946445_EA">
	  						        <span class="deal-type">3 FOR $3.45</span>

                    <span class="deal-expiry">
		Exp. 12/31
	</span>

                    </span>
                    </span>
                    </span>

                    <div class="hover-text-container">
                        <button href="#" tabindex="0" class="hover-text " aria-label="Quick View for Potato Crisp, Salt and Vinegar.">Quick View</button>
                    </div>
                </div>
            </div>

            <div class="product-in-cart">
                <div class="wrapper-product-in-cart">
                    <span>
	  			    In Cart
	  		    </span>
                </div>
            </div>

            <div class="product-info">
                <div class="product-name-wrapper">
                    <a href="/Food/Pantry/Chips-%26-Salty-Snacks/Potato-Chips/No-Name-Potato-Crisp%2C-Salt-and-Vinegar/p/20946445_EA" class="product-name" aria-label="Product page for Potato Crisp, Salt and Vinegar">
                        <span class="js-product-entry-brand">No Name&nbsp;</span>

                        <span class="js-product-entry-name">Potato Crisp, Salt and Vinegar</span>

                        <span class="js-product-entry-size-detail">(142 g)</span>

                    </a>
                </div>

                <span class="ad-match-badge  hidden">Ad Match</span>

                <div class="price">
                    <div class="price-wrapper no-discount  ">
                        <span class="reg-price  " aria-label="Regular Price: $1.28">
					    <span class="reg-price-text">$1.28</span>

                        <sup class="reg-price-unit">ea</sup>
                        </span>
                        <span class="sale-price hidden" aria-label="Sale Price:">
					    <span class="sale-price-text"></span>
                        <sup class="sale-price-unit">ea</sup>
                        </span>

                        <span class="secondary-price hidden">

					    <span class="secondary-price-text" aria-label="Secondary Price:"></span>
                        </span>
                    </div>
                </div>

                <div class="qty">
                    <span class="reg-qty  ">

		  		<span class="sr-only">Sale Price Per Unit:</span> $0.90 / 100 g

                    </span>

                    <span class="sale-qty hidden">

		  		<span class="sr-only">Sale Price Per Unit:</span> $0.90 / 100 g

                    </span>

                    <span class="secondary-qty hidden">

	  	<span class="secondary-qty-text"></span>
                    </span>
                </div>
            </div>

        </div>
        <form class="form-product  quickview-btn-simple" data-product-id="20946445_EA" data-min-qty="1.0" data-max-qty="999.0" data-unit-type="ea" data-cart-qty="1" data-default-qty="1" novalidate="novalidate" promoCode="" promoNumber="" data-is-customized="false" data-cart-url="/cart/product/20946445_EA" data-csrf-token="5582ec01-90c0-448b-b4f7-e2cf68d9f8a0" data-is-weighted-product="false">

            <div class="module-add-to-cart " data-change-type="plus" data-auto-edit="true" data-auto-add="true" data-cart-ajax-url="/cart/updateCart">
                <div class="wrapper-add-to-cart-btn">
                    <div class="module-add-to-cart-button-small">
                        <button type="button" class="btn btn-secondary btn-add-to-cart " data-auid="add-to-cart-button" data-has-pts-badge="false" aria-label="Add Potato Crisp, Salt and Vinegar to cart">
                            <span class="icon-cart"></span>
                            <span class="add-to-cart-text">
											Add</span>
                        </button>
                        <button type="button" class="btn btn-secondary btn-edit-cart hidden " aria-label="Edit Cart">
                            <span class="qty-in-cart"></span>
                            <span class="edit-cart-text">
											<spring code="product.edit.text" />"
										</span>
                        </button>
                        <div class="add-list-parent add-list-module  bottom-add-list-module ">
                            <button class="btn btn-inline-link btn-save-to-list  dark is-btn-animated" data-login-url="/account/login?productCode=20946445_EA" data-ajax-url="/restful/lists/all?productCode=20946445_EA" data-user-guest="Y" data-user-guest="Y" data-product-code="20946445_EA" data-delete-item="false" aria-label="Add Potato Crisp, Salt and Vinegar to a List">
                                <span class="glyphicon glyphicon-th-list"></span>
                                <div class="list-cta-text  is-btn-animated">Add to List</div>
                            </button>

                            <!-- this is the list HTML   -->
                            <div class="save-to-list-popup  is-btn-animated animation-up dark" data-save-to-list-error="Can not get lists at this time. Please try again later." data-product-name="Potato Crisp, Salt and Vinegar">
                                <div class="inner-container">
                                </div>

                            </div>
                        </div>

                    </div>
                </div>
            </div>

            <div class="module-plus-minus-buttons small hidden ">
                <button type="button" class="btn cart-change-qty" data-change-type="minus" data-auid="decrease-product-quantity" alt="Minus" aria-label="Minus">
                    <span class="icon-minimize"></span>
                </button>
                <div class="plus-minus-input-wrapper">
                    <input class="input-qty cart-change-qty" aria-label="Enter manual quantity" type="text" name="qty" title="Change quantity in cart" data-unit-type="ea" value="1ea" data-change-type="equals" maxlength="7">

                    <span class="input-qty-pretty">
							<span class="input-qty-pretty-value">1</span>
                    <span class="input-qty-pretty-unit"></span>
                    </span>
                </div>

                <button type="button" class="btn cart-change-qty" data-change-type="plus" data-auid="increase-product-quantity" alt="Plus" aria-label="Plus">
                    <span class="icon-plus-sign"></span>
                </button>

                <p class="deal-limit-reached hidden">Deal Limit Reached</p>

                <div class="tooltip-qty-error tooltip-qty-limit hidden">
                    <p>
                        Limit to &nbsp; 999 &nbsp;each&nbsp; per customer.</p>
                </div>
                <div class="tooltip-qty-error tooltip-round-error hidden">
                    <p>
                        We do not have this in the weight you wanted. We've rounded your order to the nearest weight increment we stock.</p>
                </div>
            </div>
        </form>

        <!-- End Template: AddToCartSmall -->

    </div>
</div>
<div class="item">

    <div class="module-grocery-product quickview-simple  clicked" data-quickview-ajax-url="/p/21003779_EA/quickViewProduct" data-product-id="21003779_EA" data-product-price="$1.88">

        <span class="subtitle"></span>

        <div class="product-page-hotspot">
            <div class="product-cell quickview-button">
                <div class="product-image ">

                    <img src="https://assets.shop.loblaws.ca/products/21003779/b1/en/front/21003779_front_a01.png" onerror="this.src='https://assets.shop.loblaws.ca/products/NoImage/b1/en/front/NoImage_front_a01_@2.png';" alt="Jalapeno Flavour Potato Chips" />

                    <span class="sticker deal">
	  				        <span class="deal-badge">

	  				            <span class="module-deal-badge module-deal-badge-grid simple-save-unit "
	  						        data-deal-type="$1.88 LIMIT 4"
	  						        data-ajax-promo-url="/simpleDeal/deals/product-tile?productCode=21003779_EA"
	  						        data-deal-id="21003779_EA">
	  						        <span class="deal-type">$1.88 LIMIT 4</span>

                    <span class="deal-expiry">
		Exp. 12/27
	</span>

                    </span>
                    </span>
                    </span>

                    <div class="hover-text-container">
                        <button href="#" tabindex="0" class="hover-text " aria-label="Quick View for Jalapeno Flavour Potato Chips.">Quick View</button>
                    </div>
                </div>
            </div>

            <div class="product-in-cart">
                <div class="wrapper-product-in-cart">
                    <span>
	  			    In Cart
	  		    </span>
                </div>
            </div>

            <div class="product-info">
                <div class="product-name-wrapper">
                    <a href="/Food/Pantry/Chips-%26-Salty-Snacks/Potato-Chips/Pringles-Jalapeno-Flavour-Potato-Chips/p/21003779_EA" class="product-name" aria-label="Product page for Jalapeno Flavour Potato Chips">
                        <span class="js-product-entry-brand">Pringles&nbsp;</span>

                        <span class="js-product-entry-name">Jalapeno Flavour Potato Chips</span>

                        <span class="js-product-entry-size-detail">(156 g)</span>

                    </a>
                </div>

                <span class="ad-match-badge  hidden">Ad Match</span>

                <div class="price">
                    <div class="price-wrapper no-discount promo-alert ">
                        <span class="reg-price  price-alert" aria-label="Regular Price: $1.88">
					    <span class="reg-price-text">$1.88</span>

                        <sup class="reg-price-unit">ea</sup>
                        </span>
                        <span class="sale-price hidden" aria-label="Sale Price:">
					    <span class="sale-price-text"></span>
                        <sup class="sale-price-unit">ea</sup>
                        </span>

                        <span class="secondary-price hidden">

					    <span class="secondary-price-text" aria-label="Secondary Price:"></span>
                        </span>
                    </div>
                </div>

                <div class="qty">
                    <span class="reg-qty  price-alert">

		  		<span class="sr-only">Sale Price Per Unit:</span> $1.21 / 100 g

                    </span>

                    <span class="sale-qty hidden">

		  		<span class="sr-only">Sale Price Per Unit:</span> $1.21 / 100 g

                    </span>

                    <span class="secondary-qty hidden">

	  	<span class="secondary-qty-text"></span>
                    </span>
                </div>
            </div>

        </div>
        <form class="form-product  quickview-btn-simple" data-product-id="21003779_EA" data-min-qty="1.0" data-max-qty="999.0" data-unit-type="ea" data-cart-qty="1" data-default-qty="1" novalidate="novalidate" promoCode="" promoNumber="" data-is-customized="false" data-cart-url="/cart/product/21003779_EA" data-csrf-token="5582ec01-90c0-448b-b4f7-e2cf68d9f8a0" data-is-weighted-product="false">

            <div class="module-add-to-cart " data-change-type="plus" data-auto-edit="true" data-auto-add="true" data-cart-ajax-url="/cart/updateCart">
                <div class="wrapper-add-to-cart-btn">
                    <div class="module-add-to-cart-button-small">
                        <button type="button" class="btn btn-secondary btn-add-to-cart " data-auid="add-to-cart-button" data-has-pts-badge="false" aria-label="Add Jalapeno Flavour Potato Chips to cart">
                            <span class="icon-cart"></span>
                            <span class="add-to-cart-text">
											Add</span>
                        </button>
                        <button type="button" class="btn btn-secondary btn-edit-cart hidden " aria-label="Edit Cart">
                            <span class="qty-in-cart"></span>
                            <span class="edit-cart-text">
											<spring code="product.edit.text" />"
										</span>
                        </button>
                        <div class="add-list-parent add-list-module  bottom-add-list-module ">
                            <button class="btn btn-inline-link btn-save-to-list  dark is-btn-animated" data-login-url="/account/login?productCode=21003779_EA" data-ajax-url="/restful/lists/all?productCode=21003779_EA" data-user-guest="Y" data-user-guest="Y" data-product-code="21003779_EA" data-delete-item="false" aria-label="Add Jalapeno Flavour Potato Chips to a List">
                                <span class="glyphicon glyphicon-th-list"></span>
                                <div class="list-cta-text  is-btn-animated">Add to List</div>
                            </button>

                            <!-- this is the list HTML   -->
                            <div class="save-to-list-popup  is-btn-animated animation-up dark" data-save-to-list-error="Can not get lists at this time. Please try again later." data-product-name="Jalapeno Flavour Potato Chips">
                                <div class="inner-container">
                                </div>

                            </div>
                        </div>

                    </div>
                </div>
            </div>

            <div class="module-plus-minus-buttons small hidden ">
                <button type="button" class="btn cart-change-qty" data-change-type="minus" data-auid="decrease-product-quantity" alt="Minus" aria-label="Minus">
                    <span class="icon-minimize"></span>
                </button>
                <div class="plus-minus-input-wrapper">
                    <input class="input-qty cart-change-qty" aria-label="Enter manual quantity" type="text" name="qty" title="Change quantity in cart" data-unit-type="ea" value="1ea" data-change-type="equals" maxlength="7">

                    <span class="input-qty-pretty">
							<span class="input-qty-pretty-value">1</span>
                    <span class="input-qty-pretty-unit"></span>
                    </span>
                </div>

                <button type="button" class="btn cart-change-qty" data-change-type="plus" data-auid="increase-product-quantity" alt="Plus" aria-label="Plus">
                    <span class="icon-plus-sign"></span>
                </button>

                <p class="deal-limit-reached hidden">Deal Limit Reached</p>

                <div class="tooltip-qty-error tooltip-qty-limit hidden">
                    <p>
                        Limit to &nbsp; 999 &nbsp;each&nbsp; per customer.</p>
                </div>
                <div class="tooltip-qty-error tooltip-round-error hidden">
                    <p>
                        We do not have this in the weight you wanted. We've rounded your order to the nearest weight increment we stock.</p>
                </div>
            </div>
        </form>

        <!-- End Template: AddToCartSmall -->

    </div>
</div>
<div class="item">

    <div class="module-grocery-product quickview-simple  clicked" data-quickview-ajax-url="/p/20972825_EA/quickViewProduct" data-product-id="20972825_EA" data-product-price="$4.58">

        <span class="subtitle"></span>

        <div class="product-page-hotspot">
            <div class="product-cell quickview-button">
                <div class="product-image ">

                    <img src="https://assets.shop.loblaws.ca/products/20972825/b1/en/front/20972825_front_a01.png" onerror="this.src='https://assets.shop.loblaws.ca/products/NoImage/b1/en/front/NoImage_front_a01_@2.png';" alt="Tortilla Chips, Restaurant style" />

                    <div class="hover-text-container">
                        <button href="#" tabindex="0" class="hover-text " aria-label="Quick View for Tortilla Chips, Restaurant style.">Quick View</button>
                    </div>
                </div>
            </div>

            <div class="product-in-cart">
                <div class="wrapper-product-in-cart">
                    <span>
	  			    In Cart
	  		    </span>
                </div>
            </div>

            <div class="product-info">
                <div class="product-name-wrapper">
                    <a href="/Food/Pantry/Chips-%26-Salty-Snacks/Potato-Chips/Tostitos-Tortilla-Chips%2C-Restaurant-style/p/20972825_EA" class="product-name" aria-label="Product page for Tortilla Chips, Restaurant style">
                        <span class="js-product-entry-brand">Tostitos&nbsp;</span>

                        <span class="js-product-entry-name">Tortilla Chips, Restaurant style</span>

                        <span class="js-product-entry-size-detail">(480 g)</span>

                    </a>
                </div>

                <span class="ad-match-badge  hidden">Ad Match</span>

                <div class="price">
                    <div class="price-wrapper no-discount  ">
                        <span class="reg-price  " aria-label="Regular Price: $4.58">
					    <span class="reg-price-text">$4.58</span>

                        <sup class="reg-price-unit">ea</sup>
                        </span>
                        <span class="sale-price hidden" aria-label="Sale Price:">
					    <span class="sale-price-text"></span>
                        <sup class="sale-price-unit">ea</sup>
                        </span>

                        <span class="secondary-price hidden">

					    <span class="secondary-price-text" aria-label="Secondary Price:"></span>
                        </span>
                    </div>
                </div>

                <div class="qty">
                    <span class="reg-qty  ">

		  		<span class="sr-only">Sale Price Per Unit:</span> $0.95 / 100 g

                    </span>

                    <span class="sale-qty hidden">

		  		<span class="sr-only">Sale Price Per Unit:</span> $0.95 / 100 g

                    </span>

                    <span class="secondary-qty hidden">

	  	<span class="secondary-qty-text"></span>
                    </span>
                </div>
            </div>

        </div>
        <form class="form-product  quickview-btn-simple" data-product-id="20972825_EA" data-min-qty="1.0" data-max-qty="999.0" data-unit-type="ea" data-cart-qty="1" data-default-qty="1" novalidate="novalidate" promoCode="" promoNumber="" data-is-customized="false" data-cart-url="/cart/product/20972825_EA" data-csrf-token="5582ec01-90c0-448b-b4f7-e2cf68d9f8a0" data-is-weighted-product="false">

            <div class="module-add-to-cart " data-change-type="plus" data-auto-edit="true" data-auto-add="true" data-cart-ajax-url="/cart/updateCart">
                <div class="wrapper-add-to-cart-btn">
                    <div class="module-add-to-cart-button-small">
                        <button type="button" class="btn btn-secondary btn-add-to-cart " data-auid="add-to-cart-button" data-has-pts-badge="false" aria-label="Add Tortilla Chips, Restaurant style to cart">
                            <span class="icon-cart"></span>
                            <span class="add-to-cart-text">
											Add</span>
                        </button>
                        <button type="button" class="btn btn-secondary btn-edit-cart hidden " aria-label="Edit Cart">
                            <span class="qty-in-cart"></span>
                            <span class="edit-cart-text">
											<spring code="product.edit.text" />"
										</span>
                        </button>
                        <div class="add-list-parent add-list-module  bottom-add-list-module ">
                            <button class="btn btn-inline-link btn-save-to-list  dark is-btn-animated" data-login-url="/account/login?productCode=20972825_EA" data-ajax-url="/restful/lists/all?productCode=20972825_EA" data-user-guest="Y" data-user-guest="Y" data-product-code="20972825_EA" data-delete-item="false" aria-label="Add Tortilla Chips, Restaurant style to a List">
                                <span class="glyphicon glyphicon-th-list"></span>
                                <div class="list-cta-text  is-btn-animated">Add to List</div>
                            </button>

                            <!-- this is the list HTML   -->
                            <div class="save-to-list-popup  is-btn-animated animation-up dark" data-save-to-list-error="Can not get lists at this time. Please try again later." data-product-name="Tortilla Chips, Restaurant style">
                                <div class="inner-container">
                                </div>

                            </div>
                        </div>

                    </div>
                </div>
            </div>

            <div class="module-plus-minus-buttons small hidden ">
                <button type="button" class="btn cart-change-qty" data-change-type="minus" data-auid="decrease-product-quantity" alt="Minus" aria-label="Minus">
                    <span class="icon-minimize"></span>
                </button>
                <div class="plus-minus-input-wrapper">
                    <input class="input-qty cart-change-qty" aria-label="Enter manual quantity" type="text" name="qty" title="Change quantity in cart" data-unit-type="ea" value="1ea" data-change-type="equals" maxlength="7">

                    <span class="input-qty-pretty">
							<span class="input-qty-pretty-value">1</span>
                    <span class="input-qty-pretty-unit"></span>
                    </span>
                </div>

                <button type="button" class="btn cart-change-qty" data-change-type="plus" data-auid="increase-product-quantity" alt="Plus" aria-label="Plus">
                    <span class="icon-plus-sign"></span>
                </button>

                <p class="deal-limit-reached hidden">Deal Limit Reached</p>

                <div class="tooltip-qty-error tooltip-qty-limit hidden">
                    <p>
                        Limit to &nbsp; 999 &nbsp;each&nbsp; per customer.</p>
                </div>
                <div class="tooltip-qty-error tooltip-round-error hidden">
                    <p>
                        We do not have this in the weight you wanted. We've rounded your order to the nearest weight increment we stock.</p>
                </div>
            </div>
        </form>

        <!-- End Template: AddToCartSmall -->

    </div>
</div>
<div class="item">

    <div class="module-grocery-product quickview-simple  clicked" data-quickview-ajax-url="/p/20868465005_EA/quickViewProduct" data-product-id="20868465005_EA" data-product-price="$3.48">

        <span class="subtitle"></span>

        <div class="product-page-hotspot">
            <div class="product-cell quickview-button">
                <div class="product-image ">

                    <img src="https://assets.shop.loblaws.ca/products/20868465005/b1/en/front/20868465005_front_a01.png" onerror="this.src='https://assets.shop.loblaws.ca/products/NoImage/b1/en/front/NoImage_front_a01_@2.png';" alt="Potato Chips, Salt & Vinegar" />

                    <span class="sticker deal">
	  				        <span class="deal-badge">

	  				            <span class="module-deal-badge module-deal-badge-grid simple-save-unit "
	  						        data-deal-type="2 FOR $5.00"
	  						        data-ajax-promo-url="/simpleDeal/deals/product-tile?productCode=20868465005_EA"
	  						        data-deal-id="20868465005_EA">
	  						        <span class="deal-type">2 FOR $5.00</span>

                    <span class="deal-expiry">
		Exp. 12/19
	</span>

                    </span>
                    </span>
                    </span>

                    <div class="hover-text-container">
                        <button href="#" tabindex="0" class="hover-text " aria-label="Quick View for Potato Chips, Salt & Vinegar.">Quick View</button>
                    </div>
                </div>
            </div>

            <div class="product-in-cart">
                <div class="wrapper-product-in-cart">
                    <span>
	  			    In Cart
	  		    </span>
                </div>
            </div>

            <div class="product-info">
                <div class="product-name-wrapper">
                    <a href="/Food/Pantry/Chips-%26-Salty-Snacks/Potato-Chips/Old-Dutch-RIP-L-Potato-Chips%2C-Salt-%26-Vinegar/p/20868465005_EA" class="product-name" aria-label="Product page for Potato Chips, Salt & Vinegar">
                        <span class="js-product-entry-brand">Old Dutch&nbsp;</span>

                        <span class="js-product-entry-name">Potato Chips, Salt & Vinegar</span>

                        <span class="js-product-entry-size-detail">(255 g)</span>

                    </a>
                </div>

                <span class="ad-match-badge  hidden">Ad Match</span>

                <div class="price">
                    <div class="price-wrapper no-discount  ">
                        <span class="reg-price  " aria-label="Regular Price: $3.48">
					    <span class="reg-price-text">$3.48</span>

                        <sup class="reg-price-unit">ea</sup>
                        </span>
                        <span class="sale-price hidden" aria-label="Sale Price:">
					    <span class="sale-price-text"></span>
                        <sup class="sale-price-unit">ea</sup>
                        </span>

                        <span class="secondary-price hidden">

					    <span class="secondary-price-text" aria-label="Secondary Price:"></span>
                        </span>
                    </div>
                </div>

                <div class="qty">
                    <span class="reg-qty  ">

		  		<span class="sr-only">Sale Price Per Unit:</span> $1.36 / 100 g

                    </span>

                    <span class="sale-qty hidden">

		  		<span class="sr-only">Sale Price Per Unit:</span> $1.36 / 100 g

                    </span>

                    <span class="secondary-qty hidden">

	  	<span class="secondary-qty-text"></span>
                    </span>
                </div>
            </div>

        </div>
        <form class="form-product  quickview-btn-simple" data-product-id="20868465005_EA" data-min-qty="1.0" data-max-qty="999.0" data-unit-type="ea" data-cart-qty="1" data-default-qty="1" novalidate="novalidate" promoCode="" promoNumber="" data-is-customized="false" data-cart-url="/cart/product/20868465005_EA" data-csrf-token="5582ec01-90c0-448b-b4f7-e2cf68d9f8a0" data-is-weighted-product="false">

            <div class="module-add-to-cart " data-change-type="plus" data-auto-edit="true" data-auto-add="true" data-cart-ajax-url="/cart/updateCart">
                <div class="wrapper-add-to-cart-btn">
                    <div class="module-add-to-cart-button-small">
                        <button type="button" class="btn btn-secondary btn-add-to-cart " data-auid="add-to-cart-button" data-has-pts-badge="false" aria-label="Add Potato Chips, Salt & Vinegar to cart">
                            <span class="icon-cart"></span>
                            <span class="add-to-cart-text">
											Add</span>
                        </button>
                        <button type="button" class="btn btn-secondary btn-edit-cart hidden " aria-label="Edit Cart">
                            <span class="qty-in-cart"></span>
                            <span class="edit-cart-text">
											<spring code="product.edit.text" />"
										</span>
                        </button>
                        <div class="add-list-parent add-list-module  bottom-add-list-module ">
                            <button class="btn btn-inline-link btn-save-to-list  dark is-btn-animated" data-login-url="/account/login?productCode=20868465005_EA" data-ajax-url="/restful/lists/all?productCode=20868465005_EA" data-user-guest="Y" data-user-guest="Y" data-product-code="20868465005_EA" data-delete-item="false" aria-label="Add Potato Chips, Salt & Vinegar to a List">
                                <span class="glyphicon glyphicon-th-list"></span>
                                <div class="list-cta-text  is-btn-animated">Add to List</div>
                            </button>

                            <!-- this is the list HTML   -->
                            <div class="save-to-list-popup  is-btn-animated animation-up dark" data-save-to-list-error="Can not get lists at this time. Please try again later." data-product-name="Potato Chips, Salt & Vinegar">
                                <div class="inner-container">
                                </div>

                            </div>
                        </div>

                    </div>
                </div>
            </div>

            <div class="module-plus-minus-buttons small hidden ">
                <button type="button" class="btn cart-change-qty" data-change-type="minus" data-auid="decrease-product-quantity" alt="Minus" aria-label="Minus">
                    <span class="icon-minimize"></span>
                </button>
                <div class="plus-minus-input-wrapper">
                    <input class="input-qty cart-change-qty" aria-label="Enter manual quantity" type="text" name="qty" title="Change quantity in cart" data-unit-type="ea" value="1ea" data-change-type="equals" maxlength="7">

                    <span class="input-qty-pretty">
							<span class="input-qty-pretty-value">1</span>
                    <span class="input-qty-pretty-unit"></span>
                    </span>
                </div>

                <button type="button" class="btn cart-change-qty" data-change-type="plus" data-auid="increase-product-quantity" alt="Plus" aria-label="Plus">
                    <span class="icon-plus-sign"></span>
                </button>

                <p class="deal-limit-reached hidden">Deal Limit Reached</p>

                <div class="tooltip-qty-error tooltip-qty-limit hidden">
                    <p>
                        Limit to &nbsp; 999 &nbsp;each&nbsp; per customer.</p>
                </div>
                <div class="tooltip-qty-error tooltip-round-error hidden">
                    <p>
                        We do not have this in the weight you wanted. We've rounded your order to the nearest weight increment we stock.</p>
                </div>
            </div>
        </form>

        <!-- End Template: AddToCartSmall -->

    </div>
</div>
<div class="item">

    <div class="module-grocery-product quickview-simple  clicked" data-quickview-ajax-url="/p/20305180_EA/quickViewProduct" data-product-id="20305180_EA" data-product-price="$2.98">

        <span class="subtitle"></span>

        <div class="product-page-hotspot">
            <div class="product-cell quickview-button">
                <div class="product-image ">

                    <img src="https://assets.shop.loblaws.ca/products/20305180/b1/en/front/20305180_front_a01.png" onerror="this.src='https://assets.shop.loblaws.ca/products/NoImage/b1/en/front/NoImage_front_a01_@2.png';" alt="White Corn Tortilla Chips, Restaurant Cut" />

                    <div class="hover-text-container">
                        <button href="#" tabindex="0" class="hover-text " aria-label="Quick View for White Corn Tortilla Chips, Restaurant Cut.">Quick View</button>
                    </div>
                </div>
            </div>

            <div class="product-in-cart">
                <div class="wrapper-product-in-cart">
                    <span>
	  			    In Cart
	  		    </span>
                </div>
            </div>

            <div class="product-info">
                <div class="product-name-wrapper">
                    <a href="/Food/Pantry/Chips-%26-Salty-Snacks/Tortilla-Chips/White-Corn-Tortilla-Chips%2C-Restaurant-Cut/p/20305180_EA" class="product-name" aria-label="Product page for White Corn Tortilla Chips, Restaurant Cut">
                        <span class="js-product-entry-brand">President's Choice&nbsp;</span>

                        <span class="js-product-entry-name">White Corn Tortilla Chips, Restaurant Cut</span>

                        <span class="js-product-entry-size-detail">(320 g)</span>

                    </a>
                </div>

                <span class="ad-match-badge  hidden">Ad Match</span>

                <div class="price">
                    <div class="price-wrapper no-discount  ">
                        <span class="reg-price  " aria-label="Regular Price: $2.98">
					    <span class="reg-price-text">$2.98</span>

                        <sup class="reg-price-unit">ea</sup>
                        </span>
                        <span class="sale-price hidden" aria-label="Sale Price:">
					    <span class="sale-price-text"></span>
                        <sup class="sale-price-unit">ea</sup>
                        </span>

                        <span class="secondary-price hidden">

					    <span class="secondary-price-text" aria-label="Secondary Price:"></span>
                        </span>
                    </div>
                </div>

                <div class="qty">
                    <span class="reg-qty  ">

		  		<span class="sr-only">Sale Price Per Unit:</span> $0.93 / 100 g

                    </span>

                    <span class="sale-qty hidden">

		  		<span class="sr-only">Sale Price Per Unit:</span> $0.93 / 100 g

                    </span>

                    <span class="secondary-qty hidden">

	  	<span class="secondary-qty-text"></span>
                    </span>
                </div>
            </div>

        </div>
        <form class="form-product  quickview-btn-simple" data-product-id="20305180_EA" data-min-qty="1.0" data-max-qty="999.0" data-unit-type="ea" data-cart-qty="1" data-default-qty="1" novalidate="novalidate" promoCode="" promoNumber="" data-is-customized="false" data-cart-url="/cart/product/20305180_EA" data-csrf-token="5582ec01-90c0-448b-b4f7-e2cf68d9f8a0" data-is-weighted-product="false">

            <div class="module-add-to-cart " data-change-type="plus" data-auto-edit="true" data-auto-add="true" data-cart-ajax-url="/cart/updateCart">
                <div class="wrapper-add-to-cart-btn">
                    <div class="module-add-to-cart-button-small">
                        <button type="button" class="btn btn-secondary btn-add-to-cart " data-auid="add-to-cart-button" data-has-pts-badge="false" aria-label="Add White Corn Tortilla Chips, Restaurant Cut to cart">
                            <span class="icon-cart"></span>
                            <span class="add-to-cart-text">
											Add</span>
                        </button>
                        <button type="button" class="btn btn-secondary btn-edit-cart hidden " aria-label="Edit Cart">
                            <span class="qty-in-cart"></span>
                            <span class="edit-cart-text">
											<spring code="product.edit.text" />"
										</span>
                        </button>
                        <div class="add-list-parent add-list-module  bottom-add-list-module ">
                            <button class="btn btn-inline-link btn-save-to-list  dark is-btn-animated" data-login-url="/account/login?productCode=20305180_EA" data-ajax-url="/restful/lists/all?productCode=20305180_EA" data-user-guest="Y" data-user-guest="Y" data-product-code="20305180_EA" data-delete-item="false" aria-label="Add White Corn Tortilla Chips, Restaurant Cut to a List">
                                <span class="glyphicon glyphicon-th-list"></span>
                                <div class="list-cta-text  is-btn-animated">Add to List</div>
                            </button>

                            <!-- this is the list HTML   -->
                            <div class="save-to-list-popup  is-btn-animated animation-up dark" data-save-to-list-error="Can not get lists at this time. Please try again later." data-product-name="White Corn Tortilla Chips, Restaurant Cut">
                                <div class="inner-container">
                                </div>

                            </div>
                        </div>

                    </div>
                </div>
            </div>

            <div class="module-plus-minus-buttons small hidden ">
                <button type="button" class="btn cart-change-qty" data-change-type="minus" data-auid="decrease-product-quantity" alt="Minus" aria-label="Minus">
                    <span class="icon-minimize"></span>
                </button>
                <div class="plus-minus-input-wrapper">
                    <input class="input-qty cart-change-qty" aria-label="Enter manual quantity" type="text" name="qty" title="Change quantity in cart" data-unit-type="ea" value="1ea" data-change-type="equals" maxlength="7">

                    <span class="input-qty-pretty">
							<span class="input-qty-pretty-value">1</span>
                    <span class="input-qty-pretty-unit"></span>
                    </span>
                </div>

                <button type="button" class="btn cart-change-qty" data-change-type="plus" data-auid="increase-product-quantity" alt="Plus" aria-label="Plus">
                    <span class="icon-plus-sign"></span>
                </button>

                <p class="deal-limit-reached hidden">Deal Limit Reached</p>

                <div class="tooltip-qty-error tooltip-qty-limit hidden">
                    <p>
                        Limit to &nbsp; 999 &nbsp;each&nbsp; per customer.</p>
                </div>
                <div class="tooltip-qty-error tooltip-round-error hidden">
                    <p>
                        We do not have this in the weight you wanted. We've rounded your order to the nearest weight increment we stock.</p>
                </div>
            </div>
        </form>

        <!-- End Template: AddToCartSmall -->

    </div>
</div>
<div class="item">

    <div class="module-grocery-product quickview-simple  clicked" data-quickview-ajax-url="/p/21087197_EA/quickViewProduct" data-product-id="21087197_EA" data-product-price="$2.47">

        <span class="subtitle"></span>

        <div class="product-page-hotspot">
            <div class="product-cell quickview-button">
                <div class="product-image ">

                    <img src="https://assets.shop.loblaws.ca/products/21087197/b1/en/front/21087197_front_a01.png" onerror="this.src='https://assets.shop.loblaws.ca/products/NoImage/b1/en/front/NoImage_front_a01_@2.png';" alt="Wavy Chips, Sour Cream & Cheese" />

                    <span class="sticker deal">
	  				    <span class="deal-badge">
	  					    <span class="module-deal-badge module-deal-badge-feature flyer expires undefined">
	  						    <span class="deal-type">
								    Flyer<br />
	  							    Item
	  						    </span>

                    <span class="deal-expiry">
		Exp. 12/19
	</span>

                    </span>
                    </span>
                    </span>

                    <div class="hover-text-container">
                        <button href="#" tabindex="0" class="hover-text " aria-label="Quick View for Wavy Chips, Sour Cream & Cheese.">Quick View</button>
                    </div>
                </div>
            </div>

            <div class="product-in-cart">
                <div class="wrapper-product-in-cart">
                    <span>
	  			    In Cart
	  		    </span>
                </div>
            </div>

            <div class="product-info">
                <div class="product-name-wrapper">
                    <a href="/Food/Pantry/Chips-%26-Salty-Snacks/Potato-Chips/Lay%27s-Wavy-Chips%2C-Sour-Cream-%26-Cheese/p/21087197_EA" class="product-name" aria-label="Product page for Wavy Chips, Sour Cream & Cheese">
                        <span class="js-product-entry-brand">Lay's&nbsp;</span>

                        <span class="js-product-entry-name">Wavy Chips, Sour Cream & Cheese</span>

                        <span class="js-product-entry-size-detail">(240 g)</span>

                    </a>
                </div>

                <span class="ad-match-badge  hidden">Ad Match</span>

                <div class="price">
                    <div class="price-wrapper no-discount  ">
                        <span class="reg-price  " aria-label="Regular Price: $2.47">
					    <span class="reg-price-text">$2.47</span>

                        <sup class="reg-price-unit">ea</sup>
                        </span>
                        <span class="sale-price hidden" aria-label="Sale Price:">
					    <span class="sale-price-text"></span>
                        <sup class="sale-price-unit">ea</sup>
                        </span>

                        <span class="secondary-price hidden">

					    <span class="secondary-price-text" aria-label="Secondary Price:"></span>
                        </span>
                    </div>
                </div>

                <div class="qty">
                    <span class="reg-qty  ">

		  		<span class="sr-only">Sale Price Per Unit:</span> $1.03 / 100 g

                    </span>

                    <span class="sale-qty hidden">

		  		<span class="sr-only">Sale Price Per Unit:</span> $1.03 / 100 g

                    </span>

                    <span class="secondary-qty hidden">

	  	<span class="secondary-qty-text"></span>
                    </span>
                </div>
            </div>

        </div>
        <form class="form-product  quickview-btn-simple" data-product-id="21087197_EA" data-min-qty="1.0" data-max-qty="999.0" data-unit-type="ea" data-cart-qty="1" data-default-qty="1" novalidate="novalidate" promoCode="" promoNumber="" data-is-customized="false" data-cart-url="/cart/product/21087197_EA" data-csrf-token="5582ec01-90c0-448b-b4f7-e2cf68d9f8a0" data-is-weighted-product="false">

            <div class="module-add-to-cart " data-change-type="plus" data-auto-edit="true" data-auto-add="true" data-cart-ajax-url="/cart/updateCart">
                <div class="wrapper-add-to-cart-btn">
                    <div class="module-add-to-cart-button-small">
                        <button type="button" class="btn btn-secondary btn-add-to-cart " data-auid="add-to-cart-button" data-has-pts-badge="false" aria-label="Add Wavy Chips, Sour Cream & Cheese to cart">
                            <span class="icon-cart"></span>
                            <span class="add-to-cart-text">
											Add</span>
                        </button>
                        <button type="button" class="btn btn-secondary btn-edit-cart hidden " aria-label="Edit Cart">
                            <span class="qty-in-cart"></span>
                            <span class="edit-cart-text">
											<spring code="product.edit.text" />"
										</span>
                        </button>
                        <div class="add-list-parent add-list-module  bottom-add-list-module ">
                            <button class="btn btn-inline-link btn-save-to-list  dark is-btn-animated" data-login-url="/account/login?productCode=21087197_EA" data-ajax-url="/restful/lists/all?productCode=21087197_EA" data-user-guest="Y" data-user-guest="Y" data-product-code="21087197_EA" data-delete-item="false" aria-label="Add Wavy Chips, Sour Cream & Cheese to a List">
                                <span class="glyphicon glyphicon-th-list"></span>
                                <div class="list-cta-text  is-btn-animated">Add to List</div>
                            </button>

                            <!-- this is the list HTML   -->
                            <div class="save-to-list-popup  is-btn-animated animation-up dark" data-save-to-list-error="Can not get lists at this time. Please try again later." data-product-name="Wavy Chips, Sour Cream & Cheese">
                                <div class="inner-container">
                                </div>

                            </div>
                        </div>

                    </div>
                </div>
            </div>

            <div class="module-plus-minus-buttons small hidden ">
                <button type="button" class="btn cart-change-qty" data-change-type="minus" data-auid="decrease-product-quantity" alt="Minus" aria-label="Minus">
                    <span class="icon-minimize"></span>
                </button>
                <div class="plus-minus-input-wrapper">
                    <input class="input-qty cart-change-qty" aria-label="Enter manual quantity" type="text" name="qty" title="Change quantity in cart" data-unit-type="ea" value="1ea" data-change-type="equals" maxlength="7">

                    <span class="input-qty-pretty">
							<span class="input-qty-pretty-value">1</span>
                    <span class="input-qty-pretty-unit"></span>
                    </span>
                </div>

                <button type="button" class="btn cart-change-qty" data-change-type="plus" data-auid="increase-product-quantity" alt="Plus" aria-label="Plus">
                    <span class="icon-plus-sign"></span>
                </button>

                <p class="deal-limit-reached hidden">Deal Limit Reached</p>

                <div class="tooltip-qty-error tooltip-qty-limit hidden">
                    <p>
                        Limit to &nbsp; 999 &nbsp;each&nbsp; per customer.</p>
                </div>
                <div class="tooltip-qty-error tooltip-round-error hidden">
                    <p>
                        We do not have this in the weight you wanted. We've rounded your order to the nearest weight increment we stock.</p>
                </div>
            </div>
        </form>

        <!-- End Template: AddToCartSmall -->

    </div>
</div>
<div class="item">

    <div class="module-grocery-product quickview-simple  clicked" data-quickview-ajax-url="/p/21003809_EA/quickViewProduct" data-product-id="21003809_EA" data-product-price="$1.88">

        <span class="subtitle"></span>

        <div class="product-page-hotspot">
            <div class="product-cell quickview-button">
                <div class="product-image ">

                    <img src="https://assets.shop.loblaws.ca/products/21003809/b1/en/front/21003809_front_a01.png" onerror="this.src='https://assets.shop.loblaws.ca/products/NoImage/b1/en/front/NoImage_front_a01_@2.png';" alt="Pizza Flavour Potato Chips" />

                    <span class="sticker deal">
	  				        <span class="deal-badge">

	  				            <span class="module-deal-badge module-deal-badge-grid simple-save-unit "
	  						        data-deal-type="$1.88 LIMIT 4"
	  						        data-ajax-promo-url="/simpleDeal/deals/product-tile?productCode=21003809_EA"
	  						        data-deal-id="21003809_EA">
	  						        <span class="deal-type">$1.88 LIMIT 4</span>

                    <span class="deal-expiry">
		Exp. 12/27
	</span>

                    </span>
                    </span>
                    </span>

                    <div class="hover-text-container">
                        <button href="#" tabindex="0" class="hover-text " aria-label="Quick View for Pizza Flavour Potato Chips.">Quick View</button>
                    </div>
                </div>
            </div>

            <div class="product-in-cart">
                <div class="wrapper-product-in-cart">
                    <span>
	  			    In Cart
	  		    </span>
                </div>
            </div>

            <div class="product-info">
                <div class="product-name-wrapper">
                    <a href="/Food/Pantry/Chips-%26-Salty-Snacks/Potato-Chips/Pringles-Pizza-Flavour-Potato-Chips/p/21003809_EA" class="product-name" aria-label="Product page for Pizza Flavour Potato Chips">
                        <span class="js-product-entry-brand">Pringles&nbsp;</span>

                        <span class="js-product-entry-name">Pizza Flavour Potato Chips</span>

                        <span class="js-product-entry-size-detail">(156 g)</span>

                    </a>
                </div>

                <span class="ad-match-badge  hidden">Ad Match</span>

                <div class="price">
                    <div class="price-wrapper no-discount promo-alert ">
                        <span class="reg-price  price-alert" aria-label="Regular Price: $1.88">
					    <span class="reg-price-text">$1.88</span>

                        <sup class="reg-price-unit">ea</sup>
                        </span>
                        <span class="sale-price hidden" aria-label="Sale Price:">
					    <span class="sale-price-text"></span>
                        <sup class="sale-price-unit">ea</sup>
                        </span>

                        <span class="secondary-price hidden">

					    <span class="secondary-price-text" aria-label="Secondary Price:"></span>
                        </span>
                    </div>
                </div>

                <div class="qty">
                    <span class="reg-qty  price-alert">

		  		<span class="sr-only">Sale Price Per Unit:</span> $1.21 / 100 g

                    </span>

                    <span class="sale-qty hidden">

		  		<span class="sr-only">Sale Price Per Unit:</span> $1.21 / 100 g

                    </span>

                    <span class="secondary-qty hidden">

	  	<span class="secondary-qty-text"></span>
                    </span>
                </div>
            </div>

        </div>
        <form class="form-product  quickview-btn-simple" data-product-id="21003809_EA" data-min-qty="1.0" data-max-qty="999.0" data-unit-type="ea" data-cart-qty="1" data-default-qty="1" novalidate="novalidate" promoCode="" promoNumber="" data-is-customized="false" data-cart-url="/cart/product/21003809_EA" data-csrf-token="5582ec01-90c0-448b-b4f7-e2cf68d9f8a0" data-is-weighted-product="false">

            <div class="module-add-to-cart " data-change-type="plus" data-auto-edit="true" data-auto-add="true" data-cart-ajax-url="/cart/updateCart">
                <div class="wrapper-add-to-cart-btn">
                    <div class="module-add-to-cart-button-small">
                        <button type="button" class="btn btn-secondary btn-add-to-cart " data-auid="add-to-cart-button" data-has-pts-badge="false" aria-label="Add Pizza Flavour Potato Chips to cart">
                            <span class="icon-cart"></span>
                            <span class="add-to-cart-text">
											Add</span>
                        </button>
                        <button type="button" class="btn btn-secondary btn-edit-cart hidden " aria-label="Edit Cart">
                            <span class="qty-in-cart"></span>
                            <span class="edit-cart-text">
											<spring code="product.edit.text" />"
										</span>
                        </button>
                        <div class="add-list-parent add-list-module  bottom-add-list-module ">
                            <button class="btn btn-inline-link btn-save-to-list  dark is-btn-animated" data-login-url="/account/login?productCode=21003809_EA" data-ajax-url="/restful/lists/all?productCode=21003809_EA" data-user-guest="Y" data-user-guest="Y" data-product-code="21003809_EA" data-delete-item="false" aria-label="Add Pizza Flavour Potato Chips to a List">
                                <span class="glyphicon glyphicon-th-list"></span>
                                <div class="list-cta-text  is-btn-animated">Add to List</div>
                            </button>

                            <!-- this is the list HTML   -->
                            <div class="save-to-list-popup  is-btn-animated animation-up dark" data-save-to-list-error="Can not get lists at this time. Please try again later." data-product-name="Pizza Flavour Potato Chips">
                                <div class="inner-container">
                                </div>

                            </div>
                        </div>

                    </div>
                </div>
            </div>

            <div class="module-plus-minus-buttons small hidden ">
                <button type="button" class="btn cart-change-qty" data-change-type="minus" data-auid="decrease-product-quantity" alt="Minus" aria-label="Minus">
                    <span class="icon-minimize"></span>
                </button>
                <div class="plus-minus-input-wrapper">
                    <input class="input-qty cart-change-qty" aria-label="Enter manual quantity" type="text" name="qty" title="Change quantity in cart" data-unit-type="ea" value="1ea" data-change-type="equals" maxlength="7">

                    <span class="input-qty-pretty">
							<span class="input-qty-pretty-value">1</span>
                    <span class="input-qty-pretty-unit"></span>
                    </span>
                </div>

                <button type="button" class="btn cart-change-qty" data-change-type="plus" data-auid="increase-product-quantity" alt="Plus" aria-label="Plus">
                    <span class="icon-plus-sign"></span>
                </button>

                <p class="deal-limit-reached hidden">Deal Limit Reached</p>

                <div class="tooltip-qty-error tooltip-qty-limit hidden">
                    <p>
                        Limit to &nbsp; 999 &nbsp;each&nbsp; per customer.</p>
                </div>
                <div class="tooltip-qty-error tooltip-round-error hidden">
                    <p>
                        We do not have this in the weight you wanted. We've rounded your order to the nearest weight increment we stock.</p>
                </div>
            </div>
        </form>

        <!-- End Template: AddToCartSmall -->

    </div>
</div>
<div class="item">

    <div class="module-grocery-product quickview-simple  clicked" data-quickview-ajax-url="/p/21048874_EA/quickViewProduct" data-product-id="21048874_EA" data-product-price="$1.18">

        <span class="subtitle"></span>

        <div class="product-page-hotspot">
            <div class="product-cell quickview-button">
                <div class="product-image ">

                    <img src="https://assets.shop.loblaws.ca/products/21048874/b1/en/front/21048874_front_a01.png" onerror="this.src='https://assets.shop.loblaws.ca/products/NoImage/b1/en/front/NoImage_front_a01_@2.png';" alt="Kropek Crackers Shrimp Flavoured 70 g" />

                    <span class="sticker deal">
	  				        <span class="deal-badge">

	  				            <span class="module-deal-badge module-deal-badge-grid simple-save-unit "
	  						        data-deal-type="3 FOR $3.18"
	  						        data-ajax-promo-url="/simpleDeal/deals/product-tile?productCode=21048874_EA"
	  						        data-deal-id="21048874_EA">
	  						        <span class="deal-type">3 FOR $3.18</span>

                    <span class="deal-expiry">
		Exp. 12/31
	</span>

                    </span>
                    </span>
                    </span>

                    <div class="hover-text-container">
                        <button href="#" tabindex="0" class="hover-text " aria-label="Quick View for Kropek Crackers Shrimp Flavoured 70 g.">Quick View</button>
                    </div>
                </div>
            </div>

            <div class="product-in-cart">
                <div class="wrapper-product-in-cart">
                    <span>
	  			    In Cart
	  		    </span>
                </div>
            </div>

            <div class="product-info">
                <div class="product-name-wrapper">
                    <a href="/Food/Pantry/Chips-%26-Salty-Snacks/Potato-Chips/Bulacan-Kropek-Crackers-Shrimp-Flavoured-70-g/p/21048874_EA" class="product-name" aria-label="Product page for Kropek Crackers Shrimp Flavoured 70 g">

                        <span class="js-product-entry-name">Kropek Crackers Shrimp Flavoured 70 g</span>

                        <span class="js-product-entry-size-detail">(70 g)</span>

                    </a>
                </div>

                <span class="ad-match-badge  hidden">Ad Match</span>

                <div class="price">
                    <div class="price-wrapper no-discount  ">
                        <span class="reg-price  " aria-label="Regular Price: $1.18">
					    <span class="reg-price-text">$1.18</span>

                        <sup class="reg-price-unit">ea</sup>
                        </span>
                        <span class="sale-price hidden" aria-label="Sale Price:">
					    <span class="sale-price-text"></span>
                        <sup class="sale-price-unit">ea</sup>
                        </span>

                        <span class="secondary-price hidden">

					    <span class="secondary-price-text" aria-label="Secondary Price:"></span>
                        </span>
                    </div>
                </div>

                <div class="qty">
                    <span class="reg-qty  ">

		  		<span class="sr-only">Sale Price Per Unit:</span> $1.69 / 100 g

                    </span>

                    <span class="sale-qty hidden">

		  		<span class="sr-only">Sale Price Per Unit:</span> $1.69 / 100 g

                    </span>

                    <span class="secondary-qty hidden">

	  	<span class="secondary-qty-text"></span>
                    </span>
                </div>
            </div>

        </div>
        <form class="form-product  quickview-btn-simple" data-product-id="21048874_EA" data-min-qty="1.0" data-max-qty="999.0" data-unit-type="ea" data-cart-qty="1" data-default-qty="1" novalidate="novalidate" promoCode="" promoNumber="" data-is-customized="false" data-cart-url="/cart/product/21048874_EA" data-csrf-token="5582ec01-90c0-448b-b4f7-e2cf68d9f8a0" data-is-weighted-product="false">

            <div class="module-add-to-cart " data-change-type="plus" data-auto-edit="true" data-auto-add="true" data-cart-ajax-url="/cart/updateCart">
                <div class="wrapper-add-to-cart-btn">
                    <div class="module-add-to-cart-button-small">
                        <button type="button" class="btn btn-secondary btn-add-to-cart " data-auid="add-to-cart-button" data-has-pts-badge="false" aria-label="Add Kropek Crackers Shrimp Flavoured 70 g to cart">
                            <span class="icon-cart"></span>
                            <span class="add-to-cart-text">
											Add</span>
                        </button>
                        <button type="button" class="btn btn-secondary btn-edit-cart hidden " aria-label="Edit Cart">
                            <span class="qty-in-cart"></span>
                            <span class="edit-cart-text">
											<spring code="product.edit.text" />"
										</span>
                        </button>
                        <div class="add-list-parent add-list-module  bottom-add-list-module ">
                            <button class="btn btn-inline-link btn-save-to-list  dark is-btn-animated" data-login-url="/account/login?productCode=21048874_EA" data-ajax-url="/restful/lists/all?productCode=21048874_EA" data-user-guest="Y" data-user-guest="Y" data-product-code="21048874_EA" data-delete-item="false" aria-label="Add Kropek Crackers Shrimp Flavoured 70 g to a List">
                                <span class="glyphicon glyphicon-th-list"></span>
                                <div class="list-cta-text  is-btn-animated">Add to List</div>
                            </button>

                            <!-- this is the list HTML   -->
                            <div class="save-to-list-popup  is-btn-animated animation-up dark" data-save-to-list-error="Can not get lists at this time. Please try again later." data-product-name="Kropek Crackers Shrimp Flavoured 70 g">
                                <div class="inner-container">
                                </div>

                            </div>
                        </div>

                    </div>
                </div>
            </div>

            <div class="module-plus-minus-buttons small hidden ">
                <button type="button" class="btn cart-change-qty" data-change-type="minus" data-auid="decrease-product-quantity" alt="Minus" aria-label="Minus">
                    <span class="icon-minimize"></span>
                </button>
                <div class="plus-minus-input-wrapper">
                    <input class="input-qty cart-change-qty" aria-label="Enter manual quantity" type="text" name="qty" title="Change quantity in cart" data-unit-type="ea" value="1ea" data-change-type="equals" maxlength="7">

                    <span class="input-qty-pretty">
							<span class="input-qty-pretty-value">1</span>
                    <span class="input-qty-pretty-unit"></span>
                    </span>
                </div>

                <button type="button" class="btn cart-change-qty" data-change-type="plus" data-auid="increase-product-quantity" alt="Plus" aria-label="Plus">
                    <span class="icon-plus-sign"></span>
                </button>

                <p class="deal-limit-reached hidden">Deal Limit Reached</p>

                <div class="tooltip-qty-error tooltip-qty-limit hidden">
                    <p>
                        Limit to &nbsp; 999 &nbsp;each&nbsp; per customer.</p>
                </div>
                <div class="tooltip-qty-error tooltip-round-error hidden">
                    <p>
                        We do not have this in the weight you wanted. We've rounded your order to the nearest weight increment we stock.</p>
                </div>
            </div>
        </form>

        <!-- End Template: AddToCartSmall -->

    </div>
</div>
<div class="item">

    <div class="module-grocery-product quickview-simple  clicked" data-quickview-ajax-url="/p/20943735_EA/quickViewProduct" data-product-id="20943735_EA" data-product-price="$3.18">

        <span class="subtitle"></span>

        <div class="product-page-hotspot">
            <div class="product-cell quickview-button">
                <div class="product-image ">

                    <img src="https://assets.shop.loblaws.ca/products/20943735/b1/en/front/20943735_front_a01.png" onerror="this.src='https://assets.shop.loblaws.ca/products/NoImage/b1/en/front/NoImage_front_a01_@2.png';" alt="Tortilla Chips, Zesty Cheese" />

                    <div class="hover-text-container">
                        <button href="#" tabindex="0" class="hover-text " aria-label="Quick View for Tortilla Chips, Zesty Cheese.">Quick View</button>
                    </div>
                </div>
            </div>

            <div class="product-in-cart">
                <div class="wrapper-product-in-cart">
                    <span>
	  			    In Cart
	  		    </span>
                </div>
            </div>

            <div class="product-info">
                <div class="product-name-wrapper">
                    <a href="/Food/Pantry/Chips-%26-Salty-Snacks/Pretzels-%26-Snack-Mixes/Doritos-Tortilla-Chips%2C-Zesty-Cheese/p/20943735_EA" class="product-name" aria-label="Product page for Tortilla Chips, Zesty Cheese">
                        <span class="js-product-entry-brand">Doritos&nbsp;</span>

                        <span class="js-product-entry-name">Tortilla Chips, Zesty Cheese</span>

                        <span class="js-product-entry-size-detail">(255 g)</span>

                    </a>
                </div>

                <span class="ad-match-badge  hidden">Ad Match</span>

                <div class="price">
                    <div class="price-wrapper no-discount  ">
                        <span class="reg-price  " aria-label="Regular Price: $3.18">
					    <span class="reg-price-text">$3.18</span>

                        <sup class="reg-price-unit">ea</sup>
                        </span>
                        <span class="sale-price hidden" aria-label="Sale Price:">
					    <span class="sale-price-text"></span>
                        <sup class="sale-price-unit">ea</sup>
                        </span>

                        <span class="secondary-price hidden">

					    <span class="secondary-price-text" aria-label="Secondary Price:"></span>
                        </span>
                    </div>
                </div>

                <div class="qty">
                    <span class="reg-qty  ">

		  		<span class="sr-only">Sale Price Per Unit:</span> $1.25 / 100 g

                    </span>

                    <span class="sale-qty hidden">

		  		<span class="sr-only">Sale Price Per Unit:</span> $1.25 / 100 g

                    </span>

                    <span class="secondary-qty hidden">

	  	<span class="secondary-qty-text"></span>
                    </span>
                </div>
            </div>

        </div>
        <form class="form-product  quickview-btn-simple" data-product-id="20943735_EA" data-min-qty="1.0" data-max-qty="999.0" data-unit-type="ea" data-cart-qty="1" data-default-qty="1" novalidate="novalidate" promoCode="" promoNumber="" data-is-customized="false" data-cart-url="/cart/product/20943735_EA" data-csrf-token="5582ec01-90c0-448b-b4f7-e2cf68d9f8a0" data-is-weighted-product="false">

            <div class="module-add-to-cart " data-change-type="plus" data-auto-edit="true" data-auto-add="true" data-cart-ajax-url="/cart/updateCart">
                <div class="wrapper-add-to-cart-btn">
                    <div class="module-add-to-cart-button-small">
                        <button type="button" class="btn btn-secondary btn-add-to-cart " data-auid="add-to-cart-button" data-has-pts-badge="false" aria-label="Add Tortilla Chips, Zesty Cheese to cart">
                            <span class="icon-cart"></span>
                            <span class="add-to-cart-text">
											Add</span>
                        </button>
                        <button type="button" class="btn btn-secondary btn-edit-cart hidden " aria-label="Edit Cart">
                            <span class="qty-in-cart"></span>
                            <span class="edit-cart-text">
											<spring code="product.edit.text" />"
										</span>
                        </button>
                        <div class="add-list-parent add-list-module  bottom-add-list-module ">
                            <button class="btn btn-inline-link btn-save-to-list  dark is-btn-animated" data-login-url="/account/login?productCode=20943735_EA" data-ajax-url="/restful/lists/all?productCode=20943735_EA" data-user-guest="Y" data-user-guest="Y" data-product-code="20943735_EA" data-delete-item="false" aria-label="Add Tortilla Chips, Zesty Cheese to a List">
                                <span class="glyphicon glyphicon-th-list"></span>
                                <div class="list-cta-text  is-btn-animated">Add to List</div>
                            </button>

                            <!-- this is the list HTML   -->
                            <div class="save-to-list-popup  is-btn-animated animation-up dark" data-save-to-list-error="Can not get lists at this time. Please try again later." data-product-name="Tortilla Chips, Zesty Cheese">
                                <div class="inner-container">
                                </div>

                            </div>
                        </div>

                    </div>
                </div>
            </div>

            <div class="module-plus-minus-buttons small hidden ">
                <button type="button" class="btn cart-change-qty" data-change-type="minus" data-auid="decrease-product-quantity" alt="Minus" aria-label="Minus">
                    <span class="icon-minimize"></span>
                </button>
                <div class="plus-minus-input-wrapper">
                    <input class="input-qty cart-change-qty" aria-label="Enter manual quantity" type="text" name="qty" title="Change quantity in cart" data-unit-type="ea" value="1ea" data-change-type="equals" maxlength="7">

                    <span class="input-qty-pretty">
							<span class="input-qty-pretty-value">1</span>
                    <span class="input-qty-pretty-unit"></span>
                    </span>
                </div>

                <button type="button" class="btn cart-change-qty" data-change-type="plus" data-auid="increase-product-quantity" alt="Plus" aria-label="Plus">
                    <span class="icon-plus-sign"></span>
                </button>

                <p class="deal-limit-reached hidden">Deal Limit Reached</p>

                <div class="tooltip-qty-error tooltip-qty-limit hidden">
                    <p>
                        Limit to &nbsp; 999 &nbsp;each&nbsp; per customer.</p>
                </div>
                <div class="tooltip-qty-error tooltip-round-error hidden">
                    <p>
                        We do not have this in the weight you wanted. We've rounded your order to the nearest weight increment we stock.</p>
                </div>
            </div>
        </form>

        <!-- End Template: AddToCartSmall -->

    </div>
</div>
<div class="item">

    <div class="module-grocery-product quickview-simple  clicked" data-quickview-ajax-url="/p/20964370_EA/quickViewProduct" data-product-id="20964370_EA" data-product-price="$2.47">

        <span class="subtitle"></span>

        <div class="product-page-hotspot">
            <div class="product-cell quickview-button">
                <div class="product-image ">

                    <img src="https://assets.shop.loblaws.ca/products/20964370/b1/en/front/20964370_front_a01.png" onerror="this.src='https://assets.shop.loblaws.ca/products/NoImage/b1/en/front/NoImage_front_a01_@2.png';" alt="Potato Chips, Salt & Vinegar" />

                    <span class="sticker deal">
	  				    <span class="deal-badge">
	  					    <span class="module-deal-badge module-deal-badge-feature flyer expires undefined">
	  						    <span class="deal-type">
								    Flyer<br />
	  							    Item
	  						    </span>

                    <span class="deal-expiry">
		Exp. 12/19
	</span>

                    </span>
                    </span>
                    </span>

                    <div class="hover-text-container">
                        <button href="#" tabindex="0" class="hover-text " aria-label="Quick View for Potato Chips, Salt & Vinegar.">Quick View</button>
                    </div>
                </div>
            </div>

            <div class="product-in-cart">
                <div class="wrapper-product-in-cart">
                    <span>
	  			    In Cart
	  		    </span>
                </div>
            </div>

            <div class="product-info">
                <div class="product-name-wrapper">
                    <a href="/Food/Pantry/Chips-%26-Salty-Snacks/Potato-Chips/Lay%27s-Potato-Chips%2C-Salt-%26-Vinegar/p/20964370_EA" class="product-name" aria-label="Product page for Potato Chips, Salt & Vinegar">
                        <span class="js-product-entry-brand">Lay's&nbsp;</span>

                        <span class="js-product-entry-name">Potato Chips, Salt & Vinegar</span>

                        <span class="js-product-entry-size-detail">(255 g)</span>

                    </a>
                </div>

                <span class="ad-match-badge  hidden">Ad Match</span>

                <div class="price">
                    <div class="price-wrapper no-discount  ">
                        <span class="reg-price  " aria-label="Regular Price: $2.47">
					    <span class="reg-price-text">$2.47</span>

                        <sup class="reg-price-unit">ea</sup>
                        </span>
                        <span class="sale-price hidden" aria-label="Sale Price:">
					    <span class="sale-price-text"></span>
                        <sup class="sale-price-unit">ea</sup>
                        </span>

                        <span class="secondary-price hidden">

					    <span class="secondary-price-text" aria-label="Secondary Price:"></span>
                        </span>
                    </div>
                </div>

                <div class="qty">
                    <span class="reg-qty  ">

		  		<span class="sr-only">Sale Price Per Unit:</span> $0.97 / 100 g

                    </span>

                    <span class="sale-qty hidden">

		  		<span class="sr-only">Sale Price Per Unit:</span> $0.97 / 100 g

                    </span>

                    <span class="secondary-qty hidden">

	  	<span class="secondary-qty-text"></span>
                    </span>
                </div>
            </div>

        </div>
        <form class="form-product  quickview-btn-simple" data-product-id="20964370_EA" data-min-qty="1.0" data-max-qty="999.0" data-unit-type="ea" data-cart-qty="1" data-default-qty="1" novalidate="novalidate" promoCode="" promoNumber="" data-is-customized="false" data-cart-url="/cart/product/20964370_EA" data-csrf-token="5582ec01-90c0-448b-b4f7-e2cf68d9f8a0" data-is-weighted-product="false">

            <div class="module-add-to-cart " data-change-type="plus" data-auto-edit="true" data-auto-add="true" data-cart-ajax-url="/cart/updateCart">
                <div class="wrapper-add-to-cart-btn">
                    <div class="module-add-to-cart-button-small">
                        <button type="button" class="btn btn-secondary btn-add-to-cart " data-auid="add-to-cart-button" data-has-pts-badge="false" aria-label="Add Potato Chips, Salt & Vinegar to cart">
                            <span class="icon-cart"></span>
                            <span class="add-to-cart-text">
											Add</span>
                        </button>
                        <button type="button" class="btn btn-secondary btn-edit-cart hidden " aria-label="Edit Cart">
                            <span class="qty-in-cart"></span>
                            <span class="edit-cart-text">
											<spring code="product.edit.text" />"
										</span>
                        </button>
                        <div class="add-list-parent add-list-module  bottom-add-list-module ">
                            <button class="btn btn-inline-link btn-save-to-list  dark is-btn-animated" data-login-url="/account/login?productCode=20964370_EA" data-ajax-url="/restful/lists/all?productCode=20964370_EA" data-user-guest="Y" data-user-guest="Y" data-product-code="20964370_EA" data-delete-item="false" aria-label="Add Potato Chips, Salt & Vinegar to a List">
                                <span class="glyphicon glyphicon-th-list"></span>
                                <div class="list-cta-text  is-btn-animated">Add to List</div>
                            </button>

                            <!-- this is the list HTML   -->
                            <div class="save-to-list-popup  is-btn-animated animation-up dark" data-save-to-list-error="Can not get lists at this time. Please try again later." data-product-name="Potato Chips, Salt & Vinegar">
                                <div class="inner-container">
                                </div>

                            </div>
                        </div>

                    </div>
                </div>
            </div>

            <div class="module-plus-minus-buttons small hidden ">
                <button type="button" class="btn cart-change-qty" data-change-type="minus" data-auid="decrease-product-quantity" alt="Minus" aria-label="Minus">
                    <span class="icon-minimize"></span>
                </button>
                <div class="plus-minus-input-wrapper">
                    <input class="input-qty cart-change-qty" aria-label="Enter manual quantity" type="text" name="qty" title="Change quantity in cart" data-unit-type="ea" value="1ea" data-change-type="equals" maxlength="7">

                    <span class="input-qty-pretty">
							<span class="input-qty-pretty-value">1</span>
                    <span class="input-qty-pretty-unit"></span>
                    </span>
                </div>

                <button type="button" class="btn cart-change-qty" data-change-type="plus" data-auid="increase-product-quantity" alt="Plus" aria-label="Plus">
                    <span class="icon-plus-sign"></span>
                </button>

                <p class="deal-limit-reached hidden">Deal Limit Reached</p>

                <div class="tooltip-qty-error tooltip-qty-limit hidden">
                    <p>
                        Limit to &nbsp; 999 &nbsp;each&nbsp; per customer.</p>
                </div>
                <div class="tooltip-qty-error tooltip-round-error hidden">
                    <p>
                        We do not have this in the weight you wanted. We've rounded your order to the nearest weight increment we stock.</p>
                </div>
            </div>
        </form>

        <!-- End Template: AddToCartSmall -->

    </div>
</div>
<div class="item">

    <div class="module-grocery-product quickview-simple  clicked" data-quickview-ajax-url="/p/20354625_EA/quickViewProduct" data-product-id="20354625_EA" data-product-price="$3.88">

        <span class="subtitle"></span>

        <div class="product-page-hotspot">
            <div class="product-cell quickview-button">
                <div class="product-image ">

                    <img src="https://assets.shop.loblaws.ca/products/20354625/b1/en/front/20354625_front_a01.png" onerror="this.src='https://assets.shop.loblaws.ca/products/NoImage/b1/en/front/NoImage_front_a01_@2.png';" alt="Monster Noodle Snack, BBQ" />

                    <span class="sticker deal">
	  				        <span class="deal-badge">

	  				            <span class="module-deal-badge module-deal-badge-grid simple-save-unit "
	  						        data-deal-type="2 FOR $6.96"
	  						        data-ajax-promo-url="/simpleDeal/deals/product-tile?productCode=20354625_EA"
	  						        data-deal-id="20354625_EA">
	  						        <span class="deal-type">2 FOR $6.96</span>

                    <span class="deal-expiry">
		Exp. 12/31
	</span>

                    </span>
                    </span>
                    </span>

                    <div class="hover-text-container">
                        <button href="#" tabindex="0" class="hover-text " aria-label="Quick View for Monster Noodle Snack, BBQ.">Quick View</button>
                    </div>
                </div>
            </div>

            <div class="product-in-cart">
                <div class="wrapper-product-in-cart">
                    <span>
	  			    In Cart
	  		    </span>
                </div>
            </div>

            <div class="product-info">
                <div class="product-name-wrapper">
                    <a href="/Food/Pantry/Chips-%26-Salty-Snacks/Pretzels-%26-Snack-Mixes/Monster-Noodle-Snack%2C-BBQ/p/20354625_EA" class="product-name" aria-label="Product page for Monster Noodle Snack, BBQ">
                        <span class="js-product-entry-brand">Mamee&nbsp;</span>

                        <span class="js-product-entry-name">Monster Noodle Snack, BBQ</span>

                        <span class="js-product-entry-size-detail">(300 g)</span>

                    </a>
                </div>

                <span class="ad-match-badge  hidden">Ad Match</span>

                <div class="price">
                    <div class="price-wrapper no-discount  ">
                        <span class="reg-price  " aria-label="Regular Price: $3.88">
					    <span class="reg-price-text">$3.88</span>

                        <sup class="reg-price-unit">ea</sup>
                        </span>
                        <span class="sale-price hidden" aria-label="Sale Price:">
					    <span class="sale-price-text"></span>
                        <sup class="sale-price-unit">ea</sup>
                        </span>

                        <span class="secondary-price hidden">

					    <span class="secondary-price-text" aria-label="Secondary Price:"></span>
                        </span>
                    </div>
                </div>

                <div class="qty">
                    <span class="reg-qty  ">

		  		<span class="sr-only">Sale Price Per Unit:</span> $1.29 / 100 g

                    </span>

                    <span class="sale-qty hidden">

		  		<span class="sr-only">Sale Price Per Unit:</span> $1.29 / 100 g

                    </span>

                    <span class="secondary-qty hidden">

	  	<span class="secondary-qty-text"></span>
                    </span>
                </div>
            </div>

        </div>
        <form class="form-product  quickview-btn-simple" data-product-id="20354625_EA" data-min-qty="1.0" data-max-qty="999.0" data-unit-type="ea" data-cart-qty="1" data-default-qty="1" novalidate="novalidate" promoCode="" promoNumber="" data-is-customized="false" data-cart-url="/cart/product/20354625_EA" data-csrf-token="5582ec01-90c0-448b-b4f7-e2cf68d9f8a0" data-is-weighted-product="false">

            <div class="module-add-to-cart " data-change-type="plus" data-auto-edit="true" data-auto-add="true" data-cart-ajax-url="/cart/updateCart">
                <div class="wrapper-add-to-cart-btn">
                    <div class="module-add-to-cart-button-small">
                        <button type="button" class="btn btn-secondary btn-add-to-cart " data-auid="add-to-cart-button" data-has-pts-badge="false" aria-label="Add Monster Noodle Snack, BBQ to cart">
                            <span class="icon-cart"></span>
                            <span class="add-to-cart-text">
											Add</span>
                        </button>
                        <button type="button" class="btn btn-secondary btn-edit-cart hidden " aria-label="Edit Cart">
                            <span class="qty-in-cart"></span>
                            <span class="edit-cart-text">
											<spring code="product.edit.text" />"
										</span>
                        </button>
                        <div class="add-list-parent add-list-module  bottom-add-list-module ">
                            <button class="btn btn-inline-link btn-save-to-list  dark is-btn-animated" data-login-url="/account/login?productCode=20354625_EA" data-ajax-url="/restful/lists/all?productCode=20354625_EA" data-user-guest="Y" data-user-guest="Y" data-product-code="20354625_EA" data-delete-item="false" aria-label="Add Monster Noodle Snack, BBQ to a List">
                                <span class="glyphicon glyphicon-th-list"></span>
                                <div class="list-cta-text  is-btn-animated">Add to List</div>
                            </button>

                            <!-- this is the list HTML   -->
                            <div class="save-to-list-popup  is-btn-animated animation-up dark" data-save-to-list-error="Can not get lists at this time. Please try again later." data-product-name="Monster Noodle Snack, BBQ">
                                <div class="inner-container">
                                </div>

                            </div>
                        </div>

                    </div>
                </div>
            </div>

            <div class="module-plus-minus-buttons small hidden ">
                <button type="button" class="btn cart-change-qty" data-change-type="minus" data-auid="decrease-product-quantity" alt="Minus" aria-label="Minus">
                    <span class="icon-minimize"></span>
                </button>
                <div class="plus-minus-input-wrapper">
                    <input class="input-qty cart-change-qty" aria-label="Enter manual quantity" type="text" name="qty" title="Change quantity in cart" data-unit-type="ea" value="1ea" data-change-type="equals" maxlength="7">

                    <span class="input-qty-pretty">
							<span class="input-qty-pretty-value">1</span>
                    <span class="input-qty-pretty-unit"></span>
                    </span>
                </div>

                <button type="button" class="btn cart-change-qty" data-change-type="plus" data-auid="increase-product-quantity" alt="Plus" aria-label="Plus">
                    <span class="icon-plus-sign"></span>
                </button>

                <p class="deal-limit-reached hidden">Deal Limit Reached</p>

                <div class="tooltip-qty-error tooltip-qty-limit hidden">
                    <p>
                        Limit to &nbsp; 999 &nbsp;each&nbsp; per customer.</p>
                </div>
                <div class="tooltip-qty-error tooltip-round-error hidden">
                    <p>
                        We do not have this in the weight you wanted. We've rounded your order to the nearest weight increment we stock.</p>
                </div>
            </div>
        </form>

        <!-- End Template: AddToCartSmall -->

    </div>
</div>
<div class="item">

    <div class="module-grocery-product quickview-simple  clicked" data-quickview-ajax-url="/p/20710525_EA/quickViewProduct" data-product-id="20710525_EA" data-product-price="$4.98">

        <span class="subtitle"></span>

        <div class="product-page-hotspot">
            <div class="product-cell quickview-button">
                <div class="product-image ">

                    <img src="https://assets.shop.loblaws.ca/products/20710525/b1/en/front/20710525_front_a01.png" onerror="this.src='https://assets.shop.loblaws.ca/products/NoImage/b1/en/front/NoImage_front_a01_@2.png';" alt="Krinkle Cut Potato Chips, Sea Salt & Vinegar" />

                    <div class="hover-text-container">
                        <button href="#" tabindex="0" class="hover-text " aria-label="Quick View for Krinkle Cut Potato Chips, Sea Salt & Vinegar.">Quick View</button>
                    </div>
                </div>
            </div>

            <div class="product-in-cart">
                <div class="wrapper-product-in-cart">
                    <span>
	  			    In Cart
	  		    </span>
                </div>
            </div>

            <div class="product-info">
                <div class="product-name-wrapper">
                    <a href="/Food/Natural-%26-Organic/Pantry/Snacks-%26-Candy/Krinkle-Cut-Potato-Chips%2C-Sea-Salt-%26-Vinegar/p/20710525_EA" class="product-name" aria-label="Product page for Krinkle Cut Potato Chips, Sea Salt & Vinegar">
                        <span class="js-product-entry-brand">Kettle&nbsp;</span>

                        <span class="js-product-entry-name">Krinkle Cut Potato Chips, Sea Salt & Vinegar</span>

                        <span class="js-product-entry-size-detail">(397 g)</span>

                    </a>
                </div>

                <span class="ad-match-badge  hidden">Ad Match</span>

                <div class="price">
                    <div class="price-wrapper no-discount  ">
                        <span class="reg-price  " aria-label="Regular Price: $4.98">
					    <span class="reg-price-text">$4.98</span>

                        <sup class="reg-price-unit">ea</sup>
                        </span>
                        <span class="sale-price hidden" aria-label="Sale Price:">
					    <span class="sale-price-text"></span>
                        <sup class="sale-price-unit">ea</sup>
                        </span>

                        <span class="secondary-price hidden">

					    <span class="secondary-price-text" aria-label="Secondary Price:"></span>
                        </span>
                    </div>
                </div>

                <div class="qty">
                    <span class="reg-qty  ">

		  		<span class="sr-only">Sale Price Per Unit:</span> $1.25 / 100 g

                    </span>

                    <span class="sale-qty hidden">

		  		<span class="sr-only">Sale Price Per Unit:</span> $1.25 / 100 g

                    </span>

                    <span class="secondary-qty hidden">

	  	<span class="secondary-qty-text"></span>
                    </span>
                </div>
            </div>

        </div>
        <form class="form-product  quickview-btn-simple" data-product-id="20710525_EA" data-min-qty="1.0" data-max-qty="999.0" data-unit-type="ea" data-cart-qty="1" data-default-qty="1" novalidate="novalidate" promoCode="" promoNumber="" data-is-customized="false" data-cart-url="/cart/product/20710525_EA" data-csrf-token="5582ec01-90c0-448b-b4f7-e2cf68d9f8a0" data-is-weighted-product="false">

            <div class="module-add-to-cart " data-change-type="plus" data-auto-edit="true" data-auto-add="true" data-cart-ajax-url="/cart/updateCart">
                <div class="wrapper-add-to-cart-btn">
                    <div class="module-add-to-cart-button-small">
                        <button type="button" class="btn btn-secondary btn-add-to-cart " data-auid="add-to-cart-button" data-has-pts-badge="false" aria-label="Add Krinkle Cut Potato Chips, Sea Salt & Vinegar to cart">
                            <span class="icon-cart"></span>
                            <span class="add-to-cart-text">
											Add</span>
                        </button>
                        <button type="button" class="btn btn-secondary btn-edit-cart hidden " aria-label="Edit Cart">
                            <span class="qty-in-cart"></span>
                            <span class="edit-cart-text">
											<spring code="product.edit.text" />"
										</span>
                        </button>
                        <div class="add-list-parent add-list-module  bottom-add-list-module ">
                            <button class="btn btn-inline-link btn-save-to-list  dark is-btn-animated" data-login-url="/account/login?productCode=20710525_EA" data-ajax-url="/restful/lists/all?productCode=20710525_EA" data-user-guest="Y" data-user-guest="Y" data-product-code="20710525_EA" data-delete-item="false" aria-label="Add Krinkle Cut Potato Chips, Sea Salt & Vinegar to a List">
                                <span class="glyphicon glyphicon-th-list"></span>
                                <div class="list-cta-text  is-btn-animated">Add to List</div>
                            </button>

                            <!-- this is the list HTML   -->
                            <div class="save-to-list-popup  is-btn-animated animation-up dark" data-save-to-list-error="Can not get lists at this time. Please try again later." data-product-name="Krinkle Cut Potato Chips, Sea Salt & Vinegar">
                                <div class="inner-container">
                                </div>

                            </div>
                        </div>

                    </div>
                </div>
            </div>

            <div class="module-plus-minus-buttons small hidden ">
                <button type="button" class="btn cart-change-qty" data-change-type="minus" data-auid="decrease-product-quantity" alt="Minus" aria-label="Minus">
                    <span class="icon-minimize"></span>
                </button>
                <div class="plus-minus-input-wrapper">
                    <input class="input-qty cart-change-qty" aria-label="Enter manual quantity" type="text" name="qty" title="Change quantity in cart" data-unit-type="ea" value="1ea" data-change-type="equals" maxlength="7">

                    <span class="input-qty-pretty">
							<span class="input-qty-pretty-value">1</span>
                    <span class="input-qty-pretty-unit"></span>
                    </span>
                </div>

                <button type="button" class="btn cart-change-qty" data-change-type="plus" data-auid="increase-product-quantity" alt="Plus" aria-label="Plus">
                    <span class="icon-plus-sign"></span>
                </button>

                <p class="deal-limit-reached hidden">Deal Limit Reached</p>

                <div class="tooltip-qty-error tooltip-qty-limit hidden">
                    <p>
                        Limit to &nbsp; 999 &nbsp;each&nbsp; per customer.</p>
                </div>
                <div class="tooltip-qty-error tooltip-round-error hidden">
                    <p>
                        We do not have this in the weight you wanted. We've rounded your order to the nearest weight increment we stock.</p>
                </div>
            </div>
        </form>

        <!-- End Template: AddToCartSmall -->

    </div>
</div>
<div class="item">

    <div class="module-grocery-product quickview-simple  clicked" data-quickview-ajax-url="/p/21060335_EA/quickViewProduct" data-product-id="21060335_EA" data-product-price="$3.18">

        <span class="subtitle"></span>

        <div class="product-page-hotspot">
            <div class="product-cell quickview-button">
                <div class="product-image ">

                    <img src="https://assets.shop.loblaws.ca/products/21060335/b1/en/front/21060335_front_a01.png" onerror="this.src='https://assets.shop.loblaws.ca/products/NoImage/b1/en/front/NoImage_front_a01_@2.png';" alt="Corn Chips, Sonic Sour" />

                    <div class="hover-text-container">
                        <button href="#" tabindex="0" class="hover-text " aria-label="Quick View for Corn Chips, Sonic Sour.">Quick View</button>
                    </div>
                </div>
            </div>

            <div class="product-in-cart">
                <div class="wrapper-product-in-cart">
                    <span>
	  			    In Cart
	  		    </span>
                </div>
            </div>

            <div class="product-info">
                <div class="product-name-wrapper">
                    <a href="/Food/Pantry/Chips-%26-Salty-Snacks/Pretzels-%26-Snack-Mixes/Doritos-Corn-Chips%2C-Sonic-Sour/p/21060335_EA" class="product-name" aria-label="Product page for Corn Chips, Sonic Sour">
                        <span class="js-product-entry-brand">Doritos&nbsp;</span>

                        <span class="js-product-entry-name">Corn Chips, Sonic Sour</span>

                        <span class="js-product-entry-size-detail">(250 g)</span>

                    </a>
                </div>

                <span class="ad-match-badge  hidden">Ad Match</span>

                <div class="price">
                    <div class="price-wrapper no-discount  ">
                        <span class="reg-price  " aria-label="Regular Price: $3.18">
					    <span class="reg-price-text">$3.18</span>

                        <sup class="reg-price-unit">ea</sup>
                        </span>
                        <span class="sale-price hidden" aria-label="Sale Price:">
					    <span class="sale-price-text"></span>
                        <sup class="sale-price-unit">ea</sup>
                        </span>

                        <span class="secondary-price hidden">

					    <span class="secondary-price-text" aria-label="Secondary Price:"></span>
                        </span>
                    </div>
                </div>

                <div class="qty">
                    <span class="reg-qty  ">

		  		<span class="sr-only">Sale Price Per Unit:</span> $1.27 / 100 g

                    </span>

                    <span class="sale-qty hidden">

		  		<span class="sr-only">Sale Price Per Unit:</span> $1.27 / 100 g

                    </span>

                    <span class="secondary-qty hidden">

	  	<span class="secondary-qty-text"></span>
                    </span>
                </div>
            </div>

        </div>
        <form class="form-product  quickview-btn-simple" data-product-id="21060335_EA" data-min-qty="1.0" data-max-qty="999.0" data-unit-type="ea" data-cart-qty="1" data-default-qty="1" novalidate="novalidate" promoCode="" promoNumber="" data-is-customized="false" data-cart-url="/cart/product/21060335_EA" data-csrf-token="5582ec01-90c0-448b-b4f7-e2cf68d9f8a0" data-is-weighted-product="false">

            <div class="module-add-to-cart " data-change-type="plus" data-auto-edit="true" data-auto-add="true" data-cart-ajax-url="/cart/updateCart">
                <div class="wrapper-add-to-cart-btn">
                    <div class="module-add-to-cart-button-small">
                        <button type="button" class="btn btn-secondary btn-add-to-cart " data-auid="add-to-cart-button" data-has-pts-badge="false" aria-label="Add Corn Chips, Sonic Sour to cart">
                            <span class="icon-cart"></span>
                            <span class="add-to-cart-text">
											Add</span>
                        </button>
                        <button type="button" class="btn btn-secondary btn-edit-cart hidden " aria-label="Edit Cart">
                            <span class="qty-in-cart"></span>
                            <span class="edit-cart-text">
											<spring code="product.edit.text" />"
										</span>
                        </button>
                        <div class="add-list-parent add-list-module  bottom-add-list-module ">
                            <button class="btn btn-inline-link btn-save-to-list  dark is-btn-animated" data-login-url="/account/login?productCode=21060335_EA" data-ajax-url="/restful/lists/all?productCode=21060335_EA" data-user-guest="Y" data-user-guest="Y" data-product-code="21060335_EA" data-delete-item="false" aria-label="Add Corn Chips, Sonic Sour to a List">
                                <span class="glyphicon glyphicon-th-list"></span>
                                <div class="list-cta-text  is-btn-animated">Add to List</div>
                            </button>

                            <!-- this is the list HTML   -->
                            <div class="save-to-list-popup  is-btn-animated animation-up dark" data-save-to-list-error="Can not get lists at this time. Please try again later." data-product-name="Corn Chips, Sonic Sour">
                                <div class="inner-container">
                                </div>

                            </div>
                        </div>

                    </div>
                </div>
            </div>

            <div class="module-plus-minus-buttons small hidden ">
                <button type="button" class="btn cart-change-qty" data-change-type="minus" data-auid="decrease-product-quantity" alt="Minus" aria-label="Minus">
                    <span class="icon-minimize"></span>
                </button>
                <div class="plus-minus-input-wrapper">
                    <input class="input-qty cart-change-qty" aria-label="Enter manual quantity" type="text" name="qty" title="Change quantity in cart" data-unit-type="ea" value="1ea" data-change-type="equals" maxlength="7">

                    <span class="input-qty-pretty">
							<span class="input-qty-pretty-value">1</span>
                    <span class="input-qty-pretty-unit"></span>
                    </span>
                </div>

                <button type="button" class="btn cart-change-qty" data-change-type="plus" data-auid="increase-product-quantity" alt="Plus" aria-label="Plus">
                    <span class="icon-plus-sign"></span>
                </button>

                <p class="deal-limit-reached hidden">Deal Limit Reached</p>

                <div class="tooltip-qty-error tooltip-qty-limit hidden">
                    <p>
                        Limit to &nbsp; 999 &nbsp;each&nbsp; per customer.</p>
                </div>
                <div class="tooltip-qty-error tooltip-round-error hidden">
                    <p>
                        We do not have this in the weight you wanted. We've rounded your order to the nearest weight increment we stock.</p>
                </div>
            </div>
        </form>

        <!-- End Template: AddToCartSmall -->

    </div>
</div>
<div class="item">

    <div class="module-grocery-product quickview-simple  clicked" data-quickview-ajax-url="/p/20972821_EA/quickViewProduct" data-product-id="20972821_EA" data-product-price="$4.58">

        <span class="subtitle"></span>

        <div class="product-page-hotspot">
            <div class="product-cell quickview-button">
                <div class="product-image ">

                    <img src="https://assets.shop.loblaws.ca/products/20972821/b1/en/front/20972821_front_a01.png" onerror="this.src='https://assets.shop.loblaws.ca/products/NoImage/b1/en/front/NoImage_front_a01_@2.png';" alt="Tortilla Chips, Rounds" />

                    <div class="hover-text-container">
                        <button href="#" tabindex="0" class="hover-text " aria-label="Quick View for Tortilla Chips, Rounds.">Quick View</button>
                    </div>
                </div>
            </div>

            <div class="product-in-cart">
                <div class="wrapper-product-in-cart">
                    <span>
	  			    In Cart
	  		    </span>
                </div>
            </div>

            <div class="product-info">
                <div class="product-name-wrapper">
                    <a href="/Food/Pantry/Chips-%26-Salty-Snacks/Potato-Chips/Tostitos-Tortilla-Chips%2C-Rounds/p/20972821_EA" class="product-name" aria-label="Product page for Tortilla Chips, Rounds">
                        <span class="js-product-entry-brand">Tostitos&nbsp;</span>

                        <span class="js-product-entry-name">Tortilla Chips, Rounds</span>

                        <span class="js-product-entry-size-detail">(505 g)</span>

                    </a>
                </div>

                <span class="ad-match-badge  hidden">Ad Match</span>

                <div class="price">
                    <div class="price-wrapper no-discount  ">
                        <span class="reg-price  " aria-label="Regular Price: $4.58">
					    <span class="reg-price-text">$4.58</span>

                        <sup class="reg-price-unit">ea</sup>
                        </span>
                        <span class="sale-price hidden" aria-label="Sale Price:">
					    <span class="sale-price-text"></span>
                        <sup class="sale-price-unit">ea</sup>
                        </span>

                        <span class="secondary-price hidden">

					    <span class="secondary-price-text" aria-label="Secondary Price:"></span>
                        </span>
                    </div>
                </div>

                <div class="qty">
                    <span class="reg-qty  ">

		  		<span class="sr-only">Sale Price Per Unit:</span> $0.91 / 100 g

                    </span>

                    <span class="sale-qty hidden">

		  		<span class="sr-only">Sale Price Per Unit:</span> $0.91 / 100 g

                    </span>

                    <span class="secondary-qty hidden">

	  	<span class="secondary-qty-text"></span>
                    </span>
                </div>
            </div>

        </div>
        <form class="form-product  quickview-btn-simple" data-product-id="20972821_EA" data-min-qty="1.0" data-max-qty="999.0" data-unit-type="ea" data-cart-qty="1" data-default-qty="1" novalidate="novalidate" promoCode="" promoNumber="" data-is-customized="false" data-cart-url="/cart/product/20972821_EA" data-csrf-token="5582ec01-90c0-448b-b4f7-e2cf68d9f8a0" data-is-weighted-product="false">

            <div class="module-add-to-cart " data-change-type="plus" data-auto-edit="true" data-auto-add="true" data-cart-ajax-url="/cart/updateCart">
                <div class="wrapper-add-to-cart-btn">
                    <div class="module-add-to-cart-button-small">
                        <button type="button" class="btn btn-secondary btn-add-to-cart " data-auid="add-to-cart-button" data-has-pts-badge="false" aria-label="Add Tortilla Chips, Rounds to cart">
                            <span class="icon-cart"></span>
                            <span class="add-to-cart-text">
											Add</span>
                        </button>
                        <button type="button" class="btn btn-secondary btn-edit-cart hidden " aria-label="Edit Cart">
                            <span class="qty-in-cart"></span>
                            <span class="edit-cart-text">
											<spring code="product.edit.text" />"
										</span>
                        </button>
                        <div class="add-list-parent add-list-module  bottom-add-list-module ">
                            <button class="btn btn-inline-link btn-save-to-list  dark is-btn-animated" data-login-url="/account/login?productCode=20972821_EA" data-ajax-url="/restful/lists/all?productCode=20972821_EA" data-user-guest="Y" data-user-guest="Y" data-product-code="20972821_EA" data-delete-item="false" aria-label="Add Tortilla Chips, Rounds to a List">
                                <span class="glyphicon glyphicon-th-list"></span>
                                <div class="list-cta-text  is-btn-animated">Add to List</div>
                            </button>

                            <!-- this is the list HTML   -->
                            <div class="save-to-list-popup  is-btn-animated animation-up dark" data-save-to-list-error="Can not get lists at this time. Please try again later." data-product-name="Tortilla Chips, Rounds">
                                <div class="inner-container">
                                </div>

                            </div>
                        </div>

                    </div>
                </div>
            </div>

            <div class="module-plus-minus-buttons small hidden ">
                <button type="button" class="btn cart-change-qty" data-change-type="minus" data-auid="decrease-product-quantity" alt="Minus" aria-label="Minus">
                    <span class="icon-minimize"></span>
                </button>
                <div class="plus-minus-input-wrapper">
                    <input class="input-qty cart-change-qty" aria-label="Enter manual quantity" type="text" name="qty" title="Change quantity in cart" data-unit-type="ea" value="1ea" data-change-type="equals" maxlength="7">

                    <span class="input-qty-pretty">
							<span class="input-qty-pretty-value">1</span>
                    <span class="input-qty-pretty-unit"></span>
                    </span>
                </div>

                <button type="button" class="btn cart-change-qty" data-change-type="plus" data-auid="increase-product-quantity" alt="Plus" aria-label="Plus">
                    <span class="icon-plus-sign"></span>
                </button>

                <p class="deal-limit-reached hidden">Deal Limit Reached</p>

                <div class="tooltip-qty-error tooltip-qty-limit hidden">
                    <p>
                        Limit to &nbsp; 999 &nbsp;each&nbsp; per customer.</p>
                </div>
                <div class="tooltip-qty-error tooltip-round-error hidden">
                    <p>
                        We do not have this in the weight you wanted. We've rounded your order to the nearest weight increment we stock.</p>
                </div>
            </div>
        </form>

        <!-- End Template: AddToCartSmall -->

    </div>
</div>
<div class="item">

    <div class="module-grocery-product quickview-simple  clicked" data-quickview-ajax-url="/p/20841921003_EA/quickViewProduct" data-product-id="20841921003_EA" data-product-price="$1.68">

        <span class="subtitle"></span>

        <div class="product-page-hotspot">
            <div class="product-cell quickview-button">
                <div class="product-image ">

                    <img src="https://assets.shop.loblaws.ca/products/20841921003/b1/en/front/20841921003_front_a01.png" onerror="this.src='https://assets.shop.loblaws.ca/products/NoImage/b1/en/front/NoImage_front_a01_@2.png';" alt="Thick Cut Aged Cheddar And Onion Flavour Rippled Potato Chips" />

                    <span class="sticker deal">
	  				        <span class="deal-badge">

	  				            <span class="module-deal-badge module-deal-badge-grid simple-save-unit "
	  						        data-deal-type="SAVE $0.20"
	  						        data-ajax-promo-url="/simpleDeal/deals/product-tile?productCode=20841921003_EA"
	  						        data-deal-id="20841921003_EA">
	  						        <span class="deal-type">SAVE $0.20</span>

                    <span class="deal-expiry">
		Exp. 01/03
	</span>

                    </span>
                    </span>
                    </span>

                    <div class="hover-text-container">
                        <button href="#" tabindex="0" class="hover-text " aria-label="Quick View for Thick Cut Aged Cheddar And Onion Flavour Rippled Potato Chips.">Quick View</button>
                    </div>
                </div>
            </div>

            <div class="product-in-cart">
                <div class="wrapper-product-in-cart">
                    <span>
	  			    In Cart
	  		    </span>
                </div>
            </div>

            <div class="product-info">
                <div class="product-name-wrapper">
                    <a href="/Food/Pantry/Chips-%26-Salty-Snacks/Potato-Chips/President%27s-Choice-Thick-Cut-Aged-Cheddar-And-Onion-Flavour-Rippled-Potato-Chips/p/20841921003_EA" class="product-name" aria-label="Product page for Thick Cut Aged Cheddar And Onion Flavour Rippled Potato Chips">
                        <span class="js-product-entry-brand">President's Choice&nbsp;</span>

                        <span class="js-product-entry-name">Thick Cut Aged Cheddar And Onion Flavour Rippled Potato Chips</span>

                        <span class="js-product-entry-size-detail">(200 g)</span>

                    </a>
                </div>

                <span class="ad-match-badge  hidden">Ad Match</span>

                <div class="price">
                    <div class="price-wrapper discount promo-alert ">
                        <span class="reg-price  price-alert" aria-label="Regular Price: $1.68">
					    <span class="reg-price-text">$1.68</span>

                        <sup class="reg-price-unit">ea</sup>
                        </span>
                        <span class="sale-price hidden" aria-label="Sale Price:">
					    <span class="sale-price-text"></span>
                        <sup class="sale-price-unit">ea</sup>
                        </span>

                        <span class="old-price" aria-label="Original Price: $1.88">
						    <span class="old-price-text">$1.88</span>
                        </span>

                        <span class="secondary-price hidden">

					    <span class="secondary-price-text" aria-label="Secondary Price:"></span>
                        </span>
                    </div>
                </div>

                <div class="qty">
                    <span class="reg-qty  price-alert">

		  		<span class="sr-only">Sale Price Per Unit:</span> $0.84 / 100 g

                    </span>

                    <span class="sale-qty hidden">

		  		<span class="sr-only">Sale Price Per Unit:</span> $0.84 / 100 g

                    </span>

                    <span class="secondary-qty hidden">

	  	<span class="secondary-qty-text"></span>
                    </span>
                </div>
            </div>

        </div>
        <form class="form-product  quickview-btn-simple" data-product-id="20841921003_EA" data-min-qty="1.0" data-max-qty="999.0" data-unit-type="ea" data-cart-qty="1" data-default-qty="1" novalidate="novalidate" promoCode="" promoNumber="" data-is-customized="false" data-cart-url="/cart/product/20841921003_EA" data-csrf-token="5582ec01-90c0-448b-b4f7-e2cf68d9f8a0" data-is-weighted-product="false">

            <div class="module-add-to-cart " data-change-type="plus" data-auto-edit="true" data-auto-add="true" data-cart-ajax-url="/cart/updateCart">
                <div class="wrapper-add-to-cart-btn">
                    <div class="module-add-to-cart-button-small">
                        <button type="button" class="btn btn-secondary btn-add-to-cart " data-auid="add-to-cart-button" data-has-pts-badge="false" aria-label="Add Thick Cut Aged Cheddar And Onion Flavour Rippled Potato Chips to cart">
                            <span class="icon-cart"></span>
                            <span class="add-to-cart-text">
											Add</span>
                        </button>
                        <button type="button" class="btn btn-secondary btn-edit-cart hidden " aria-label="Edit Cart">
                            <span class="qty-in-cart"></span>
                            <span class="edit-cart-text">
											<spring code="product.edit.text" />"
										</span>
                        </button>
                        <div class="add-list-parent add-list-module  bottom-add-list-module ">
                            <button class="btn btn-inline-link btn-save-to-list  dark is-btn-animated" data-login-url="/account/login?productCode=20841921003_EA" data-ajax-url="/restful/lists/all?productCode=20841921003_EA" data-user-guest="Y" data-user-guest="Y" data-product-code="20841921003_EA" data-delete-item="false" aria-label="Add Thick Cut Aged Cheddar And Onion Flavour Rippled Potato Chips to a List">
                                <span class="glyphicon glyphicon-th-list"></span>
                                <div class="list-cta-text  is-btn-animated">Add to List</div>
                            </button>

                            <!-- this is the list HTML   -->
                            <div class="save-to-list-popup  is-btn-animated animation-up dark" data-save-to-list-error="Can not get lists at this time. Please try again later." data-product-name="Thick Cut Aged Cheddar And Onion Flavour Rippled Potato Chips">
                                <div class="inner-container">
                                </div>

                            </div>
                        </div>

                    </div>
                </div>
            </div>

            <div class="module-plus-minus-buttons small hidden ">
                <button type="button" class="btn cart-change-qty" data-change-type="minus" data-auid="decrease-product-quantity" alt="Minus" aria-label="Minus">
                    <span class="icon-minimize"></span>
                </button>
                <div class="plus-minus-input-wrapper">
                    <input class="input-qty cart-change-qty" aria-label="Enter manual quantity" type="text" name="qty" title="Change quantity in cart" data-unit-type="ea" value="1ea" data-change-type="equals" maxlength="7">

                    <span class="input-qty-pretty">
							<span class="input-qty-pretty-value">1</span>
                    <span class="input-qty-pretty-unit"></span>
                    </span>
                </div>

                <button type="button" class="btn cart-change-qty" data-change-type="plus" data-auid="increase-product-quantity" alt="Plus" aria-label="Plus">
                    <span class="icon-plus-sign"></span>
                </button>

                <p class="deal-limit-reached hidden">Deal Limit Reached</p>

                <div class="tooltip-qty-error tooltip-qty-limit hidden">
                    <p>
                        Limit to &nbsp; 999 &nbsp;each&nbsp; per customer.</p>
                </div>
                <div class="tooltip-qty-error tooltip-round-error hidden">
                    <p>
                        We do not have this in the weight you wanted. We've rounded your order to the nearest weight increment we stock.</p>
                </div>
            </div>
        </form>

        <!-- End Template: AddToCartSmall -->

    </div>
</div>
<div class="item">

    <div class="module-grocery-product quickview-simple  clicked" data-quickview-ajax-url="/p/21002466_EA/quickViewProduct" data-product-id="21002466_EA" data-product-price="$1.88">

        <span class="subtitle"></span>

        <div class="product-page-hotspot">
            <div class="product-cell quickview-button">
                <div class="product-image ">

                    <img src="https://assets.shop.loblaws.ca/products/21002466/b1/en/front/21002466_front_a01.png" onerror="this.src='https://assets.shop.loblaws.ca/products/NoImage/b1/en/front/NoImage_front_a01_@2.png';" alt="Ketchup Potato Chips" />

                    <span class="sticker deal">
	  				        <span class="deal-badge">

	  				            <span class="module-deal-badge module-deal-badge-grid simple-save-unit "
	  						        data-deal-type="$1.88 LIMIT 4"
	  						        data-ajax-promo-url="/simpleDeal/deals/product-tile?productCode=21002466_EA"
	  						        data-deal-id="21002466_EA">
	  						        <span class="deal-type">$1.88 LIMIT 4</span>

                    <span class="deal-expiry">
		Exp. 12/27
	</span>

                    </span>
                    </span>
                    </span>

                    <div class="hover-text-container">
                        <button href="#" tabindex="0" class="hover-text " aria-label="Quick View for Ketchup Potato Chips.">Quick View</button>
                    </div>
                </div>
            </div>

            <div class="product-in-cart">
                <div class="wrapper-product-in-cart">
                    <span>
	  			    In Cart
	  		    </span>
                </div>
            </div>

            <div class="product-info">
                <div class="product-name-wrapper">
                    <a href="/Food/Pantry/Chips-%26-Salty-Snacks/Potato-Chips/Pringles-Ketchup-Potato-Chips/p/21002466_EA" class="product-name" aria-label="Product page for Ketchup Potato Chips">
                        <span class="js-product-entry-brand">Pringles&nbsp;</span>

                        <span class="js-product-entry-name">Ketchup Potato Chips</span>

                        <span class="js-product-entry-size-detail">(156 g)</span>

                    </a>
                </div>

                <span class="ad-match-badge  hidden">Ad Match</span>

                <div class="price">
                    <div class="price-wrapper no-discount promo-alert ">
                        <span class="reg-price  price-alert" aria-label="Regular Price: $1.88">
					    <span class="reg-price-text">$1.88</span>

                        <sup class="reg-price-unit">ea</sup>
                        </span>
                        <span class="sale-price hidden" aria-label="Sale Price:">
					    <span class="sale-price-text"></span>
                        <sup class="sale-price-unit">ea</sup>
                        </span>

                        <span class="secondary-price hidden">

					    <span class="secondary-price-text" aria-label="Secondary Price:"></span>
                        </span>
                    </div>
                </div>

                <div class="qty">
                    <span class="reg-qty  price-alert">

		  		<span class="sr-only">Sale Price Per Unit:</span> $1.21 / 100 g

                    </span>

                    <span class="sale-qty hidden">

		  		<span class="sr-only">Sale Price Per Unit:</span> $1.21 / 100 g

                    </span>

                    <span class="secondary-qty hidden">

	  	<span class="secondary-qty-text"></span>
                    </span>
                </div>
            </div>

        </div>
        <form class="form-product  quickview-btn-simple" data-product-id="21002466_EA" data-min-qty="1.0" data-max-qty="999.0" data-unit-type="ea" data-cart-qty="1" data-default-qty="1" novalidate="novalidate" promoCode="" promoNumber="" data-is-customized="false" data-cart-url="/cart/product/21002466_EA" data-csrf-token="5582ec01-90c0-448b-b4f7-e2cf68d9f8a0" data-is-weighted-product="false">

            <div class="module-add-to-cart " data-change-type="plus" data-auto-edit="true" data-auto-add="true" data-cart-ajax-url="/cart/updateCart">
                <div class="wrapper-add-to-cart-btn">
                    <div class="module-add-to-cart-button-small">
                        <button type="button" class="btn btn-secondary btn-add-to-cart " data-auid="add-to-cart-button" data-has-pts-badge="false" aria-label="Add Ketchup Potato Chips to cart">
                            <span class="icon-cart"></span>
                            <span class="add-to-cart-text">
											Add</span>
                        </button>
                        <button type="button" class="btn btn-secondary btn-edit-cart hidden " aria-label="Edit Cart">
                            <span class="qty-in-cart"></span>
                            <span class="edit-cart-text">
											<spring code="product.edit.text" />"
										</span>
                        </button>
                        <div class="add-list-parent add-list-module  bottom-add-list-module ">
                            <button class="btn btn-inline-link btn-save-to-list  dark is-btn-animated" data-login-url="/account/login?productCode=21002466_EA" data-ajax-url="/restful/lists/all?productCode=21002466_EA" data-user-guest="Y" data-user-guest="Y" data-product-code="21002466_EA" data-delete-item="false" aria-label="Add Ketchup Potato Chips to a List">
                                <span class="glyphicon glyphicon-th-list"></span>
                                <div class="list-cta-text  is-btn-animated">Add to List</div>
                            </button>

                            <!-- this is the list HTML   -->
                            <div class="save-to-list-popup  is-btn-animated animation-up dark" data-save-to-list-error="Can not get lists at this time. Please try again later." data-product-name="Ketchup Potato Chips">
                                <div class="inner-container">
                                </div>

                            </div>
                        </div>

                    </div>
                </div>
            </div>

            <div class="module-plus-minus-buttons small hidden ">
                <button type="button" class="btn cart-change-qty" data-change-type="minus" data-auid="decrease-product-quantity" alt="Minus" aria-label="Minus">
                    <span class="icon-minimize"></span>
                </button>
                <div class="plus-minus-input-wrapper">
                    <input class="input-qty cart-change-qty" aria-label="Enter manual quantity" type="text" name="qty" title="Change quantity in cart" data-unit-type="ea" value="1ea" data-change-type="equals" maxlength="7">

                    <span class="input-qty-pretty">
							<span class="input-qty-pretty-value">1</span>
                    <span class="input-qty-pretty-unit"></span>
                    </span>
                </div>

                <button type="button" class="btn cart-change-qty" data-change-type="plus" data-auid="increase-product-quantity" alt="Plus" aria-label="Plus">
                    <span class="icon-plus-sign"></span>
                </button>

                <p class="deal-limit-reached hidden">Deal Limit Reached</p>

                <div class="tooltip-qty-error tooltip-qty-limit hidden">
                    <p>
                        Limit to &nbsp; 999 &nbsp;each&nbsp; per customer.</p>
                </div>
                <div class="tooltip-qty-error tooltip-round-error hidden">
                    <p>
                        We do not have this in the weight you wanted. We've rounded your order to the nearest weight increment we stock.</p>
                </div>
            </div>
        </form>

        <!-- End Template: AddToCartSmall -->

    </div>
</div>
<div class="item">

    <div class="module-grocery-product quickview-simple  clicked" data-quickview-ajax-url="/p/21050578_EA/quickViewProduct" data-product-id="21050578_EA" data-product-price="$2.97">

        <span class="subtitle"></span>

        <div class="product-page-hotspot">
            <div class="product-cell quickview-button">
                <div class="product-image ">

                    <img src="https://assets.shop.loblaws.ca/products/21050578/b1/en/front/21050578_front_a01.png" onerror="this.src='https://assets.shop.loblaws.ca/products/NoImage/b1/en/front/NoImage_front_a01_@2.png';" alt="Tortilla Chips, Multigrain" />

                    <span class="sticker deal">
	  				        <span class="deal-badge">

	  				            <span class="module-deal-badge module-deal-badge-grid simple-save-unit "
	  						        data-deal-type="2 FOR $5.00"
	  						        data-ajax-promo-url="/simpleDeal/deals/product-tile?productCode=21050578_EA"
	  						        data-deal-id="21050578_EA">
	  						        <span class="deal-type">2 FOR $5.00</span>

                    <span class="deal-expiry">
		Exp. 12/19
	</span>

                    </span>
                    </span>
                    </span>

                    <div class="hover-text-container">
                        <button href="#" tabindex="0" class="hover-text " aria-label="Quick View for Tortilla Chips, Multigrain.">Quick View</button>
                    </div>
                </div>
            </div>

            <div class="product-in-cart">
                <div class="wrapper-product-in-cart">
                    <span>
	  			    In Cart
	  		    </span>
                </div>
            </div>

            <div class="product-info">
                <div class="product-name-wrapper">
                    <a href="/Food/Holiday/Appetizers/Chips-%26-Dips/Tostitos-Tortilla-Chips%2C-Multigrain/p/21050578_EA" class="product-name" aria-label="Product page for Tortilla Chips, Multigrain">
                        <span class="js-product-entry-brand">Tostitos&nbsp;</span>

                        <span class="js-product-entry-name">Tortilla Chips, Multigrain</span>

                        <span class="js-product-entry-size-detail">(270 g)</span>

                    </a>
                </div>

                <span class="ad-match-badge  hidden">Ad Match</span>

                <div class="price">
                    <div class="price-wrapper no-discount  ">
                        <span class="reg-price  " aria-label="Regular Price: $2.97">
					    <span class="reg-price-text">$2.97</span>

                        <sup class="reg-price-unit">ea</sup>
                        </span>
                        <span class="sale-price hidden" aria-label="Sale Price:">
					    <span class="sale-price-text"></span>
                        <sup class="sale-price-unit">ea</sup>
                        </span>

                        <span class="secondary-price hidden">

					    <span class="secondary-price-text" aria-label="Secondary Price:"></span>
                        </span>
                    </div>
                </div>

                <div class="qty">
                    <span class="reg-qty  ">

		  		<span class="sr-only">Sale Price Per Unit:</span> $1.10 / 100 g

                    </span>

                    <span class="sale-qty hidden">

		  		<span class="sr-only">Sale Price Per Unit:</span> $1.10 / 100 g

                    </span>

                    <span class="secondary-qty hidden">

	  	<span class="secondary-qty-text"></span>
                    </span>
                </div>
            </div>

        </div>
        <form class="form-product  quickview-btn-simple" data-product-id="21050578_EA" data-min-qty="1.0" data-max-qty="999.0" data-unit-type="ea" data-cart-qty="1" data-default-qty="1" novalidate="novalidate" promoCode="" promoNumber="" data-is-customized="false" data-cart-url="/cart/product/21050578_EA" data-csrf-token="5582ec01-90c0-448b-b4f7-e2cf68d9f8a0" data-is-weighted-product="false">

            <div class="module-add-to-cart " data-change-type="plus" data-auto-edit="true" data-auto-add="true" data-cart-ajax-url="/cart/updateCart">
                <div class="wrapper-add-to-cart-btn">
                    <div class="module-add-to-cart-button-small">
                        <button type="button" class="btn btn-secondary btn-add-to-cart " data-auid="add-to-cart-button" data-has-pts-badge="false" aria-label="Add Tortilla Chips, Multigrain to cart">
                            <span class="icon-cart"></span>
                            <span class="add-to-cart-text">
											Add</span>
                        </button>
                        <button type="button" class="btn btn-secondary btn-edit-cart hidden " aria-label="Edit Cart">
                            <span class="qty-in-cart"></span>
                            <span class="edit-cart-text">
											<spring code="product.edit.text" />"
										</span>
                        </button>
                        <div class="add-list-parent add-list-module  bottom-add-list-module ">
                            <button class="btn btn-inline-link btn-save-to-list  dark is-btn-animated" data-login-url="/account/login?productCode=21050578_EA" data-ajax-url="/restful/lists/all?productCode=21050578_EA" data-user-guest="Y" data-user-guest="Y" data-product-code="21050578_EA" data-delete-item="false" aria-label="Add Tortilla Chips, Multigrain to a List">
                                <span class="glyphicon glyphicon-th-list"></span>
                                <div class="list-cta-text  is-btn-animated">Add to List</div>
                            </button>

                            <!-- this is the list HTML   -->
                            <div class="save-to-list-popup  is-btn-animated animation-up dark" data-save-to-list-error="Can not get lists at this time. Please try again later." data-product-name="Tortilla Chips, Multigrain">
                                <div class="inner-container">
                                </div>

                            </div>
                        </div>

                    </div>
                </div>
            </div>

            <div class="module-plus-minus-buttons small hidden ">
                <button type="button" class="btn cart-change-qty" data-change-type="minus" data-auid="decrease-product-quantity" alt="Minus" aria-label="Minus">
                    <span class="icon-minimize"></span>
                </button>
                <div class="plus-minus-input-wrapper">
                    <input class="input-qty cart-change-qty" aria-label="Enter manual quantity" type="text" name="qty" title="Change quantity in cart" data-unit-type="ea" value="1ea" data-change-type="equals" maxlength="7">

                    <span class="input-qty-pretty">
							<span class="input-qty-pretty-value">1</span>
                    <span class="input-qty-pretty-unit"></span>
                    </span>
                </div>

                <button type="button" class="btn cart-change-qty" data-change-type="plus" data-auid="increase-product-quantity" alt="Plus" aria-label="Plus">
                    <span class="icon-plus-sign"></span>
                </button>

                <p class="deal-limit-reached hidden">Deal Limit Reached</p>

                <div class="tooltip-qty-error tooltip-qty-limit hidden">
                    <p>
                        Limit to &nbsp; 999 &nbsp;each&nbsp; per customer.</p>
                </div>
                <div class="tooltip-qty-error tooltip-round-error hidden">
                    <p>
                        We do not have this in the weight you wanted. We've rounded your order to the nearest weight increment we stock.</p>
                </div>
            </div>
        </form>

        <!-- End Template: AddToCartSmall -->

    </div>
</div>
<div class="item">

    <div class="module-grocery-product quickview-simple  clicked" data-quickview-ajax-url="/p/21049831_EA/quickViewProduct" data-product-id="21049831_EA" data-product-price="$3.27">

        <span class="subtitle"></span>

        <div class="product-page-hotspot">
            <div class="product-cell quickview-button">
                <div class="product-image ">

                    <img src="https://assets.shop.loblaws.ca/products/21049831/b1/en/front/21049831_front_a01.png" onerror="this.src='https://assets.shop.loblaws.ca/products/NoImage/b1/en/front/NoImage_front_a01_@2.png';" alt="Potato Chips, Sour Cream 'n Onion" />

                    <div class="hover-text-container">
                        <button href="#" tabindex="0" class="hover-text " aria-label="Quick View for Potato Chips, Sour Cream 'n Onion.">Quick View</button>
                    </div>
                </div>
            </div>

            <div class="product-in-cart">
                <div class="wrapper-product-in-cart">
                    <span>
	  			    In Cart
	  		    </span>
                </div>
            </div>

            <div class="product-info">
                <div class="product-name-wrapper">
                    <a href="/Food/Pantry/Chips-%26-Salty-Snacks/Potato-Chips/Ruffles-Potato-Chips%2C-Sour-Cream-%27n-Onion/p/21049831_EA" class="product-name" aria-label="Product page for Potato Chips, Sour Cream 'n Onion">

                        <span class="js-product-entry-name">Potato Chips, Sour Cream 'n Onion</span>

                        <span class="js-product-entry-size-detail">(220 g)</span>

                    </a>
                </div>

                <span class="ad-match-badge  hidden">Ad Match</span>

                <div class="price">
                    <div class="price-wrapper no-discount  ">
                        <span class="reg-price  " aria-label="Regular Price: $3.27">
					    <span class="reg-price-text">$3.27</span>

                        <sup class="reg-price-unit">ea</sup>
                        </span>
                        <span class="sale-price hidden" aria-label="Sale Price:">
					    <span class="sale-price-text"></span>
                        <sup class="sale-price-unit">ea</sup>
                        </span>

                        <span class="secondary-price hidden">

					    <span class="secondary-price-text" aria-label="Secondary Price:"></span>
                        </span>
                    </div>
                </div>

                <div class="qty">
                    <span class="reg-qty  ">

		  		<span class="sr-only">Sale Price Per Unit:</span> $1.49 / 100 g

                    </span>

                    <span class="sale-qty hidden">

		  		<span class="sr-only">Sale Price Per Unit:</span> $1.49 / 100 g

                    </span>

                    <span class="secondary-qty hidden">

	  	<span class="secondary-qty-text"></span>
                    </span>
                </div>
            </div>

        </div>
        <form class="form-product  quickview-btn-simple" data-product-id="21049831_EA" data-min-qty="1.0" data-max-qty="999.0" data-unit-type="ea" data-cart-qty="1" data-default-qty="1" novalidate="novalidate" promoCode="" promoNumber="" data-is-customized="false" data-cart-url="/cart/product/21049831_EA" data-csrf-token="5582ec01-90c0-448b-b4f7-e2cf68d9f8a0" data-is-weighted-product="false">

            <div class="module-add-to-cart " data-change-type="plus" data-auto-edit="true" data-auto-add="true" data-cart-ajax-url="/cart/updateCart">
                <div class="wrapper-add-to-cart-btn">
                    <div class="module-add-to-cart-button-small">
                        <button type="button" class="btn btn-secondary btn-add-to-cart " data-auid="add-to-cart-button" data-has-pts-badge="false" aria-label="Add Potato Chips, Sour Cream 'n Onion to cart">
                            <span class="icon-cart"></span>
                            <span class="add-to-cart-text">
											Add</span>
                        </button>
                        <button type="button" class="btn btn-secondary btn-edit-cart hidden " aria-label="Edit Cart">
                            <span class="qty-in-cart"></span>
                            <span class="edit-cart-text">
											<spring code="product.edit.text" />"
										</span>
                        </button>
                        <div class="add-list-parent add-list-module  bottom-add-list-module ">
                            <button class="btn btn-inline-link btn-save-to-list  dark is-btn-animated" data-login-url="/account/login?productCode=21049831_EA" data-ajax-url="/restful/lists/all?productCode=21049831_EA" data-user-guest="Y" data-user-guest="Y" data-product-code="21049831_EA" data-delete-item="false" aria-label="Add Potato Chips, Sour Cream 'n Onion to a List">
                                <span class="glyphicon glyphicon-th-list"></span>
                                <div class="list-cta-text  is-btn-animated">Add to List</div>
                            </button>

                            <!-- this is the list HTML   -->
                            <div class="save-to-list-popup  is-btn-animated animation-up dark" data-save-to-list-error="Can not get lists at this time. Please try again later." data-product-name="Potato Chips, Sour Cream 'n Onion">
                                <div class="inner-container">
                                </div>

                            </div>
                        </div>

                    </div>
                </div>
            </div>

            <div class="module-plus-minus-buttons small hidden ">
                <button type="button" class="btn cart-change-qty" data-change-type="minus" data-auid="decrease-product-quantity" alt="Minus" aria-label="Minus">
                    <span class="icon-minimize"></span>
                </button>
                <div class="plus-minus-input-wrapper">
                    <input class="input-qty cart-change-qty" aria-label="Enter manual quantity" type="text" name="qty" title="Change quantity in cart" data-unit-type="ea" value="1ea" data-change-type="equals" maxlength="7">

                    <span class="input-qty-pretty">
							<span class="input-qty-pretty-value">1</span>
                    <span class="input-qty-pretty-unit"></span>
                    </span>
                </div>

                <button type="button" class="btn cart-change-qty" data-change-type="plus" data-auid="increase-product-quantity" alt="Plus" aria-label="Plus">
                    <span class="icon-plus-sign"></span>
                </button>

                <p class="deal-limit-reached hidden">Deal Limit Reached</p>

                <div class="tooltip-qty-error tooltip-qty-limit hidden">
                    <p>
                        Limit to &nbsp; 999 &nbsp;each&nbsp; per customer.</p>
                </div>
                <div class="tooltip-qty-error tooltip-round-error hidden">
                    <p>
                        We do not have this in the weight you wanted. We've rounded your order to the nearest weight increment we stock.</p>
                </div>
            </div>
        </form>

        <!-- End Template: AddToCartSmall -->

    </div>
</div>
<div class="item">

    <div class="module-grocery-product quickview-simple  clicked" data-quickview-ajax-url="/p/21056996_EA/quickViewProduct" data-product-id="21056996_EA" data-product-price="$4.98">

        <span class="subtitle"></span>

        <div class="product-page-hotspot">
            <div class="product-cell quickview-button">
                <div class="product-image ">

                    <img src="https://assets.shop.loblaws.ca/products/21056996/b1/en/front/21056996_front_a01.png" onerror="this.src='https://assets.shop.loblaws.ca/products/NoImage/b1/en/front/NoImage_front_a01_@2.png';" alt="Fresh is Best Salsa & Co. Tri-Flavour Corn Tortilla Chips" />

                    <span class="sticker deal">
	  				        <span class="deal-badge">

	  				            <span class="module-deal-badge module-deal-badge-grid simple-save-unit "
	  						        data-deal-type="2 FOR $8.96"
	  						        data-ajax-promo-url="/simpleDeal/deals/product-tile?productCode=21056996_EA"
	  						        data-deal-id="21056996_EA">
	  						        <span class="deal-type">2 FOR $8.96</span>

                    <span class="deal-expiry">
		Exp. 12/31
	</span>

                    </span>
                    </span>
                    </span>

                    <div class="hover-text-container">
                        <button href="#" tabindex="0" class="hover-text " aria-label="Quick View for Fresh is Best Salsa & Co. Tri-Flavour Corn Tortilla Chips.">Quick View</button>
                    </div>
                </div>
            </div>

            <div class="product-in-cart">
                <div class="wrapper-product-in-cart">
                    <span>
	  			    In Cart
	  		    </span>
                </div>
            </div>

            <div class="product-info">
                <div class="product-name-wrapper">
                    <a href="/Food/Pantry/Chips-%26-Salty-Snacks/Pretzels-%26-Snack-Mixes/Fresh-Is-Best-Salsa-%26-Co-Fresh-is-Best-Salsa-%26-Co-Tri-Flavour-Corn-Tortilla-Chips/p/21056996_EA" class="product-name" aria-label="Product page for Fresh is Best Salsa & Co. Tri-Flavour Corn Tortilla Chips">
                        <span class="js-product-entry-brand">Fresh Is Best Salsa & Co&nbsp;</span>

                        <span class="js-product-entry-name">Fresh is Best Salsa & Co. Tri-Flavour Corn Tortilla Chips</span>

                        <span class="js-product-entry-size-detail">(325 g)</span>

                    </a>
                </div>

                <span class="ad-match-badge  hidden">Ad Match</span>

                <div class="price">
                    <div class="price-wrapper no-discount  ">
                        <span class="reg-price  " aria-label="Regular Price: $4.98">
					    <span class="reg-price-text">$4.98</span>

                        <sup class="reg-price-unit">ea</sup>
                        </span>
                        <span class="sale-price hidden" aria-label="Sale Price:">
					    <span class="sale-price-text"></span>
                        <sup class="sale-price-unit">ea</sup>
                        </span>

                        <span class="secondary-price hidden">

					    <span class="secondary-price-text" aria-label="Secondary Price:"></span>
                        </span>
                    </div>
                </div>

                <div class="qty">
                    <span class="reg-qty  ">

		  		<span class="sr-only">Sale Price Per Unit:</span> $1.53 / 100 g

                    </span>

                    <span class="sale-qty hidden">

		  		<span class="sr-only">Sale Price Per Unit:</span> $1.53 / 100 g

                    </span>

                    <span class="secondary-qty hidden">

	  	<span class="secondary-qty-text"></span>
                    </span>
                </div>
            </div>

        </div>
        <form class="form-product  quickview-btn-simple" data-product-id="21056996_EA" data-min-qty="1.0" data-max-qty="999.0" data-unit-type="ea" data-cart-qty="1" data-default-qty="1" novalidate="novalidate" promoCode="" promoNumber="" data-is-customized="false" data-cart-url="/cart/product/21056996_EA" data-csrf-token="5582ec01-90c0-448b-b4f7-e2cf68d9f8a0" data-is-weighted-product="false">

            <div class="module-add-to-cart " data-change-type="plus" data-auto-edit="true" data-auto-add="true" data-cart-ajax-url="/cart/updateCart">
                <div class="wrapper-add-to-cart-btn">
                    <div class="module-add-to-cart-button-small">
                        <button type="button" class="btn btn-secondary btn-add-to-cart " data-auid="add-to-cart-button" data-has-pts-badge="false" aria-label="Add Fresh is Best Salsa & Co. Tri-Flavour Corn Tortilla Chips to cart">
                            <span class="icon-cart"></span>
                            <span class="add-to-cart-text">
											Add</span>
                        </button>
                        <button type="button" class="btn btn-secondary btn-edit-cart hidden " aria-label="Edit Cart">
                            <span class="qty-in-cart"></span>
                            <span class="edit-cart-text">
											<spring code="product.edit.text" />"
										</span>
                        </button>
                        <div class="add-list-parent add-list-module  bottom-add-list-module ">
                            <button class="btn btn-inline-link btn-save-to-list  dark is-btn-animated" data-login-url="/account/login?productCode=21056996_EA" data-ajax-url="/restful/lists/all?productCode=21056996_EA" data-user-guest="Y" data-user-guest="Y" data-product-code="21056996_EA" data-delete-item="false" aria-label="Add Fresh is Best Salsa & Co. Tri-Flavour Corn Tortilla Chips to a List">
                                <span class="glyphicon glyphicon-th-list"></span>
                                <div class="list-cta-text  is-btn-animated">Add to List</div>
                            </button>

                            <!-- this is the list HTML   -->
                            <div class="save-to-list-popup  is-btn-animated animation-up dark" data-save-to-list-error="Can not get lists at this time. Please try again later." data-product-name="Fresh is Best Salsa & Co. Tri-Flavour Corn Tortilla Chips">
                                <div class="inner-container">
                                </div>

                            </div>
                        </div>

                    </div>
                </div>
            </div>

            <div class="module-plus-minus-buttons small hidden ">
                <button type="button" class="btn cart-change-qty" data-change-type="minus" data-auid="decrease-product-quantity" alt="Minus" aria-label="Minus">
                    <span class="icon-minimize"></span>
                </button>
                <div class="plus-minus-input-wrapper">
                    <input class="input-qty cart-change-qty" aria-label="Enter manual quantity" type="text" name="qty" title="Change quantity in cart" data-unit-type="ea" value="1ea" data-change-type="equals" maxlength="7">

                    <span class="input-qty-pretty">
							<span class="input-qty-pretty-value">1</span>
                    <span class="input-qty-pretty-unit"></span>
                    </span>
                </div>

                <button type="button" class="btn cart-change-qty" data-change-type="plus" data-auid="increase-product-quantity" alt="Plus" aria-label="Plus">
                    <span class="icon-plus-sign"></span>
                </button>

                <p class="deal-limit-reached hidden">Deal Limit Reached</p>

                <div class="tooltip-qty-error tooltip-qty-limit hidden">
                    <p>
                        Limit to &nbsp; 999 &nbsp;each&nbsp; per customer.</p>
                </div>
                <div class="tooltip-qty-error tooltip-round-error hidden">
                    <p>
                        We do not have this in the weight you wanted. We've rounded your order to the nearest weight increment we stock.</p>
                </div>
            </div>
        </form>

        <!-- End Template: AddToCartSmall -->

    </div>
</div>
<div class="item">

    <div class="module-grocery-product quickview-simple  clicked" data-quickview-ajax-url="/p/21006916_EA/quickViewProduct" data-product-id="21006916_EA" data-product-price="$1.88">

        <span class="subtitle"></span>

        <div class="product-page-hotspot">
            <div class="product-cell quickview-button">
                <div class="product-image ">

                    <img src="https://assets.shop.loblaws.ca/products/21006916/b1/en/front/21006916_front_a01.png" onerror="this.src='https://assets.shop.loblaws.ca/products/NoImage/b1/en/front/NoImage_front_a01_@2.png';" alt="Cheddar Cheese Flavour Potato Chips" />

                    <span class="sticker deal">
	  				        <span class="deal-badge">

	  				            <span class="module-deal-badge module-deal-badge-grid simple-save-unit "
	  						        data-deal-type="$1.88 LIMIT 4"
	  						        data-ajax-promo-url="/simpleDeal/deals/product-tile?productCode=21006916_EA"
	  						        data-deal-id="21006916_EA">
	  						        <span class="deal-type">$1.88 LIMIT 4</span>

                    <span class="deal-expiry">
		Exp. 12/27
	</span>

                    </span>
                    </span>
                    </span>

                    <div class="hover-text-container">
                        <button href="#" tabindex="0" class="hover-text " aria-label="Quick View for Cheddar Cheese Flavour Potato Chips.">Quick View</button>
                    </div>
                </div>
            </div>

            <div class="product-in-cart">
                <div class="wrapper-product-in-cart">
                    <span>
	  			    In Cart
	  		    </span>
                </div>
            </div>

            <div class="product-info">
                <div class="product-name-wrapper">
                    <a href="/Food/Pantry/Chips-%26-Salty-Snacks/Potato-Chips/Pringles-Cheddar-Cheese-Flavour-Potato-Chips/p/21006916_EA" class="product-name" aria-label="Product page for Cheddar Cheese Flavour Potato Chips">
                        <span class="js-product-entry-brand">Pringles&nbsp;</span>

                        <span class="js-product-entry-name">Cheddar Cheese Flavour Potato Chips</span>

                        <span class="js-product-entry-size-detail">(156 g)</span>

                    </a>
                </div>

                <span class="ad-match-badge  hidden">Ad Match</span>

                <div class="price">
                    <div class="price-wrapper no-discount promo-alert ">
                        <span class="reg-price  price-alert" aria-label="Regular Price: $1.88">
					    <span class="reg-price-text">$1.88</span>

                        <sup class="reg-price-unit">ea</sup>
                        </span>
                        <span class="sale-price hidden" aria-label="Sale Price:">
					    <span class="sale-price-text"></span>
                        <sup class="sale-price-unit">ea</sup>
                        </span>

                        <span class="secondary-price hidden">

					    <span class="secondary-price-text" aria-label="Secondary Price:"></span>
                        </span>
                    </div>
                </div>

                <div class="qty">
                    <span class="reg-qty  price-alert">

		  		<span class="sr-only">Sale Price Per Unit:</span> $1.21 / 100 g

                    </span>

                    <span class="sale-qty hidden">

		  		<span class="sr-only">Sale Price Per Unit:</span> $1.21 / 100 g

                    </span>

                    <span class="secondary-qty hidden">

	  	<span class="secondary-qty-text"></span>
                    </span>
                </div>
            </div>

        </div>
        <form class="form-product  quickview-btn-simple" data-product-id="21006916_EA" data-min-qty="1.0" data-max-qty="999.0" data-unit-type="ea" data-cart-qty="1" data-default-qty="1" novalidate="novalidate" promoCode="" promoNumber="" data-is-customized="false" data-cart-url="/cart/product/21006916_EA" data-csrf-token="5582ec01-90c0-448b-b4f7-e2cf68d9f8a0" data-is-weighted-product="false">

            <div class="module-add-to-cart " data-change-type="plus" data-auto-edit="true" data-auto-add="true" data-cart-ajax-url="/cart/updateCart">
                <div class="wrapper-add-to-cart-btn">
                    <div class="module-add-to-cart-button-small">
                        <button type="button" class="btn btn-secondary btn-add-to-cart " data-auid="add-to-cart-button" data-has-pts-badge="false" aria-label="Add Cheddar Cheese Flavour Potato Chips to cart">
                            <span class="icon-cart"></span>
                            <span class="add-to-cart-text">
											Add</span>
                        </button>
                        <button type="button" class="btn btn-secondary btn-edit-cart hidden " aria-label="Edit Cart">
                            <span class="qty-in-cart"></span>
                            <span class="edit-cart-text">
											<spring code="product.edit.text" />"
										</span>
                        </button>
                        <div class="add-list-parent add-list-module  bottom-add-list-module ">
                            <button class="btn btn-inline-link btn-save-to-list  dark is-btn-animated" data-login-url="/account/login?productCode=21006916_EA" data-ajax-url="/restful/lists/all?productCode=21006916_EA" data-user-guest="Y" data-user-guest="Y" data-product-code="21006916_EA" data-delete-item="false" aria-label="Add Cheddar Cheese Flavour Potato Chips to a List">
                                <span class="glyphicon glyphicon-th-list"></span>
                                <div class="list-cta-text  is-btn-animated">Add to List</div>
                            </button>

                            <!-- this is the list HTML   -->
                            <div class="save-to-list-popup  is-btn-animated animation-up dark" data-save-to-list-error="Can not get lists at this time. Please try again later." data-product-name="Cheddar Cheese Flavour Potato Chips">
                                <div class="inner-container">
                                </div>

                            </div>
                        </div>

                    </div>
                </div>
            </div>

            <div class="module-plus-minus-buttons small hidden ">
                <button type="button" class="btn cart-change-qty" data-change-type="minus" data-auid="decrease-product-quantity" alt="Minus" aria-label="Minus">
                    <span class="icon-minimize"></span>
                </button>
                <div class="plus-minus-input-wrapper">
                    <input class="input-qty cart-change-qty" aria-label="Enter manual quantity" type="text" name="qty" title="Change quantity in cart" data-unit-type="ea" value="1ea" data-change-type="equals" maxlength="7">

                    <span class="input-qty-pretty">
							<span class="input-qty-pretty-value">1</span>
                    <span class="input-qty-pretty-unit"></span>
                    </span>
                </div>

                <button type="button" class="btn cart-change-qty" data-change-type="plus" data-auid="increase-product-quantity" alt="Plus" aria-label="Plus">
                    <span class="icon-plus-sign"></span>
                </button>

                <p class="deal-limit-reached hidden">Deal Limit Reached</p>

                <div class="tooltip-qty-error tooltip-qty-limit hidden">
                    <p>
                        Limit to &nbsp; 999 &nbsp;each&nbsp; per customer.</p>
                </div>
                <div class="tooltip-qty-error tooltip-round-error hidden">
                    <p>
                        We do not have this in the weight you wanted. We've rounded your order to the nearest weight increment we stock.</p>
                </div>
            </div>
        </form>

        <!-- End Template: AddToCartSmall -->

    </div>
</div>
<div class="item">

    <div class="module-grocery-product quickview-simple  clicked" data-quickview-ajax-url="/p/21071643_EA/quickViewProduct" data-product-id="21071643_EA" data-product-price="$5.98">

        <span class="subtitle"></span>

        <div class="product-page-hotspot">
            <div class="product-cell quickview-button">
                <div class="product-image ">

                    <img src="https://assets.shop.loblaws.ca/products/21071643/b1/en/front/21071643_front_a01.png" onerror="this.src='https://assets.shop.loblaws.ca/products/NoImage/b1/en/front/NoImage_front_a01_@2.png';" alt="Rippled Potato Chips Loads of All Dressed Flavour Club Size" />

                    <div class="hover-text-container">
                        <button href="#" tabindex="0" class="hover-text " aria-label="Quick View for Rippled Potato Chips Loads of All Dressed Flavour Club Size.">Quick View</button>
                    </div>
                </div>
            </div>

            <div class="product-in-cart">
                <div class="wrapper-product-in-cart">
                    <span>
	  			    In Cart
	  		    </span>
                </div>
            </div>

            <div class="product-info">
                <div class="product-name-wrapper">
                    <a href="/Food/Pantry/Chips-%26-Salty-Snacks/Potato-Chips/President%27s-Choice-Rippled-Potato-Chips-Loads-of-All-Dressed-Flavour-Club-Size/p/21071643_EA" class="product-name" aria-label="Product page for Rippled Potato Chips Loads of All Dressed Flavour Club Size">
                        <span class="js-product-entry-brand">President's Choice&nbsp;</span>

                        <span class="js-product-entry-name">Rippled Potato Chips Loads of All Dressed Flavour Club Size</span>

                        <span class="js-product-entry-size-detail">(750 g)</span>

                    </a>
                </div>

                <span class="ad-match-badge  hidden">Ad Match</span>

                <div class="price">
                    <div class="price-wrapper no-discount  ">
                        <span class="reg-price  " aria-label="Regular Price: $5.98">
					    <span class="reg-price-text">$5.98</span>

                        <sup class="reg-price-unit">ea</sup>
                        </span>
                        <span class="sale-price hidden" aria-label="Sale Price:">
					    <span class="sale-price-text"></span>
                        <sup class="sale-price-unit">ea</sup>
                        </span>

                        <span class="secondary-price hidden">

					    <span class="secondary-price-text" aria-label="Secondary Price:"></span>
                        </span>
                    </div>
                </div>

                <div class="qty">
                    <span class="reg-qty  ">

		  		<span class="sr-only">Sale Price Per Unit:</span> $0.80 / 100 g

                    </span>

                    <span class="sale-qty hidden">

		  		<span class="sr-only">Sale Price Per Unit:</span> $0.80 / 100 g

                    </span>

                    <span class="secondary-qty hidden">

	  	<span class="secondary-qty-text"></span>
                    </span>
                </div>
            </div>

        </div>
        <form class="form-product  quickview-btn-simple" data-product-id="21071643_EA" data-min-qty="1.0" data-max-qty="999.0" data-unit-type="ea" data-cart-qty="1" data-default-qty="1" novalidate="novalidate" promoCode="" promoNumber="" data-is-customized="false" data-cart-url="/cart/product/21071643_EA" data-csrf-token="5582ec01-90c0-448b-b4f7-e2cf68d9f8a0" data-is-weighted-product="false">

            <div class="module-add-to-cart " data-change-type="plus" data-auto-edit="true" data-auto-add="true" data-cart-ajax-url="/cart/updateCart">
                <div class="wrapper-add-to-cart-btn">
                    <div class="module-add-to-cart-button-small">
                        <button type="button" class="btn btn-secondary btn-add-to-cart " data-auid="add-to-cart-button" data-has-pts-badge="false" aria-label="Add Rippled Potato Chips Loads of All Dressed Flavour Club Size to cart">
                            <span class="icon-cart"></span>
                            <span class="add-to-cart-text">
											Add</span>
                        </button>
                        <button type="button" class="btn btn-secondary btn-edit-cart hidden " aria-label="Edit Cart">
                            <span class="qty-in-cart"></span>
                            <span class="edit-cart-text">
											<spring code="product.edit.text" />"
										</span>
                        </button>
                        <div class="add-list-parent add-list-module  bottom-add-list-module ">
                            <button class="btn btn-inline-link btn-save-to-list  dark is-btn-animated" data-login-url="/account/login?productCode=21071643_EA" data-ajax-url="/restful/lists/all?productCode=21071643_EA" data-user-guest="Y" data-user-guest="Y" data-product-code="21071643_EA" data-delete-item="false" aria-label="Add Rippled Potato Chips Loads of All Dressed Flavour Club Size to a List">
                                <span class="glyphicon glyphicon-th-list"></span>
                                <div class="list-cta-text  is-btn-animated">Add to List</div>
                            </button>

                            <!-- this is the list HTML   -->
                            <div class="save-to-list-popup  is-btn-animated animation-up dark" data-save-to-list-error="Can not get lists at this time. Please try again later." data-product-name="Rippled Potato Chips Loads of All Dressed Flavour Club Size">
                                <div class="inner-container">
                                </div>

                            </div>
                        </div>

                    </div>
                </div>
            </div>

            <div class="module-plus-minus-buttons small hidden ">
                <button type="button" class="btn cart-change-qty" data-change-type="minus" data-auid="decrease-product-quantity" alt="Minus" aria-label="Minus">
                    <span class="icon-minimize"></span>
                </button>
                <div class="plus-minus-input-wrapper">
                    <input class="input-qty cart-change-qty" aria-label="Enter manual quantity" type="text" name="qty" title="Change quantity in cart" data-unit-type="ea" value="1ea" data-change-type="equals" maxlength="7">

                    <span class="input-qty-pretty">
							<span class="input-qty-pretty-value">1</span>
                    <span class="input-qty-pretty-unit"></span>
                    </span>
                </div>

                <button type="button" class="btn cart-change-qty" data-change-type="plus" data-auid="increase-product-quantity" alt="Plus" aria-label="Plus">
                    <span class="icon-plus-sign"></span>
                </button>

                <p class="deal-limit-reached hidden">Deal Limit Reached</p>

                <div class="tooltip-qty-error tooltip-qty-limit hidden">
                    <p>
                        Limit to &nbsp; 999 &nbsp;each&nbsp; per customer.</p>
                </div>
                <div class="tooltip-qty-error tooltip-round-error hidden">
                    <p>
                        We do not have this in the weight you wanted. We've rounded your order to the nearest weight increment we stock.</p>
                </div>
            </div>
        </form>

        <!-- End Template: AddToCartSmall -->

    </div>
</div>
<div class="item">

    <div class="module-grocery-product quickview-simple  clicked" data-quickview-ajax-url="/p/20866838_EA/quickViewProduct" data-product-id="20866838_EA" data-product-price="$0.98">

        <span class="subtitle"></span>

        <div class="product-page-hotspot">
            <div class="product-cell quickview-button">
                <div class="product-image ">

                    <img src="https://assets.shop.loblaws.ca/products/20866838/b1/en/front/20866838_front_a01.png" onerror="this.src='https://assets.shop.loblaws.ca/products/NoImage/b1/en/front/NoImage_front_a01_@2.png';" alt="Roasted Seaweed" />

                    <span class="sticker deal">
	  				        <span class="deal-badge">

	  				            <span class="module-deal-badge module-deal-badge-grid simple-save-unit "
	  						        data-deal-type="4 FOR $3.52"
	  						        data-ajax-promo-url="/simpleDeal/deals/product-tile?productCode=20866838_EA"
	  						        data-deal-id="20866838_EA">
	  						        <span class="deal-type">4 FOR $3.52</span>

                    <span class="deal-expiry">
		Exp. 12/31
	</span>

                    </span>
                    </span>
                    </span>

                    <div class="hover-text-container">
                        <button href="#" tabindex="0" class="hover-text " aria-label="Quick View for Roasted Seaweed.">Quick View</button>
                    </div>
                </div>
            </div>

            <div class="product-in-cart">
                <div class="wrapper-product-in-cart">
                    <span>
	  			    In Cart
	  		    </span>
                </div>
            </div>

            <div class="product-info">
                <div class="product-name-wrapper">
                    <a href="/Food/Pantry/Chips-%26-Salty-Snacks/Potato-Chips/Rooster-Roasted-Seaweed/p/20866838_EA" class="product-name" aria-label="Product page for Roasted Seaweed">
                        <span class="js-product-entry-brand">Rooster&nbsp;</span>

                        <span class="js-product-entry-name">Roasted Seaweed</span>

                        <span class="js-product-entry-size-detail">(3x5g)</span>

                    </a>
                </div>

                <span class="ad-match-badge  hidden">Ad Match</span>

                <div class="price">
                    <div class="price-wrapper no-discount  ">
                        <span class="reg-price  " aria-label="Regular Price: $0.98">
					    <span class="reg-price-text">$0.98</span>

                        <sup class="reg-price-unit">ea</sup>
                        </span>
                        <span class="sale-price hidden" aria-label="Sale Price:">
					    <span class="sale-price-text"></span>
                        <sup class="sale-price-unit">ea</sup>
                        </span>

                        <span class="secondary-price hidden">

					    <span class="secondary-price-text" aria-label="Secondary Price:"></span>
                        </span>
                    </div>
                </div>

                <div class="qty">
                    <span class="reg-qty  ">

		  		<span class="sr-only">Sale Price Per Unit:</span> $6.53 / 100 g

                    </span>

                    <span class="sale-qty hidden">

		  		<span class="sr-only">Sale Price Per Unit:</span> $6.53 / 100 g

                    </span>

                    <span class="secondary-qty hidden">

	  	<span class="secondary-qty-text"></span>
                    </span>
                </div>
            </div>

        </div>
        <form class="form-product  quickview-btn-simple" data-product-id="20866838_EA" data-min-qty="1.0" data-max-qty="999.0" data-unit-type="ea" data-cart-qty="1" data-default-qty="1" novalidate="novalidate" promoCode="" promoNumber="" data-is-customized="false" data-cart-url="/cart/product/20866838_EA" data-csrf-token="5582ec01-90c0-448b-b4f7-e2cf68d9f8a0" data-is-weighted-product="false">

            <div class="module-add-to-cart " data-change-type="plus" data-auto-edit="true" data-auto-add="true" data-cart-ajax-url="/cart/updateCart">
                <div class="wrapper-add-to-cart-btn">
                    <div class="module-add-to-cart-button-small">
                        <button type="button" class="btn btn-secondary btn-add-to-cart " data-auid="add-to-cart-button" data-has-pts-badge="false" aria-label="Add Roasted Seaweed to cart">
                            <span class="icon-cart"></span>
                            <span class="add-to-cart-text">
											Add</span>
                        </button>
                        <button type="button" class="btn btn-secondary btn-edit-cart hidden " aria-label="Edit Cart">
                            <span class="qty-in-cart"></span>
                            <span class="edit-cart-text">
											<spring code="product.edit.text" />"
										</span>
                        </button>
                        <div class="add-list-parent add-list-module  bottom-add-list-module ">
                            <button class="btn btn-inline-link btn-save-to-list  dark is-btn-animated" data-login-url="/account/login?productCode=20866838_EA" data-ajax-url="/restful/lists/all?productCode=20866838_EA" data-user-guest="Y" data-user-guest="Y" data-product-code="20866838_EA" data-delete-item="false" aria-label="Add Roasted Seaweed to a List">
                                <span class="glyphicon glyphicon-th-list"></span>
                                <div class="list-cta-text  is-btn-animated">Add to List</div>
                            </button>

                            <!-- this is the list HTML   -->
                            <div class="save-to-list-popup  is-btn-animated animation-up dark" data-save-to-list-error="Can not get lists at this time. Please try again later." data-product-name="Roasted Seaweed">
                                <div class="inner-container">
                                </div>

                            </div>
                        </div>

                    </div>
                </div>
            </div>

            <div class="module-plus-minus-buttons small hidden ">
                <button type="button" class="btn cart-change-qty" data-change-type="minus" data-auid="decrease-product-quantity" alt="Minus" aria-label="Minus">
                    <span class="icon-minimize"></span>
                </button>
                <div class="plus-minus-input-wrapper">
                    <input class="input-qty cart-change-qty" aria-label="Enter manual quantity" type="text" name="qty" title="Change quantity in cart" data-unit-type="ea" value="1ea" data-change-type="equals" maxlength="7">

                    <span class="input-qty-pretty">
							<span class="input-qty-pretty-value">1</span>
                    <span class="input-qty-pretty-unit"></span>
                    </span>
                </div>

                <button type="button" class="btn cart-change-qty" data-change-type="plus" data-auid="increase-product-quantity" alt="Plus" aria-label="Plus">
                    <span class="icon-plus-sign"></span>
                </button>

                <p class="deal-limit-reached hidden">Deal Limit Reached</p>

                <div class="tooltip-qty-error tooltip-qty-limit hidden">
                    <p>
                        Limit to &nbsp; 999 &nbsp;each&nbsp; per customer.</p>
                </div>
                <div class="tooltip-qty-error tooltip-round-error hidden">
                    <p>
                        We do not have this in the weight you wanted. We've rounded your order to the nearest weight increment we stock.</p>
                </div>
            </div>
        </form>

        <!-- End Template: AddToCartSmall -->

    </div>
</div>
<div class="item">

    <div class="module-grocery-product quickview-simple  clicked" data-quickview-ajax-url="/p/20771686_EA/quickViewProduct" data-product-id="20771686_EA" data-product-price="$1.98">

        <span class="subtitle"></span>

        <div class="product-page-hotspot">
            <div class="product-cell quickview-button">
                <div class="product-image ">

                    <img src="https://assets.shop.loblaws.ca/products/20771686/b1/en/front/20771686_front_a01.png" onerror="this.src='https://assets.shop.loblaws.ca/products/NoImage/b1/en/front/NoImage_front_a01_@2.png';" alt="Potato Chips, Ketchup" />

                    <span class="sticker deal">
	  				        <span class="deal-badge">

	  				            <span class="module-deal-badge module-deal-badge-grid simple-save-unit "
	  						        data-deal-type="$1.98 LIMIT 6"
	  						        data-ajax-promo-url="/simpleDeal/deals/product-tile?productCode=20771686_EA"
	  						        data-deal-id="20771686_EA">
	  						        <span class="deal-type">$1.98 LIMIT 6</span>

                    <span class="deal-expiry">
		Exp. 01/03
	</span>

                    </span>
                    </span>
                    </span>

                    <div class="hover-text-container">
                        <button href="#" tabindex="0" class="hover-text " aria-label="Quick View for Potato Chips, Ketchup.">Quick View</button>
                    </div>
                </div>
            </div>

            <div class="product-in-cart">
                <div class="wrapper-product-in-cart">
                    <span>
	  			    In Cart
	  		    </span>
                </div>
            </div>

            <div class="product-info">
                <div class="product-name-wrapper">
                    <a href="/Food/Natural-%26-Organic/Pantry/Snacks-%26-Candy/Hardbite-Potato-Chips%2C-Ketchup/p/20771686_EA" class="product-name" aria-label="Product page for Potato Chips, Ketchup">

                        <span class="js-product-entry-name">Potato Chips, Ketchup</span>

                        <span class="js-product-entry-size-detail">(150 g)</span>

                    </a>
                </div>

                <span class="ad-match-badge  hidden">Ad Match</span>

                <div class="price">
                    <div class="price-wrapper no-discount promo-alert ">
                        <span class="reg-price  price-alert" aria-label="Regular Price: $1.98">
					    <span class="reg-price-text">$1.98</span>

                        <sup class="reg-price-unit">ea</sup>
                        </span>
                        <span class="sale-price hidden" aria-label="Sale Price:">
					    <span class="sale-price-text"></span>
                        <sup class="sale-price-unit">ea</sup>
                        </span>

                        <span class="secondary-price hidden">

					    <span class="secondary-price-text" aria-label="Secondary Price:"></span>
                        </span>
                    </div>
                </div>

                <div class="qty">
                    <span class="reg-qty  price-alert">

		  		<span class="sr-only">Sale Price Per Unit:</span> $1.32 / 100 g

                    </span>

                    <span class="sale-qty hidden">

		  		<span class="sr-only">Sale Price Per Unit:</span> $1.32 / 100 g

                    </span>

                    <span class="secondary-qty hidden">

	  	<span class="secondary-qty-text"></span>
                    </span>
                </div>
            </div>

        </div>
        <form class="form-product  quickview-btn-simple" data-product-id="20771686_EA" data-min-qty="1.0" data-max-qty="999.0" data-unit-type="ea" data-cart-qty="1" data-default-qty="1" novalidate="novalidate" promoCode="" promoNumber="" data-is-customized="false" data-cart-url="/cart/product/20771686_EA" data-csrf-token="5582ec01-90c0-448b-b4f7-e2cf68d9f8a0" data-is-weighted-product="false">

            <div class="module-add-to-cart " data-change-type="plus" data-auto-edit="true" data-auto-add="true" data-cart-ajax-url="/cart/updateCart">
                <div class="wrapper-add-to-cart-btn">
                    <div class="module-add-to-cart-button-small">
                        <button type="button" class="btn btn-secondary btn-add-to-cart " data-auid="add-to-cart-button" data-has-pts-badge="false" aria-label="Add Potato Chips, Ketchup to cart">
                            <span class="icon-cart"></span>
                            <span class="add-to-cart-text">
											Add</span>
                        </button>
                        <button type="button" class="btn btn-secondary btn-edit-cart hidden " aria-label="Edit Cart">
                            <span class="qty-in-cart"></span>
                            <span class="edit-cart-text">
											<spring code="product.edit.text" />"
										</span>
                        </button>
                        <div class="add-list-parent add-list-module  bottom-add-list-module ">
                            <button class="btn btn-inline-link btn-save-to-list  dark is-btn-animated" data-login-url="/account/login?productCode=20771686_EA" data-ajax-url="/restful/lists/all?productCode=20771686_EA" data-user-guest="Y" data-user-guest="Y" data-product-code="20771686_EA" data-delete-item="false" aria-label="Add Potato Chips, Ketchup to a List">
                                <span class="glyphicon glyphicon-th-list"></span>
                                <div class="list-cta-text  is-btn-animated">Add to List</div>
                            </button>

                            <!-- this is the list HTML   -->
                            <div class="save-to-list-popup  is-btn-animated animation-up dark" data-save-to-list-error="Can not get lists at this time. Please try again later." data-product-name="Potato Chips, Ketchup">
                                <div class="inner-container">
                                </div>

                            </div>
                        </div>

                    </div>
                </div>
            </div>

            <div class="module-plus-minus-buttons small hidden ">
                <button type="button" class="btn cart-change-qty" data-change-type="minus" data-auid="decrease-product-quantity" alt="Minus" aria-label="Minus">
                    <span class="icon-minimize"></span>
                </button>
                <div class="plus-minus-input-wrapper">
                    <input class="input-qty cart-change-qty" aria-label="Enter manual quantity" type="text" name="qty" title="Change quantity in cart" data-unit-type="ea" value="1ea" data-change-type="equals" maxlength="7">

                    <span class="input-qty-pretty">
							<span class="input-qty-pretty-value">1</span>
                    <span class="input-qty-pretty-unit"></span>
                    </span>
                </div>

                <button type="button" class="btn cart-change-qty" data-change-type="plus" data-auid="increase-product-quantity" alt="Plus" aria-label="Plus">
                    <span class="icon-plus-sign"></span>
                </button>

                <p class="deal-limit-reached hidden">Deal Limit Reached</p>

                <div class="tooltip-qty-error tooltip-qty-limit hidden">
                    <p>
                        Limit to &nbsp; 999 &nbsp;each&nbsp; per customer.</p>
                </div>
                <div class="tooltip-qty-error tooltip-round-error hidden">
                    <p>
                        We do not have this in the weight you wanted. We've rounded your order to the nearest weight increment we stock.</p>
                </div>
            </div>
        </form>

        <!-- End Template: AddToCartSmall -->

    </div>
</div>
<div class="item">

    <div class="module-grocery-product quickview-simple  clicked" data-quickview-ajax-url="/p/20309893002_EA/quickViewProduct" data-product-id="20309893002_EA" data-product-price="$4.98">

        <span class="subtitle"></span>

        <div class="product-page-hotspot">
            <div class="product-cell quickview-button">
                <div class="product-image ">

                    <img src="https://assets.shop.loblaws.ca/products/20309893002/b1/en/front/20309893002_front_a01.png" onerror="this.src='https://assets.shop.loblaws.ca/products/NoImage/b1/en/front/NoImage_front_a01_@2.png';" alt="Krinkle Cut Potato Chips, Salted" />

                    <div class="hover-text-container">
                        <button href="#" tabindex="0" class="hover-text " aria-label="Quick View for Krinkle Cut Potato Chips, Salted.">Quick View</button>
                    </div>
                </div>
            </div>

            <div class="product-in-cart">
                <div class="wrapper-product-in-cart">
                    <span>
	  			    In Cart
	  		    </span>
                </div>
            </div>

            <div class="product-info">
                <div class="product-name-wrapper">
                    <a href="/Food/Natural-%26-Organic/Pantry/Snacks-%26-Candy/Krinkle-Cut-Potato-Chips%2C-Salted/p/20309893002_EA" class="product-name" aria-label="Product page for Krinkle Cut Potato Chips, Salted">
                        <span class="js-product-entry-brand">Kettle&nbsp;</span>

                        <span class="js-product-entry-name">Krinkle Cut Potato Chips, Salted</span>

                        <span class="js-product-entry-size-detail">(397 g)</span>

                    </a>
                </div>

                <span class="ad-match-badge  hidden">Ad Match</span>

                <div class="price">
                    <div class="price-wrapper no-discount  ">
                        <span class="reg-price  " aria-label="Regular Price: $4.98">
					    <span class="reg-price-text">$4.98</span>

                        <sup class="reg-price-unit">ea</sup>
                        </span>
                        <span class="sale-price hidden" aria-label="Sale Price:">
					    <span class="sale-price-text"></span>
                        <sup class="sale-price-unit">ea</sup>
                        </span>

                        <span class="secondary-price hidden">

					    <span class="secondary-price-text" aria-label="Secondary Price:"></span>
                        </span>
                    </div>
                </div>

                <div class="qty">
                    <span class="reg-qty  ">

		  		<span class="sr-only">Sale Price Per Unit:</span> $1.25 / 100 g

                    </span>

                    <span class="sale-qty hidden">

		  		<span class="sr-only">Sale Price Per Unit:</span> $1.25 / 100 g

                    </span>

                    <span class="secondary-qty hidden">

	  	<span class="secondary-qty-text"></span>
                    </span>
                </div>
            </div>

        </div>
        <form class="form-product  quickview-btn-simple" data-product-id="20309893002_EA" data-min-qty="1.0" data-max-qty="999.0" data-unit-type="ea" data-cart-qty="1" data-default-qty="1" novalidate="novalidate" promoCode="" promoNumber="" data-is-customized="false" data-cart-url="/cart/product/20309893002_EA" data-csrf-token="5582ec01-90c0-448b-b4f7-e2cf68d9f8a0" data-is-weighted-product="false">

            <div class="module-add-to-cart " data-change-type="plus" data-auto-edit="true" data-auto-add="true" data-cart-ajax-url="/cart/updateCart">
                <div class="wrapper-add-to-cart-btn">
                    <div class="module-add-to-cart-button-small">
                        <button type="button" class="btn btn-secondary btn-add-to-cart " data-auid="add-to-cart-button" data-has-pts-badge="false" aria-label="Add Krinkle Cut Potato Chips, Salted to cart">
                            <span class="icon-cart"></span>
                            <span class="add-to-cart-text">
											Add</span>
                        </button>
                        <button type="button" class="btn btn-secondary btn-edit-cart hidden " aria-label="Edit Cart">
                            <span class="qty-in-cart"></span>
                            <span class="edit-cart-text">
											<spring code="product.edit.text" />"
										</span>
                        </button>
                        <div class="add-list-parent add-list-module  bottom-add-list-module ">
                            <button class="btn btn-inline-link btn-save-to-list  dark is-btn-animated" data-login-url="/account/login?productCode=20309893002_EA" data-ajax-url="/restful/lists/all?productCode=20309893002_EA" data-user-guest="Y" data-user-guest="Y" data-product-code="20309893002_EA" data-delete-item="false" aria-label="Add Krinkle Cut Potato Chips, Salted to a List">
                                <span class="glyphicon glyphicon-th-list"></span>
                                <div class="list-cta-text  is-btn-animated">Add to List</div>
                            </button>

                            <!-- this is the list HTML   -->
                            <div class="save-to-list-popup  is-btn-animated animation-up dark" data-save-to-list-error="Can not get lists at this time. Please try again later." data-product-name="Krinkle Cut Potato Chips, Salted">
                                <div class="inner-container">
                                </div>

                            </div>
                        </div>

                    </div>
                </div>
            </div>

            <div class="module-plus-minus-buttons small hidden ">
                <button type="button" class="btn cart-change-qty" data-change-type="minus" data-auid="decrease-product-quantity" alt="Minus" aria-label="Minus">
                    <span class="icon-minimize"></span>
                </button>
                <div class="plus-minus-input-wrapper">
                    <input class="input-qty cart-change-qty" aria-label="Enter manual quantity" type="text" name="qty" title="Change quantity in cart" data-unit-type="ea" value="1ea" data-change-type="equals" maxlength="7">

                    <span class="input-qty-pretty">
							<span class="input-qty-pretty-value">1</span>
                    <span class="input-qty-pretty-unit"></span>
                    </span>
                </div>

                <button type="button" class="btn cart-change-qty" data-change-type="plus" data-auid="increase-product-quantity" alt="Plus" aria-label="Plus">
                    <span class="icon-plus-sign"></span>
                </button>

                <p class="deal-limit-reached hidden">Deal Limit Reached</p>

                <div class="tooltip-qty-error tooltip-qty-limit hidden">
                    <p>
                        Limit to &nbsp; 999 &nbsp;each&nbsp; per customer.</p>
                </div>
                <div class="tooltip-qty-error tooltip-round-error hidden">
                    <p>
                        We do not have this in the weight you wanted. We've rounded your order to the nearest weight increment we stock.</p>
                </div>
            </div>
        </form>

        <!-- End Template: AddToCartSmall -->

    </div>
</div>
<div class="item">

    <div class="module-grocery-product quickview-simple  clicked" data-quickview-ajax-url="/p/20302765_EA/quickViewProduct" data-product-id="20302765_EA" data-product-price="$2.98">

        <span class="subtitle"></span>

        <div class="product-page-hotspot">
            <div class="product-cell quickview-button">
                <div class="product-image ">

                    <img src="https://assets.shop.loblaws.ca/products/20302765/b1/en/front/20302765_front_a01.png" onerror="this.src='https://assets.shop.loblaws.ca/products/NoImage/b1/en/front/NoImage_front_a01_@2.png';" alt="Tortilla Bite Size Round Premium White Corn Tortilla Chips" />

                    <div class="hover-text-container">
                        <button href="#" tabindex="0" class="hover-text " aria-label="Quick View for Tortilla Bite Size Round Premium White Corn Tortilla Chips.">Quick View</button>
                    </div>
                </div>
            </div>

            <div class="product-in-cart">
                <div class="wrapper-product-in-cart">
                    <span>
	  			    In Cart
	  		    </span>
                </div>
            </div>

            <div class="product-info">
                <div class="product-name-wrapper">
                    <a href="/Food/Pantry/Chips-%26-Salty-Snacks/Tortilla-Chips/Tortilla-Bite-Size-Round-Premium-White-Corn-Tortilla-Chips/p/20302765_EA" class="product-name" aria-label="Product page for Tortilla Bite Size Round Premium White Corn Tortilla Chips">
                        <span class="js-product-entry-brand">President's Choice&nbsp;</span>

                        <span class="js-product-entry-name">Tortilla Bite Size Round Premium White Corn Tortilla Chips</span>

                        <span class="js-product-entry-size-detail">(350 g)</span>

                    </a>
                </div>

                <span class="ad-match-badge  hidden">Ad Match</span>

                <div class="price">
                    <div class="price-wrapper no-discount  ">
                        <span class="reg-price  " aria-label="Regular Price: $2.98">
					    <span class="reg-price-text">$2.98</span>

                        <sup class="reg-price-unit">ea</sup>
                        </span>
                        <span class="sale-price hidden" aria-label="Sale Price:">
					    <span class="sale-price-text"></span>
                        <sup class="sale-price-unit">ea</sup>
                        </span>

                        <span class="secondary-price hidden">

					    <span class="secondary-price-text" aria-label="Secondary Price:"></span>
                        </span>
                    </div>
                </div>

                <div class="qty">
                    <span class="reg-qty  ">

		  		<span class="sr-only">Sale Price Per Unit:</span> $0.85 / 100 g

                    </span>

                    <span class="sale-qty hidden">

		  		<span class="sr-only">Sale Price Per Unit:</span> $0.85 / 100 g

                    </span>

                    <span class="secondary-qty hidden">

	  	<span class="secondary-qty-text"></span>
                    </span>
                </div>
            </div>

        </div>
        <form class="form-product  quickview-btn-simple" data-product-id="20302765_EA" data-min-qty="1.0" data-max-qty="999.0" data-unit-type="ea" data-cart-qty="1" data-default-qty="1" novalidate="novalidate" promoCode="" promoNumber="" data-is-customized="false" data-cart-url="/cart/product/20302765_EA" data-csrf-token="5582ec01-90c0-448b-b4f7-e2cf68d9f8a0" data-is-weighted-product="false">

            <div class="module-add-to-cart " data-change-type="plus" data-auto-edit="true" data-auto-add="true" data-cart-ajax-url="/cart/updateCart">
                <div class="wrapper-add-to-cart-btn">
                    <div class="module-add-to-cart-button-small">
                        <button type="button" class="btn btn-secondary btn-add-to-cart " data-auid="add-to-cart-button" data-has-pts-badge="false" aria-label="Add Tortilla Bite Size Round Premium White Corn Tortilla Chips to cart">
                            <span class="icon-cart"></span>
                            <span class="add-to-cart-text">
											Add</span>
                        </button>
                        <button type="button" class="btn btn-secondary btn-edit-cart hidden " aria-label="Edit Cart">
                            <span class="qty-in-cart"></span>
                            <span class="edit-cart-text">
											<spring code="product.edit.text" />"
										</span>
                        </button>
                        <div class="add-list-parent add-list-module  bottom-add-list-module ">
                            <button class="btn btn-inline-link btn-save-to-list  dark is-btn-animated" data-login-url="/account/login?productCode=20302765_EA" data-ajax-url="/restful/lists/all?productCode=20302765_EA" data-user-guest="Y" data-user-guest="Y" data-product-code="20302765_EA" data-delete-item="false" aria-label="Add Tortilla Bite Size Round Premium White Corn Tortilla Chips to a List">
                                <span class="glyphicon glyphicon-th-list"></span>
                                <div class="list-cta-text  is-btn-animated">Add to List</div>
                            </button>

                            <!-- this is the list HTML   -->
                            <div class="save-to-list-popup  is-btn-animated animation-up dark" data-save-to-list-error="Can not get lists at this time. Please try again later." data-product-name="Tortilla Bite Size Round Premium White Corn Tortilla Chips">
                                <div class="inner-container">
                                </div>

                            </div>
                        </div>

                    </div>
                </div>
            </div>

            <div class="module-plus-minus-buttons small hidden ">
                <button type="button" class="btn cart-change-qty" data-change-type="minus" data-auid="decrease-product-quantity" alt="Minus" aria-label="Minus">
                    <span class="icon-minimize"></span>
                </button>
                <div class="plus-minus-input-wrapper">
                    <input class="input-qty cart-change-qty" aria-label="Enter manual quantity" type="text" name="qty" title="Change quantity in cart" data-unit-type="ea" value="1ea" data-change-type="equals" maxlength="7">

                    <span class="input-qty-pretty">
							<span class="input-qty-pretty-value">1</span>
                    <span class="input-qty-pretty-unit"></span>
                    </span>
                </div>

                <button type="button" class="btn cart-change-qty" data-change-type="plus" data-auid="increase-product-quantity" alt="Plus" aria-label="Plus">
                    <span class="icon-plus-sign"></span>
                </button>

                <p class="deal-limit-reached hidden">Deal Limit Reached</p>

                <div class="tooltip-qty-error tooltip-qty-limit hidden">
                    <p>
                        Limit to &nbsp; 999 &nbsp;each&nbsp; per customer.</p>
                </div>
                <div class="tooltip-qty-error tooltip-round-error hidden">
                    <p>
                        We do not have this in the weight you wanted. We've rounded your order to the nearest weight increment we stock.</p>
                </div>
            </div>
        </form>

        <!-- End Template: AddToCartSmall -->

    </div>
</div>
<div class="item">

    <div class="module-grocery-product quickview-simple  clicked" data-quickview-ajax-url="/p/21082041_EA/quickViewProduct" data-product-id="21082041_EA" data-product-price="$3.98">

        <span class="subtitle"></span>

        <div class="product-page-hotspot">
            <div class="product-cell quickview-button">
                <div class="product-image ">

                    <img src="https://assets.shop.loblaws.ca/products/21082041/b1/en/front/21082041_front_a01.png" onerror="this.src='https://assets.shop.loblaws.ca/products/NoImage/b1/en/front/NoImage_front_a01_@2.png';" alt="Exotic Vegetable Chips Plantains Sea Salt" />

                    <span class="sticker deal">
	  				        <span class="deal-badge">

	  				            <span class="module-deal-badge module-deal-badge-grid simple-save-unit "
	  						        data-deal-type="$3.98 LIMIT 4"
	  						        data-ajax-promo-url="/simpleDeal/deals/product-tile?productCode=21082041_EA"
	  						        data-deal-id="21082041_EA">
	  						        <span class="deal-type">$3.98 LIMIT 4</span>

                    <span class="deal-expiry">
		Exp. 12/27
	</span>

                    </span>
                    </span>
                    </span>

                    <div class="hover-text-container">
                        <button href="#" tabindex="0" class="hover-text " aria-label="Quick View for Exotic Vegetable Chips Plantains Sea Salt.">Quick View</button>
                    </div>
                </div>
            </div>

            <div class="product-in-cart">
                <div class="wrapper-product-in-cart">
                    <span>
	  			    In Cart
	  		    </span>
                </div>
            </div>

            <div class="product-info">
                <div class="product-name-wrapper">
                    <a href="/Food/Pantry/Chips-%26-Salty-Snacks/Potato-Chips/Terra-Exotic-Vegetable-Chips-Plantains-Sea-Salt/p/21082041_EA" class="product-name" aria-label="Product page for Exotic Vegetable Chips Plantains Sea Salt">
                        <span class="js-product-entry-brand">Terra&nbsp;</span>

                        <span class="js-product-entry-name">Exotic Vegetable Chips Plantains Sea Salt</span>

                        <span class="js-product-entry-size-detail">(141 g)</span>

                    </a>
                </div>

                <span class="ad-match-badge  hidden">Ad Match</span>

                <div class="price">
                    <div class="price-wrapper no-discount promo-alert ">
                        <span class="reg-price  price-alert" aria-label="Regular Price: $3.98">
					    <span class="reg-price-text">$3.98</span>

                        <sup class="reg-price-unit">ea</sup>
                        </span>
                        <span class="sale-price hidden" aria-label="Sale Price:">
					    <span class="sale-price-text"></span>
                        <sup class="sale-price-unit">ea</sup>
                        </span>

                        <span class="secondary-price hidden">

					    <span class="secondary-price-text" aria-label="Secondary Price:"></span>
                        </span>
                    </div>
                </div>

                <div class="qty">
                    <span class="reg-qty  price-alert">

		  		<span class="sr-only">Sale Price Per Unit:</span> $2.82 / 100 g

                    </span>

                    <span class="sale-qty hidden">

		  		<span class="sr-only">Sale Price Per Unit:</span> $2.82 / 100 g

                    </span>

                    <span class="secondary-qty hidden">

	  	<span class="secondary-qty-text"></span>
                    </span>
                </div>
            </div>

        </div>
        <form class="form-product  quickview-btn-simple" data-product-id="21082041_EA" data-min-qty="1.0" data-max-qty="999.0" data-unit-type="ea" data-cart-qty="1" data-default-qty="1" novalidate="novalidate" promoCode="" promoNumber="" data-is-customized="false" data-cart-url="/cart/product/21082041_EA" data-csrf-token="5582ec01-90c0-448b-b4f7-e2cf68d9f8a0" data-is-weighted-product="false">

            <div class="module-add-to-cart " data-change-type="plus" data-auto-edit="true" data-auto-add="true" data-cart-ajax-url="/cart/updateCart">
                <div class="wrapper-add-to-cart-btn">
                    <div class="module-add-to-cart-button-small">
                        <button type="button" class="btn btn-secondary btn-add-to-cart " data-auid="add-to-cart-button" data-has-pts-badge="false" aria-label="Add Exotic Vegetable Chips Plantains Sea Salt to cart">
                            <span class="icon-cart"></span>
                            <span class="add-to-cart-text">
											Add</span>
                        </button>
                        <button type="button" class="btn btn-secondary btn-edit-cart hidden " aria-label="Edit Cart">
                            <span class="qty-in-cart"></span>
                            <span class="edit-cart-text">
											<spring code="product.edit.text" />"
										</span>
                        </button>
                        <div class="add-list-parent add-list-module  bottom-add-list-module ">
                            <button class="btn btn-inline-link btn-save-to-list  dark is-btn-animated" data-login-url="/account/login?productCode=21082041_EA" data-ajax-url="/restful/lists/all?productCode=21082041_EA" data-user-guest="Y" data-user-guest="Y" data-product-code="21082041_EA" data-delete-item="false" aria-label="Add Exotic Vegetable Chips Plantains Sea Salt to a List">
                                <span class="glyphicon glyphicon-th-list"></span>
                                <div class="list-cta-text  is-btn-animated">Add to List</div>
                            </button>

                            <!-- this is the list HTML   -->
                            <div class="save-to-list-popup  is-btn-animated animation-up dark" data-save-to-list-error="Can not get lists at this time. Please try again later." data-product-name="Exotic Vegetable Chips Plantains Sea Salt">
                                <div class="inner-container">
                                </div>

                            </div>
                        </div>

                    </div>
                </div>
            </div>

            <div class="module-plus-minus-buttons small hidden ">
                <button type="button" class="btn cart-change-qty" data-change-type="minus" data-auid="decrease-product-quantity" alt="Minus" aria-label="Minus">
                    <span class="icon-minimize"></span>
                </button>
                <div class="plus-minus-input-wrapper">
                    <input class="input-qty cart-change-qty" aria-label="Enter manual quantity" type="text" name="qty" title="Change quantity in cart" data-unit-type="ea" value="1ea" data-change-type="equals" maxlength="7">

                    <span class="input-qty-pretty">
							<span class="input-qty-pretty-value">1</span>
                    <span class="input-qty-pretty-unit"></span>
                    </span>
                </div>

                <button type="button" class="btn cart-change-qty" data-change-type="plus" data-auid="increase-product-quantity" alt="Plus" aria-label="Plus">
                    <span class="icon-plus-sign"></span>
                </button>

                <p class="deal-limit-reached hidden">Deal Limit Reached</p>

                <div class="tooltip-qty-error tooltip-qty-limit hidden">
                    <p>
                        Limit to &nbsp; 999 &nbsp;each&nbsp; per customer.</p>
                </div>
                <div class="tooltip-qty-error tooltip-round-error hidden">
                    <p>
                        We do not have this in the weight you wanted. We've rounded your order to the nearest weight increment we stock.</p>
                </div>
            </div>
        </form>

        <!-- End Template: AddToCartSmall -->

    </div>
</div>
<div class="item">

    <div class="module-grocery-product quickview-simple  clicked" data-quickview-ajax-url="/p/20501685001_EA/quickViewProduct" data-product-id="20501685001_EA" data-product-price="$3.98">

        <span class="subtitle"></span>

        <div class="product-page-hotspot">
            <div class="product-cell quickview-button">
                <div class="product-image ">

                    <img src="https://assets.shop.loblaws.ca/products/20501685001/b1/en/front/20501685001_front_a01.png" onerror="this.src='https://assets.shop.loblaws.ca/products/NoImage/b1/en/front/NoImage_front_a01_@2.png';" alt="Kettle Cooked Tortilla Chips, Sea Salt" />

                    <div class="hover-text-container">
                        <button href="#" tabindex="0" class="hover-text " aria-label="Quick View for Kettle Cooked Tortilla Chips, Sea Salt.">Quick View</button>
                    </div>
                </div>
            </div>

            <div class="product-in-cart">
                <div class="wrapper-product-in-cart">
                    <span>
	  			    In Cart
	  		    </span>
                </div>
            </div>

            <div class="product-info">
                <div class="product-name-wrapper">
                    <a href="/Food/Pantry/Chips-%26-Salty-Snacks/Tortilla-Chips/Kettle-Cooked-Tortilla-Chips%2C-Sea-Salt/p/20501685001_EA" class="product-name" aria-label="Product page for Kettle Cooked Tortilla Chips, Sea Salt">
                        <span class="js-product-entry-brand">President's Choice&nbsp;</span>

                        <span class="js-product-entry-name">Kettle Cooked Tortilla Chips, Sea Salt</span>

                        <span class="js-product-entry-size-detail">(368 g)</span>

                    </a>
                </div>

                <span class="ad-match-badge  hidden">Ad Match</span>

                <div class="price">
                    <div class="price-wrapper no-discount  ">
                        <span class="reg-price  " aria-label="Regular Price: $3.98">
					    <span class="reg-price-text">$3.98</span>

                        <sup class="reg-price-unit">ea</sup>
                        </span>
                        <span class="sale-price hidden" aria-label="Sale Price:">
					    <span class="sale-price-text"></span>
                        <sup class="sale-price-unit">ea</sup>
                        </span>

                        <span class="secondary-price hidden">

					    <span class="secondary-price-text" aria-label="Secondary Price:"></span>
                        </span>
                    </div>
                </div>

                <div class="qty">
                    <span class="reg-qty  ">

		  		<span class="sr-only">Sale Price Per Unit:</span> $1.08 / 100 g

                    </span>

                    <span class="sale-qty hidden">

		  		<span class="sr-only">Sale Price Per Unit:</span> $1.08 / 100 g

                    </span>

                    <span class="secondary-qty hidden">

	  	<span class="secondary-qty-text"></span>
                    </span>
                </div>
            </div>

        </div>
        <form class="form-product  quickview-btn-simple" data-product-id="20501685001_EA" data-min-qty="1.0" data-max-qty="999.0" data-unit-type="ea" data-cart-qty="1" data-default-qty="1" novalidate="novalidate" promoCode="" promoNumber="" data-is-customized="false" data-cart-url="/cart/product/20501685001_EA" data-csrf-token="5582ec01-90c0-448b-b4f7-e2cf68d9f8a0" data-is-weighted-product="false">

            <div class="module-add-to-cart " data-change-type="plus" data-auto-edit="true" data-auto-add="true" data-cart-ajax-url="/cart/updateCart">
                <div class="wrapper-add-to-cart-btn">
                    <div class="module-add-to-cart-button-small">
                        <button type="button" class="btn btn-secondary btn-add-to-cart " data-auid="add-to-cart-button" data-has-pts-badge="false" aria-label="Add Kettle Cooked Tortilla Chips, Sea Salt to cart">
                            <span class="icon-cart"></span>
                            <span class="add-to-cart-text">
											Add</span>
                        </button>
                        <button type="button" class="btn btn-secondary btn-edit-cart hidden " aria-label="Edit Cart">
                            <span class="qty-in-cart"></span>
                            <span class="edit-cart-text">
											<spring code="product.edit.text" />"
										</span>
                        </button>
                        <div class="add-list-parent add-list-module  bottom-add-list-module ">
                            <button class="btn btn-inline-link btn-save-to-list  dark is-btn-animated" data-login-url="/account/login?productCode=20501685001_EA" data-ajax-url="/restful/lists/all?productCode=20501685001_EA" data-user-guest="Y" data-user-guest="Y" data-product-code="20501685001_EA" data-delete-item="false" aria-label="Add Kettle Cooked Tortilla Chips, Sea Salt to a List">
                                <span class="glyphicon glyphicon-th-list"></span>
                                <div class="list-cta-text  is-btn-animated">Add to List</div>
                            </button>

                            <!-- this is the list HTML   -->
                            <div class="save-to-list-popup  is-btn-animated animation-up dark" data-save-to-list-error="Can not get lists at this time. Please try again later." data-product-name="Kettle Cooked Tortilla Chips, Sea Salt">
                                <div class="inner-container">
                                </div>

                            </div>
                        </div>

                    </div>
                </div>
            </div>

            <div class="module-plus-minus-buttons small hidden ">
                <button type="button" class="btn cart-change-qty" data-change-type="minus" data-auid="decrease-product-quantity" alt="Minus" aria-label="Minus">
                    <span class="icon-minimize"></span>
                </button>
                <div class="plus-minus-input-wrapper">
                    <input class="input-qty cart-change-qty" aria-label="Enter manual quantity" type="text" name="qty" title="Change quantity in cart" data-unit-type="ea" value="1ea" data-change-type="equals" maxlength="7">

                    <span class="input-qty-pretty">
							<span class="input-qty-pretty-value">1</span>
                    <span class="input-qty-pretty-unit"></span>
                    </span>
                </div>

                <button type="button" class="btn cart-change-qty" data-change-type="plus" data-auid="increase-product-quantity" alt="Plus" aria-label="Plus">
                    <span class="icon-plus-sign"></span>
                </button>

                <p class="deal-limit-reached hidden">Deal Limit Reached</p>

                <div class="tooltip-qty-error tooltip-qty-limit hidden">
                    <p>
                        Limit to &nbsp; 999 &nbsp;each&nbsp; per customer.</p>
                </div>
                <div class="tooltip-qty-error tooltip-round-error hidden">
                    <p>
                        We do not have this in the weight you wanted. We've rounded your order to the nearest weight increment we stock.</p>
                </div>
            </div>
        </form>

        <!-- End Template: AddToCartSmall -->

    </div>
</div>
<div class="item">

    <div class="module-grocery-product quickview-simple  clicked" data-quickview-ajax-url="/p/20312701_EA/quickViewProduct" data-product-id="20312701_EA" data-product-price="$1.18">

        <span class="subtitle"></span>

        <div class="product-page-hotspot">
            <div class="product-cell quickview-button">
                <div class="product-image ">

                    <img src="https://assets.shop.loblaws.ca/products/20312701/b1/en/front/20312701_front_a01.png" onerror="this.src='https://assets.shop.loblaws.ca/products/NoImage/b1/en/front/NoImage_front_a01_@2.png';" alt="Ripple Cut Potato Chips" />

                    <div class="hover-text-container">
                        <button href="#" tabindex="0" class="hover-text " aria-label="Quick View for Ripple Cut Potato Chips.">Quick View</button>
                    </div>
                </div>
            </div>

            <div class="product-in-cart">
                <div class="wrapper-product-in-cart">
                    <span>
	  			    In Cart
	  		    </span>
                </div>
            </div>

            <div class="product-info">
                <div class="product-name-wrapper">
                    <a href="/Food/Pantry/Chips-%26-Salty-Snacks/Potato-Chips/Ripple-Cut-Potato-Chips/p/20312701_EA" class="product-name" aria-label="Product page for Ripple Cut Potato Chips">
                        <span class="js-product-entry-brand">No Name&nbsp;</span>

                        <span class="js-product-entry-name">Ripple Cut Potato Chips</span>

                        <span class="js-product-entry-size-detail">(200 g)</span>

                    </a>
                </div>

                <span class="ad-match-badge  hidden">Ad Match</span>

                <div class="price">
                    <div class="price-wrapper no-discount  ">
                        <span class="reg-price  " aria-label="Regular Price: $1.18">
					    <span class="reg-price-text">$1.18</span>

                        <sup class="reg-price-unit">ea</sup>
                        </span>
                        <span class="sale-price hidden" aria-label="Sale Price:">
					    <span class="sale-price-text"></span>
                        <sup class="sale-price-unit">ea</sup>
                        </span>

                        <span class="secondary-price hidden">

					    <span class="secondary-price-text" aria-label="Secondary Price:"></span>
                        </span>
                    </div>
                </div>

                <div class="qty">
                    <span class="reg-qty  ">

		  		<span class="sr-only">Sale Price Per Unit:</span> $0.59 / 100 g

                    </span>

                    <span class="sale-qty hidden">

		  		<span class="sr-only">Sale Price Per Unit:</span> $0.59 / 100 g

                    </span>

                    <span class="secondary-qty hidden">

	  	<span class="secondary-qty-text"></span>
                    </span>
                </div>
            </div>

        </div>
        <form class="form-product  quickview-btn-simple" data-product-id="20312701_EA" data-min-qty="1.0" data-max-qty="999.0" data-unit-type="ea" data-cart-qty="1" data-default-qty="1" novalidate="novalidate" promoCode="" promoNumber="" data-is-customized="false" data-cart-url="/cart/product/20312701_EA" data-csrf-token="5582ec01-90c0-448b-b4f7-e2cf68d9f8a0" data-is-weighted-product="false">

            <div class="module-add-to-cart " data-change-type="plus" data-auto-edit="true" data-auto-add="true" data-cart-ajax-url="/cart/updateCart">
                <div class="wrapper-add-to-cart-btn">
                    <div class="module-add-to-cart-button-small">
                        <button type="button" class="btn btn-secondary btn-add-to-cart " data-auid="add-to-cart-button" data-has-pts-badge="false" aria-label="Add Ripple Cut Potato Chips to cart">
                            <span class="icon-cart"></span>
                            <span class="add-to-cart-text">
											Add</span>
                        </button>
                        <button type="button" class="btn btn-secondary btn-edit-cart hidden " aria-label="Edit Cart">
                            <span class="qty-in-cart"></span>
                            <span class="edit-cart-text">
											<spring code="product.edit.text" />"
										</span>
                        </button>
                        <div class="add-list-parent add-list-module  bottom-add-list-module ">
                            <button class="btn btn-inline-link btn-save-to-list  dark is-btn-animated" data-login-url="/account/login?productCode=20312701_EA" data-ajax-url="/restful/lists/all?productCode=20312701_EA" data-user-guest="Y" data-user-guest="Y" data-product-code="20312701_EA" data-delete-item="false" aria-label="Add Ripple Cut Potato Chips to a List">
                                <span class="glyphicon glyphicon-th-list"></span>
                                <div class="list-cta-text  is-btn-animated">Add to List</div>
                            </button>

                            <!-- this is the list HTML   -->
                            <div class="save-to-list-popup  is-btn-animated animation-up dark" data-save-to-list-error="Can not get lists at this time. Please try again later." data-product-name="Ripple Cut Potato Chips">
                                <div class="inner-container">
                                </div>

                            </div>
                        </div>

                    </div>
                </div>
            </div>

            <div class="module-plus-minus-buttons small hidden ">
                <button type="button" class="btn cart-change-qty" data-change-type="minus" data-auid="decrease-product-quantity" alt="Minus" aria-label="Minus">
                    <span class="icon-minimize"></span>
                </button>
                <div class="plus-minus-input-wrapper">
                    <input class="input-qty cart-change-qty" aria-label="Enter manual quantity" type="text" name="qty" title="Change quantity in cart" data-unit-type="ea" value="1ea" data-change-type="equals" maxlength="7">

                    <span class="input-qty-pretty">
							<span class="input-qty-pretty-value">1</span>
                    <span class="input-qty-pretty-unit"></span>
                    </span>
                </div>

                <button type="button" class="btn cart-change-qty" data-change-type="plus" data-auid="increase-product-quantity" alt="Plus" aria-label="Plus">
                    <span class="icon-plus-sign"></span>
                </button>

                <p class="deal-limit-reached hidden">Deal Limit Reached</p>

                <div class="tooltip-qty-error tooltip-qty-limit hidden">
                    <p>
                        Limit to &nbsp; 999 &nbsp;each&nbsp; per customer.</p>
                </div>
                <div class="tooltip-qty-error tooltip-round-error hidden">
                    <p>
                        We do not have this in the weight you wanted. We've rounded your order to the nearest weight increment we stock.</p>
                </div>
            </div>
        </form>

        <!-- End Template: AddToCartSmall -->

    </div>
</div>
<div class="item">

    <div class="module-grocery-product quickview-simple  clicked" data-quickview-ajax-url="/p/20140826_EA/quickViewProduct" data-product-id="20140826_EA" data-product-price="$2.18">

        <span class="subtitle"></span>

        <div class="product-page-hotspot">
            <div class="product-cell quickview-button">
                <div class="product-image ">

                    <img src="https://assets.shop.loblaws.ca/products/20140826/b1/en/front/20140826_front_a01.png" onerror="this.src='https://assets.shop.loblaws.ca/products/NoImage/b1/en/front/NoImage_front_a01_@2.png';" alt="Rings, Sour Cream & Onion" />

                    <span class="sticker deal">
	  				        <span class="deal-badge">

	  				            <span class="module-deal-badge module-deal-badge-grid simple-save-unit "
	  						        data-deal-type="2 FOR $3.92"
	  						        data-ajax-promo-url="/simpleDeal/deals/product-tile?productCode=20140826_EA"
	  						        data-deal-id="20140826_EA">
	  						        <span class="deal-type">2 FOR $3.92</span>

                    <span class="deal-expiry">
		Exp. 12/31
	</span>

                    </span>
                    </span>
                    </span>

                    <div class="hover-text-container">
                        <button href="#" tabindex="0" class="hover-text " aria-label="Quick View for Rings, Sour Cream & Onion.">Quick View</button>
                    </div>
                </div>
            </div>

            <div class="product-in-cart">
                <div class="wrapper-product-in-cart">
                    <span>
	  			    In Cart
	  		    </span>
                </div>
            </div>

            <div class="product-info">
                <div class="product-name-wrapper">
                    <a href="/Food/Pantry/Chips-%26-Salty-Snacks/Pretzels-%26-Snack-Mixes/No-Name-Rings%2C-Sour-Cream-%26-Onion/p/20140826_EA" class="product-name" aria-label="Product page for Rings, Sour Cream & Onion">
                        <span class="js-product-entry-brand">No Name&nbsp;</span>

                        <span class="js-product-entry-name">Rings, Sour Cream & Onion</span>

                        <span class="js-product-entry-size-detail">(200 g)</span>

                    </a>
                </div>

                <span class="ad-match-badge  hidden">Ad Match</span>

                <div class="price">
                    <div class="price-wrapper no-discount  ">
                        <span class="reg-price  " aria-label="Regular Price: $2.18">
					    <span class="reg-price-text">$2.18</span>

                        <sup class="reg-price-unit">ea</sup>
                        </span>
                        <span class="sale-price hidden" aria-label="Sale Price:">
					    <span class="sale-price-text"></span>
                        <sup class="sale-price-unit">ea</sup>
                        </span>

                        <span class="secondary-price hidden">

					    <span class="secondary-price-text" aria-label="Secondary Price:"></span>
                        </span>
                    </div>
                </div>

                <div class="qty">
                    <span class="reg-qty  ">

		  		<span class="sr-only">Sale Price Per Unit:</span> $1.09 / 100 g

                    </span>

                    <span class="sale-qty hidden">

		  		<span class="sr-only">Sale Price Per Unit:</span> $1.09 / 100 g

                    </span>

                    <span class="secondary-qty hidden">

	  	<span class="secondary-qty-text"></span>
                    </span>
                </div>
            </div>

        </div>
        <form class="form-product  quickview-btn-simple" data-product-id="20140826_EA" data-min-qty="1.0" data-max-qty="999.0" data-unit-type="ea" data-cart-qty="1" data-default-qty="1" novalidate="novalidate" promoCode="" promoNumber="" data-is-customized="false" data-cart-url="/cart/product/20140826_EA" data-csrf-token="5582ec01-90c0-448b-b4f7-e2cf68d9f8a0" data-is-weighted-product="false">

            <div class="module-add-to-cart " data-change-type="plus" data-auto-edit="true" data-auto-add="true" data-cart-ajax-url="/cart/updateCart">
                <div class="wrapper-add-to-cart-btn">
                    <div class="module-add-to-cart-button-small">
                        <button type="button" class="btn btn-secondary btn-add-to-cart " data-auid="add-to-cart-button" data-has-pts-badge="false" aria-label="Add Rings, Sour Cream & Onion to cart">
                            <span class="icon-cart"></span>
                            <span class="add-to-cart-text">
											Add</span>
                        </button>
                        <button type="button" class="btn btn-secondary btn-edit-cart hidden " aria-label="Edit Cart">
                            <span class="qty-in-cart"></span>
                            <span class="edit-cart-text">
											<spring code="product.edit.text" />"
										</span>
                        </button>
                        <div class="add-list-parent add-list-module  bottom-add-list-module ">
                            <button class="btn btn-inline-link btn-save-to-list  dark is-btn-animated" data-login-url="/account/login?productCode=20140826_EA" data-ajax-url="/restful/lists/all?productCode=20140826_EA" data-user-guest="Y" data-user-guest="Y" data-product-code="20140826_EA" data-delete-item="false" aria-label="Add Rings, Sour Cream & Onion to a List">
                                <span class="glyphicon glyphicon-th-list"></span>
                                <div class="list-cta-text  is-btn-animated">Add to List</div>
                            </button>

                            <!-- this is the list HTML   -->
                            <div class="save-to-list-popup  is-btn-animated animation-up dark" data-save-to-list-error="Can not get lists at this time. Please try again later." data-product-name="Rings, Sour Cream & Onion">
                                <div class="inner-container">
                                </div>

                            </div>
                        </div>

                    </div>
                </div>
            </div>

            <div class="module-plus-minus-buttons small hidden ">
                <button type="button" class="btn cart-change-qty" data-change-type="minus" data-auid="decrease-product-quantity" alt="Minus" aria-label="Minus">
                    <span class="icon-minimize"></span>
                </button>
                <div class="plus-minus-input-wrapper">
                    <input class="input-qty cart-change-qty" aria-label="Enter manual quantity" type="text" name="qty" title="Change quantity in cart" data-unit-type="ea" value="1ea" data-change-type="equals" maxlength="7">

                    <span class="input-qty-pretty">
							<span class="input-qty-pretty-value">1</span>
                    <span class="input-qty-pretty-unit"></span>
                    </span>
                </div>

                <button type="button" class="btn cart-change-qty" data-change-type="plus" data-auid="increase-product-quantity" alt="Plus" aria-label="Plus">
                    <span class="icon-plus-sign"></span>
                </button>

                <p class="deal-limit-reached hidden">Deal Limit Reached</p>

                <div class="tooltip-qty-error tooltip-qty-limit hidden">
                    <p>
                        Limit to &nbsp; 999 &nbsp;each&nbsp; per customer.</p>
                </div>
                <div class="tooltip-qty-error tooltip-round-error hidden">
                    <p>
                        We do not have this in the weight you wanted. We've rounded your order to the nearest weight increment we stock.</p>
                </div>
            </div>
        </form>

        <!-- End Template: AddToCartSmall -->

    </div>
</div>
<div class="item">

    <div class="module-grocery-product quickview-simple  clicked" data-quickview-ajax-url="/p/20990920_EA/quickViewProduct" data-product-id="20990920_EA" data-product-price="$2.47">

        <span class="subtitle"></span>

        <div class="product-page-hotspot">
            <div class="product-cell quickview-button">
                <div class="product-image ">

                    <img src="https://assets.shop.loblaws.ca/products/20990920/b1/en/front/20990920_front_a01.png" onerror="this.src='https://assets.shop.loblaws.ca/products/NoImage/b1/en/front/NoImage_front_a01_@2.png';" alt="Potato Chips, Chalet Sauce" />

                    <span class="sticker deal">
	  				    <span class="deal-badge">
	  					    <span class="module-deal-badge module-deal-badge-feature flyer expires undefined">
	  						    <span class="deal-type">
								    Flyer<br />
	  							    Item
	  						    </span>

                    <span class="deal-expiry">
		Exp. 12/19
	</span>

                    </span>
                    </span>
                    </span>

                    <div class="hover-text-container">
                        <button href="#" tabindex="0" class="hover-text " aria-label="Quick View for Potato Chips, Chalet Sauce.">Quick View</button>
                    </div>
                </div>
            </div>

            <div class="product-in-cart">
                <div class="wrapper-product-in-cart">
                    <span>
	  			    In Cart
	  		    </span>
                </div>
            </div>

            <div class="product-info">
                <div class="product-name-wrapper">
                    <a href="/Food/Pantry/Chips-%26-Salty-Snacks/Potato-Chips/Lay%27s-Potato-Chips%2C-Chalet-Sauce/p/20990920_EA" class="product-name" aria-label="Product page for Potato Chips, Chalet Sauce">
                        <span class="js-product-entry-brand">Lay's&nbsp;</span>

                        <span class="js-product-entry-name">Potato Chips, Chalet Sauce</span>

                        <span class="js-product-entry-size-detail">(255 g)</span>

                    </a>
                </div>

                <span class="ad-match-badge  hidden">Ad Match</span>

                <div class="price">
                    <div class="price-wrapper no-discount  ">
                        <span class="reg-price  " aria-label="Regular Price: $2.47">
					    <span class="reg-price-text">$2.47</span>

                        <sup class="reg-price-unit">ea</sup>
                        </span>
                        <span class="sale-price hidden" aria-label="Sale Price:">
					    <span class="sale-price-text"></span>
                        <sup class="sale-price-unit">ea</sup>
                        </span>

                        <span class="secondary-price hidden">

					    <span class="secondary-price-text" aria-label="Secondary Price:"></span>
                        </span>
                    </div>
                </div>

                <div class="qty">
                    <span class="reg-qty  ">

		  		<span class="sr-only">Sale Price Per Unit:</span> $0.97 / 100 g

                    </span>

                    <span class="sale-qty hidden">

		  		<span class="sr-only">Sale Price Per Unit:</span> $0.97 / 100 g

                    </span>

                    <span class="secondary-qty hidden">

	  	<span class="secondary-qty-text"></span>
                    </span>
                </div>
            </div>

        </div>
        <form class="form-product  quickview-btn-simple" data-product-id="20990920_EA" data-min-qty="1.0" data-max-qty="999.0" data-unit-type="ea" data-cart-qty="1" data-default-qty="1" novalidate="novalidate" promoCode="" promoNumber="" data-is-customized="false" data-cart-url="/cart/product/20990920_EA" data-csrf-token="5582ec01-90c0-448b-b4f7-e2cf68d9f8a0" data-is-weighted-product="false">

            <div class="module-add-to-cart " data-change-type="plus" data-auto-edit="true" data-auto-add="true" data-cart-ajax-url="/cart/updateCart">
                <div class="wrapper-add-to-cart-btn">
                    <div class="module-add-to-cart-button-small">
                        <button type="button" class="btn btn-secondary btn-add-to-cart " data-auid="add-to-cart-button" data-has-pts-badge="false" aria-label="Add Potato Chips, Chalet Sauce to cart">
                            <span class="icon-cart"></span>
                            <span class="add-to-cart-text">
											Add</span>
                        </button>
                        <button type="button" class="btn btn-secondary btn-edit-cart hidden " aria-label="Edit Cart">
                            <span class="qty-in-cart"></span>
                            <span class="edit-cart-text">
											<spring code="product.edit.text" />"
										</span>
                        </button>
                        <div class="add-list-parent add-list-module  bottom-add-list-module ">
                            <button class="btn btn-inline-link btn-save-to-list  dark is-btn-animated" data-login-url="/account/login?productCode=20990920_EA" data-ajax-url="/restful/lists/all?productCode=20990920_EA" data-user-guest="Y" data-user-guest="Y" data-product-code="20990920_EA" data-delete-item="false" aria-label="Add Potato Chips, Chalet Sauce to a List">
                                <span class="glyphicon glyphicon-th-list"></span>
                                <div class="list-cta-text  is-btn-animated">Add to List</div>
                            </button>

                            <!-- this is the list HTML   -->
                            <div class="save-to-list-popup  is-btn-animated animation-up dark" data-save-to-list-error="Can not get lists at this time. Please try again later." data-product-name="Potato Chips, Chalet Sauce">
                                <div class="inner-container">
                                </div>

                            </div>
                        </div>

                    </div>
                </div>
            </div>

            <div class="module-plus-minus-buttons small hidden ">
                <button type="button" class="btn cart-change-qty" data-change-type="minus" data-auid="decrease-product-quantity" alt="Minus" aria-label="Minus">
                    <span class="icon-minimize"></span>
                </button>
                <div class="plus-minus-input-wrapper">
                    <input class="input-qty cart-change-qty" aria-label="Enter manual quantity" type="text" name="qty" title="Change quantity in cart" data-unit-type="ea" value="1ea" data-change-type="equals" maxlength="7">

                    <span class="input-qty-pretty">
							<span class="input-qty-pretty-value">1</span>
                    <span class="input-qty-pretty-unit"></span>
                    </span>
                </div>

                <button type="button" class="btn cart-change-qty" data-change-type="plus" data-auid="increase-product-quantity" alt="Plus" aria-label="Plus">
                    <span class="icon-plus-sign"></span>
                </button>

                <p class="deal-limit-reached hidden">Deal Limit Reached</p>

                <div class="tooltip-qty-error tooltip-qty-limit hidden">
                    <p>
                        Limit to &nbsp; 999 &nbsp;each&nbsp; per customer.</p>
                </div>
                <div class="tooltip-qty-error tooltip-round-error hidden">
                    <p>
                        We do not have this in the weight you wanted. We've rounded your order to the nearest weight increment we stock.</p>
                </div>
            </div>
        </form>

        <!-- End Template: AddToCartSmall -->

    </div>
</div>
<div class="item">

    <div class="module-grocery-product quickview-simple  clicked" data-quickview-ajax-url="/p/20760913_EA/quickViewProduct" data-product-id="20760913_EA" data-product-price="$3.28">

        <span class="subtitle"></span>

        <div class="product-page-hotspot">
            <div class="product-cell quickview-button">
                <div class="product-image ">

                    <img src="https://assets.shop.loblaws.ca/products/20760913/b1/en/front/20760913_front_a01.png" onerror="this.src='https://assets.shop.loblaws.ca/products/NoImage/b1/en/front/NoImage_front_a01_@2.png';" alt="Restaurante Tortilla Chips, Red & White" />

                    <div class="hover-text-container">
                        <button href="#" tabindex="0" class="hover-text " aria-label="Quick View for Restaurante Tortilla Chips, Red & White.">Quick View</button>
                    </div>
                </div>
            </div>

            <div class="product-in-cart">
                <div class="wrapper-product-in-cart">
                    <span>
	  			    In Cart
	  		    </span>
                </div>
            </div>

            <div class="product-info">
                <div class="product-name-wrapper">
                    <a href="/Food/Pantry/Chips-%26-Salty-Snacks/Tortilla-Chips/Restaurante-Tortilla-Chips%2C-Red-%26-White/p/20760913_EA" class="product-name" aria-label="Product page for Restaurante Tortilla Chips, Red & White">
                        <span class="js-product-entry-brand">Old Dutch&nbsp;</span>

                        <span class="js-product-entry-name">Restaurante Tortilla Chips, Red & White</span>

                        <span class="js-product-entry-size-detail">(300 g)</span>

                    </a>
                </div>

                <span class="ad-match-badge  hidden">Ad Match</span>

                <div class="price">
                    <div class="price-wrapper no-discount  ">
                        <span class="reg-price  " aria-label="Regular Price: $3.28">
					    <span class="reg-price-text">$3.28</span>

                        <sup class="reg-price-unit">ea</sup>
                        </span>
                        <span class="sale-price hidden" aria-label="Sale Price:">
					    <span class="sale-price-text"></span>
                        <sup class="sale-price-unit">ea</sup>
                        </span>

                        <span class="secondary-price hidden">

					    <span class="secondary-price-text" aria-label="Secondary Price:"></span>
                        </span>
                    </div>
                </div>

                <div class="qty">
                    <span class="reg-qty  ">

		  		<span class="sr-only">Sale Price Per Unit:</span> $1.09 / 100 g

                    </span>

                    <span class="sale-qty hidden">

		  		<span class="sr-only">Sale Price Per Unit:</span> $1.09 / 100 g

                    </span>

                    <span class="secondary-qty hidden">

	  	<span class="secondary-qty-text"></span>
                    </span>
                </div>
            </div>

        </div>
        <form class="form-product  quickview-btn-simple" data-product-id="20760913_EA" data-min-qty="1.0" data-max-qty="999.0" data-unit-type="ea" data-cart-qty="1" data-default-qty="1" novalidate="novalidate" promoCode="" promoNumber="" data-is-customized="false" data-cart-url="/cart/product/20760913_EA" data-csrf-token="5582ec01-90c0-448b-b4f7-e2cf68d9f8a0" data-is-weighted-product="false">

            <div class="module-add-to-cart " data-change-type="plus" data-auto-edit="true" data-auto-add="true" data-cart-ajax-url="/cart/updateCart">
                <div class="wrapper-add-to-cart-btn">
                    <div class="module-add-to-cart-button-small">
                        <button type="button" class="btn btn-secondary btn-add-to-cart " data-auid="add-to-cart-button" data-has-pts-badge="false" aria-label="Add Restaurante Tortilla Chips, Red & White to cart">
                            <span class="icon-cart"></span>
                            <span class="add-to-cart-text">
											Add</span>
                        </button>
                        <button type="button" class="btn btn-secondary btn-edit-cart hidden " aria-label="Edit Cart">
                            <span class="qty-in-cart"></span>
                            <span class="edit-cart-text">
											<spring code="product.edit.text" />"
										</span>
                        </button>
                        <div class="add-list-parent add-list-module  bottom-add-list-module ">
                            <button class="btn btn-inline-link btn-save-to-list  dark is-btn-animated" data-login-url="/account/login?productCode=20760913_EA" data-ajax-url="/restful/lists/all?productCode=20760913_EA" data-user-guest="Y" data-user-guest="Y" data-product-code="20760913_EA" data-delete-item="false" aria-label="Add Restaurante Tortilla Chips, Red & White to a List">
                                <span class="glyphicon glyphicon-th-list"></span>
                                <div class="list-cta-text  is-btn-animated">Add to List</div>
                            </button>

                            <!-- this is the list HTML   -->
                            <div class="save-to-list-popup  is-btn-animated animation-up dark" data-save-to-list-error="Can not get lists at this time. Please try again later." data-product-name="Restaurante Tortilla Chips, Red & White">
                                <div class="inner-container">
                                </div>

                            </div>
                        </div>

                    </div>
                </div>
            </div>

            <div class="module-plus-minus-buttons small hidden ">
                <button type="button" class="btn cart-change-qty" data-change-type="minus" data-auid="decrease-product-quantity" alt="Minus" aria-label="Minus">
                    <span class="icon-minimize"></span>
                </button>
                <div class="plus-minus-input-wrapper">
                    <input class="input-qty cart-change-qty" aria-label="Enter manual quantity" type="text" name="qty" title="Change quantity in cart" data-unit-type="ea" value="1ea" data-change-type="equals" maxlength="7">

                    <span class="input-qty-pretty">
							<span class="input-qty-pretty-value">1</span>
                    <span class="input-qty-pretty-unit"></span>
                    </span>
                </div>

                <button type="button" class="btn cart-change-qty" data-change-type="plus" data-auid="increase-product-quantity" alt="Plus" aria-label="Plus">
                    <span class="icon-plus-sign"></span>
                </button>

                <p class="deal-limit-reached hidden">Deal Limit Reached</p>

                <div class="tooltip-qty-error tooltip-qty-limit hidden">
                    <p>
                        Limit to &nbsp; 999 &nbsp;each&nbsp; per customer.</p>
                </div>
                <div class="tooltip-qty-error tooltip-round-error hidden">
                    <p>
                        We do not have this in the weight you wanted. We've rounded your order to the nearest weight increment we stock.</p>
                </div>
            </div>
        </form>

        <!-- End Template: AddToCartSmall -->

    </div>
</div>
<div class="item">

    <div class="module-grocery-product quickview-simple  clicked" data-quickview-ajax-url="/p/21058817_EA/quickViewProduct" data-product-id="21058817_EA" data-product-price="$2.48">

        <span class="subtitle"></span>

        <div class="product-page-hotspot">
            <div class="product-cell quickview-button">
                <div class="product-image ">

                    <img src="https://assets.shop.loblaws.ca/products/21058817/b1/en/front/21058817_front_a01.png" onerror="this.src='https://assets.shop.loblaws.ca/products/NoImage/b1/en/front/NoImage_front_a01_@2.png';" alt="Krinkle Cut Potato Chips, Dill Pickle" />

                    <span class="sticker deal">
	  				        <span class="deal-badge">

	  				            <span class="module-deal-badge module-deal-badge-grid simple-save-unit "
	  						        data-deal-type="$2.48 LIMIT 4"
	  						        data-ajax-promo-url="/simpleDeal/deals/product-tile?productCode=21058817_EA"
	  						        data-deal-id="21058817_EA">
	  						        <span class="deal-type">$2.48 LIMIT 4</span>

                    <span class="deal-expiry">
		Exp. 12/20
	</span>

                    </span>
                    </span>
                    </span>

                    <div class="hover-text-container">
                        <button href="#" tabindex="0" class="hover-text " aria-label="Quick View for Krinkle Cut Potato Chips, Dill Pickle.">Quick View</button>
                    </div>
                </div>
            </div>

            <div class="product-in-cart">
                <div class="wrapper-product-in-cart">
                    <span>
	  			    In Cart
	  		    </span>
                </div>
            </div>

            <div class="product-info">
                <div class="product-name-wrapper">
                    <a href="/Food/Pantry/Chips-%26-Salty-Snacks/Potato-Chips/Kettle-Krinkle-Cut-Potato-Chips%2C-Dill-Pickle/p/21058817_EA" class="product-name" aria-label="Product page for Krinkle Cut Potato Chips, Dill Pickle">
                        <span class="js-product-entry-brand">Kettle&nbsp;</span>

                        <span class="js-product-entry-name">Krinkle Cut Potato Chips, Dill Pickle</span>

                        <span class="js-product-entry-size-detail">(220 g)</span>

                    </a>
                </div>

                <span class="ad-match-badge  hidden">Ad Match</span>

                <div class="price">
                    <div class="price-wrapper no-discount promo-alert ">
                        <span class="reg-price  price-alert" aria-label="Regular Price: $2.48">
					    <span class="reg-price-text">$2.48</span>

                        <sup class="reg-price-unit">ea</sup>
                        </span>
                        <span class="sale-price hidden" aria-label="Sale Price:">
					    <span class="sale-price-text"></span>
                        <sup class="sale-price-unit">ea</sup>
                        </span>

                        <span class="secondary-price hidden">

					    <span class="secondary-price-text" aria-label="Secondary Price:"></span>
                        </span>
                    </div>
                </div>

                <div class="qty">
                    <span class="reg-qty  price-alert">

		  		<span class="sr-only">Sale Price Per Unit:</span> $1.13 / 100 g

                    </span>

                    <span class="sale-qty hidden">

		  		<span class="sr-only">Sale Price Per Unit:</span> $1.13 / 100 g

                    </span>

                    <span class="secondary-qty hidden">

	  	<span class="secondary-qty-text"></span>
                    </span>
                </div>
            </div>

        </div>
        <form class="form-product  quickview-btn-simple" data-product-id="21058817_EA" data-min-qty="1.0" data-max-qty="999.0" data-unit-type="ea" data-cart-qty="1" data-default-qty="1" novalidate="novalidate" promoCode="" promoNumber="" data-is-customized="false" data-cart-url="/cart/product/21058817_EA" data-csrf-token="5582ec01-90c0-448b-b4f7-e2cf68d9f8a0" data-is-weighted-product="false">

            <div class="module-add-to-cart " data-change-type="plus" data-auto-edit="true" data-auto-add="true" data-cart-ajax-url="/cart/updateCart">
                <div class="wrapper-add-to-cart-btn">
                    <div class="module-add-to-cart-button-small">
                        <button type="button" class="btn btn-secondary btn-add-to-cart " data-auid="add-to-cart-button" data-has-pts-badge="false" aria-label="Add Krinkle Cut Potato Chips, Dill Pickle to cart">
                            <span class="icon-cart"></span>
                            <span class="add-to-cart-text">
											Add</span>
                        </button>
                        <button type="button" class="btn btn-secondary btn-edit-cart hidden " aria-label="Edit Cart">
                            <span class="qty-in-cart"></span>
                            <span class="edit-cart-text">
											<spring code="product.edit.text" />"
										</span>
                        </button>
                        <div class="add-list-parent add-list-module  bottom-add-list-module ">
                            <button class="btn btn-inline-link btn-save-to-list  dark is-btn-animated" data-login-url="/account/login?productCode=21058817_EA" data-ajax-url="/restful/lists/all?productCode=21058817_EA" data-user-guest="Y" data-user-guest="Y" data-product-code="21058817_EA" data-delete-item="false" aria-label="Add Krinkle Cut Potato Chips, Dill Pickle to a List">
                                <span class="glyphicon glyphicon-th-list"></span>
                                <div class="list-cta-text  is-btn-animated">Add to List</div>
                            </button>

                            <!-- this is the list HTML   -->
                            <div class="save-to-list-popup  is-btn-animated animation-up dark" data-save-to-list-error="Can not get lists at this time. Please try again later." data-product-name="Krinkle Cut Potato Chips, Dill Pickle">
                                <div class="inner-container">
                                </div>

                            </div>
                        </div>

                    </div>
                </div>
            </div>

            <div class="module-plus-minus-buttons small hidden ">
                <button type="button" class="btn cart-change-qty" data-change-type="minus" data-auid="decrease-product-quantity" alt="Minus" aria-label="Minus">
                    <span class="icon-minimize"></span>
                </button>
                <div class="plus-minus-input-wrapper">
                    <input class="input-qty cart-change-qty" aria-label="Enter manual quantity" type="text" name="qty" title="Change quantity in cart" data-unit-type="ea" value="1ea" data-change-type="equals" maxlength="7">

                    <span class="input-qty-pretty">
							<span class="input-qty-pretty-value">1</span>
                    <span class="input-qty-pretty-unit"></span>
                    </span>
                </div>

                <button type="button" class="btn cart-change-qty" data-change-type="plus" data-auid="increase-product-quantity" alt="Plus" aria-label="Plus">
                    <span class="icon-plus-sign"></span>
                </button>

                <p class="deal-limit-reached hidden">Deal Limit Reached</p>

                <div class="tooltip-qty-error tooltip-qty-limit hidden">
                    <p>
                        Limit to &nbsp; 999 &nbsp;each&nbsp; per customer.</p>
                </div>
                <div class="tooltip-qty-error tooltip-round-error hidden">
                    <p>
                        We do not have this in the weight you wanted. We've rounded your order to the nearest weight increment we stock.</p>
                </div>
            </div>
        </form>

        <!-- End Template: AddToCartSmall -->

    </div>
</div>
<div class="item">

    <div class="module-grocery-product quickview-simple  clicked" data-quickview-ajax-url="/p/20977771_EA/quickViewProduct" data-product-id="20977771_EA" data-product-price="$2.98">

        <span class="subtitle"></span>

        <div class="product-page-hotspot">
            <div class="product-cell quickview-button">
                <div class="product-image ">

                    <img src="https://assets.shop.loblaws.ca/products/20977771/b1/en/front/20977771_front_a01.png" onerror="this.src='https://assets.shop.loblaws.ca/products/NoImage/b1/en/front/NoImage_front_a01_@2.png';" alt="Carrot Chips, Lightly Salted" />

                    <span class="sticker deal">
	  				        <span class="deal-badge">

	  				            <span class="module-deal-badge module-deal-badge-grid simple-save-unit "
	  						        data-deal-type="$2.98 LIMIT 4"
	  						        data-ajax-promo-url="/simpleDeal/deals/product-tile?productCode=20977771_EA"
	  						        data-deal-id="20977771_EA">
	  						        <span class="deal-type">$2.98 LIMIT 4</span>

                    <span class="deal-expiry">
		Exp. 12/27
	</span>

                    </span>
                    </span>
                    </span>

                    <div class="hover-text-container">
                        <button href="#" tabindex="0" class="hover-text " aria-label="Quick View for Carrot Chips, Lightly Salted.">Quick View</button>
                    </div>
                </div>
            </div>

            <div class="product-in-cart">
                <div class="wrapper-product-in-cart">
                    <span>
	  			    In Cart
	  		    </span>
                </div>
            </div>

            <div class="product-info">
                <div class="product-name-wrapper">
                    <a href="/Food/Pantry/Chips-%26-Salty-Snacks/Potato-Chips/Hardbite-Carrot-Chips%2C-Lightly-Salted/p/20977771_EA" class="product-name" aria-label="Product page for Carrot Chips, Lightly Salted">

                        <span class="js-product-entry-name">Carrot Chips, Lightly Salted</span>

                        <span class="js-product-entry-size-detail">(150 g)</span>

                    </a>
                </div>

                <span class="ad-match-badge  hidden">Ad Match</span>

                <div class="price">
                    <div class="price-wrapper no-discount promo-alert ">
                        <span class="reg-price  price-alert" aria-label="Regular Price: $2.98">
					    <span class="reg-price-text">$2.98</span>

                        <sup class="reg-price-unit">ea</sup>
                        </span>
                        <span class="sale-price hidden" aria-label="Sale Price:">
					    <span class="sale-price-text"></span>
                        <sup class="sale-price-unit">ea</sup>
                        </span>

                        <span class="secondary-price hidden">

					    <span class="secondary-price-text" aria-label="Secondary Price:"></span>
                        </span>
                    </div>
                </div>

                <div class="qty">
                    <span class="reg-qty  price-alert">

		  		<span class="sr-only">Sale Price Per Unit:</span> $1.99 / 100 g

                    </span>

                    <span class="sale-qty hidden">

		  		<span class="sr-only">Sale Price Per Unit:</span> $1.99 / 100 g

                    </span>

                    <span class="secondary-qty hidden">

	  	<span class="secondary-qty-text"></span>
                    </span>
                </div>
            </div>

        </div>
        <form class="form-product  quickview-btn-simple" data-product-id="20977771_EA" data-min-qty="1.0" data-max-qty="999.0" data-unit-type="ea" data-cart-qty="1" data-default-qty="1" novalidate="novalidate" promoCode="" promoNumber="" data-is-customized="false" data-cart-url="/cart/product/20977771_EA" data-csrf-token="5582ec01-90c0-448b-b4f7-e2cf68d9f8a0" data-is-weighted-product="false">

            <div class="module-add-to-cart " data-change-type="plus" data-auto-edit="true" data-auto-add="true" data-cart-ajax-url="/cart/updateCart">
                <div class="wrapper-add-to-cart-btn">
                    <div class="module-add-to-cart-button-small">
                        <button type="button" class="btn btn-secondary btn-add-to-cart " data-auid="add-to-cart-button" data-has-pts-badge="false" aria-label="Add Carrot Chips, Lightly Salted to cart">
                            <span class="icon-cart"></span>
                            <span class="add-to-cart-text">
											Add</span>
                        </button>
                        <button type="button" class="btn btn-secondary btn-edit-cart hidden " aria-label="Edit Cart">
                            <span class="qty-in-cart"></span>
                            <span class="edit-cart-text">
											<spring code="product.edit.text" />"
										</span>
                        </button>
                        <div class="add-list-parent add-list-module  bottom-add-list-module ">
                            <button class="btn btn-inline-link btn-save-to-list  dark is-btn-animated" data-login-url="/account/login?productCode=20977771_EA" data-ajax-url="/restful/lists/all?productCode=20977771_EA" data-user-guest="Y" data-user-guest="Y" data-product-code="20977771_EA" data-delete-item="false" aria-label="Add Carrot Chips, Lightly Salted to a List">
                                <span class="glyphicon glyphicon-th-list"></span>
                                <div class="list-cta-text  is-btn-animated">Add to List</div>
                            </button>

                            <!-- this is the list HTML   -->
                            <div class="save-to-list-popup  is-btn-animated animation-up dark" data-save-to-list-error="Can not get lists at this time. Please try again later." data-product-name="Carrot Chips, Lightly Salted">
                                <div class="inner-container">
                                </div>

                            </div>
                        </div>

                    </div>
                </div>
            </div>

            <div class="module-plus-minus-buttons small hidden ">
                <button type="button" class="btn cart-change-qty" data-change-type="minus" data-auid="decrease-product-quantity" alt="Minus" aria-label="Minus">
                    <span class="icon-minimize"></span>
                </button>
                <div class="plus-minus-input-wrapper">
                    <input class="input-qty cart-change-qty" aria-label="Enter manual quantity" type="text" name="qty" title="Change quantity in cart" data-unit-type="ea" value="1ea" data-change-type="equals" maxlength="7">

                    <span class="input-qty-pretty">
							<span class="input-qty-pretty-value">1</span>
                    <span class="input-qty-pretty-unit"></span>
                    </span>
                </div>

                <button type="button" class="btn cart-change-qty" data-change-type="plus" data-auid="increase-product-quantity" alt="Plus" aria-label="Plus">
                    <span class="icon-plus-sign"></span>
                </button>

                <p class="deal-limit-reached hidden">Deal Limit Reached</p>

                <div class="tooltip-qty-error tooltip-qty-limit hidden">
                    <p>
                        Limit to &nbsp; 999 &nbsp;each&nbsp; per customer.</p>
                </div>
                <div class="tooltip-qty-error tooltip-round-error hidden">
                    <p>
                        We do not have this in the weight you wanted. We've rounded your order to the nearest weight increment we stock.</p>
                </div>
            </div>
        </form>

        <!-- End Template: AddToCartSmall -->

    </div>
</div>
<div class="item">

    <div class="module-grocery-product quickview-simple  clicked" data-quickview-ajax-url="/p/20868465006_EA/quickViewProduct" data-product-id="20868465006_EA" data-product-price="$3.48">

        <span class="subtitle"></span>

        <div class="product-page-hotspot">
            <div class="product-cell quickview-button">
                <div class="product-image ">

                    <img src="https://assets.shop.loblaws.ca/products/20868465006/b1/en/front/20868465006_front_a01.png" onerror="this.src='https://assets.shop.loblaws.ca/products/NoImage/b1/en/front/NoImage_front_a01_@2.png';" alt="Rip-L Potato Chips, Lightly Salted" />

                    <span class="sticker deal">
	  				        <span class="deal-badge">

	  				            <span class="module-deal-badge module-deal-badge-grid simple-save-unit "
	  						        data-deal-type="2 FOR $5.00"
	  						        data-ajax-promo-url="/simpleDeal/deals/product-tile?productCode=20868465006_EA"
	  						        data-deal-id="20868465006_EA">
	  						        <span class="deal-type">2 FOR $5.00</span>

                    <span class="deal-expiry">
		Exp. 12/19
	</span>

                    </span>
                    </span>
                    </span>

                    <div class="hover-text-container">
                        <button href="#" tabindex="0" class="hover-text " aria-label="Quick View for Rip-L Potato Chips, Lightly Salted.">Quick View</button>
                    </div>
                </div>
            </div>

            <div class="product-in-cart">
                <div class="wrapper-product-in-cart">
                    <span>
	  			    In Cart
	  		    </span>
                </div>
            </div>

            <div class="product-info">
                <div class="product-name-wrapper">
                    <a href="/Food/Pantry/Chips-%26-Salty-Snacks/Potato-Chips/Old-Dutch-RIP-L-Rip-L-Potato-Chips%2C-Lightly-Salted/p/20868465006_EA" class="product-name" aria-label="Product page for Rip-L Potato Chips, Lightly Salted">
                        <span class="js-product-entry-brand">Old Dutch&nbsp;</span>

                        <span class="js-product-entry-name">Rip-L Potato Chips, Lightly Salted</span>

                        <span class="js-product-entry-size-detail">(255 g)</span>

                    </a>
                </div>

                <span class="ad-match-badge  hidden">Ad Match</span>

                <div class="price">
                    <div class="price-wrapper no-discount  ">
                        <span class="reg-price  " aria-label="Regular Price: $3.48">
					    <span class="reg-price-text">$3.48</span>

                        <sup class="reg-price-unit">ea</sup>
                        </span>
                        <span class="sale-price hidden" aria-label="Sale Price:">
					    <span class="sale-price-text"></span>
                        <sup class="sale-price-unit">ea</sup>
                        </span>

                        <span class="secondary-price hidden">

					    <span class="secondary-price-text" aria-label="Secondary Price:"></span>
                        </span>
                    </div>
                </div>

                <div class="qty">
                    <span class="reg-qty  ">

		  		<span class="sr-only">Sale Price Per Unit:</span> $1.36 / 100 g

                    </span>

                    <span class="sale-qty hidden">

		  		<span class="sr-only">Sale Price Per Unit:</span> $1.36 / 100 g

                    </span>

                    <span class="secondary-qty hidden">

	  	<span class="secondary-qty-text"></span>
                    </span>
                </div>
            </div>

        </div>
        <form class="form-product  quickview-btn-simple" data-product-id="20868465006_EA" data-min-qty="1.0" data-max-qty="999.0" data-unit-type="ea" data-cart-qty="1" data-default-qty="1" novalidate="novalidate" promoCode="" promoNumber="" data-is-customized="false" data-cart-url="/cart/product/20868465006_EA" data-csrf-token="5582ec01-90c0-448b-b4f7-e2cf68d9f8a0" data-is-weighted-product="false">

            <div class="module-add-to-cart " data-change-type="plus" data-auto-edit="true" data-auto-add="true" data-cart-ajax-url="/cart/updateCart">
                <div class="wrapper-add-to-cart-btn">
                    <div class="module-add-to-cart-button-small">
                        <button type="button" class="btn btn-secondary btn-add-to-cart " data-auid="add-to-cart-button" data-has-pts-badge="false" aria-label="Add Rip-L Potato Chips, Lightly Salted to cart">
                            <span class="icon-cart"></span>
                            <span class="add-to-cart-text">
											Add</span>
                        </button>
                        <button type="button" class="btn btn-secondary btn-edit-cart hidden " aria-label="Edit Cart">
                            <span class="qty-in-cart"></span>
                            <span class="edit-cart-text">
											<spring code="product.edit.text" />"
										</span>
                        </button>
                        <div class="add-list-parent add-list-module  bottom-add-list-module ">
                            <button class="btn btn-inline-link btn-save-to-list  dark is-btn-animated" data-login-url="/account/login?productCode=20868465006_EA" data-ajax-url="/restful/lists/all?productCode=20868465006_EA" data-user-guest="Y" data-user-guest="Y" data-product-code="20868465006_EA" data-delete-item="false" aria-label="Add Rip-L Potato Chips, Lightly Salted to a List">
                                <span class="glyphicon glyphicon-th-list"></span>
                                <div class="list-cta-text  is-btn-animated">Add to List</div>
                            </button>

                            <!-- this is the list HTML   -->
                            <div class="save-to-list-popup  is-btn-animated animation-up dark" data-save-to-list-error="Can not get lists at this time. Please try again later." data-product-name="Rip-L Potato Chips, Lightly Salted">
                                <div class="inner-container">
                                </div>

                            </div>
                        </div>

                    </div>
                </div>
            </div>

            <div class="module-plus-minus-buttons small hidden ">
                <button type="button" class="btn cart-change-qty" data-change-type="minus" data-auid="decrease-product-quantity" alt="Minus" aria-label="Minus">
                    <span class="icon-minimize"></span>
                </button>
                <div class="plus-minus-input-wrapper">
                    <input class="input-qty cart-change-qty" aria-label="Enter manual quantity" type="text" name="qty" title="Change quantity in cart" data-unit-type="ea" value="1ea" data-change-type="equals" maxlength="7">

                    <span class="input-qty-pretty">
							<span class="input-qty-pretty-value">1</span>
                    <span class="input-qty-pretty-unit"></span>
                    </span>
                </div>

                <button type="button" class="btn cart-change-qty" data-change-type="plus" data-auid="increase-product-quantity" alt="Plus" aria-label="Plus">
                    <span class="icon-plus-sign"></span>
                </button>

                <p class="deal-limit-reached hidden">Deal Limit Reached</p>

                <div class="tooltip-qty-error tooltip-qty-limit hidden">
                    <p>
                        Limit to &nbsp; 999 &nbsp;each&nbsp; per customer.</p>
                </div>
                <div class="tooltip-qty-error tooltip-round-error hidden">
                    <p>
                        We do not have this in the weight you wanted. We've rounded your order to the nearest weight increment we stock.</p>
                </div>
            </div>
        </form>

        <!-- End Template: AddToCartSmall -->

    </div>
</div>
<div class="item">

    <div class="module-grocery-product quickview-simple  clicked" data-quickview-ajax-url="/p/20590014002_EA/quickViewProduct" data-product-id="20590014002_EA" data-product-price="$3.98">

        <span class="subtitle"></span>

        <div class="product-page-hotspot">
            <div class="product-cell quickview-button">
                <div class="product-image ">

                    <img src="https://assets.shop.loblaws.ca/products/20590014002/b1/en/front/20590014002_front_a01.png" onerror="this.src='https://assets.shop.loblaws.ca/products/NoImage/b1/en/front/NoImage_front_a01_@2.png';" alt="Plentils Lentil Chips, Margherita Pizza" />

                    <div class="hover-text-container">
                        <button href="#" tabindex="0" class="hover-text " aria-label="Quick View for Plentils Lentil Chips, Margherita Pizza.">Quick View</button>
                    </div>
                </div>
            </div>

            <div class="product-in-cart">
                <div class="wrapper-product-in-cart">
                    <span>
	  			    In Cart
	  		    </span>
                </div>
            </div>

            <div class="product-info">
                <div class="product-name-wrapper">
                    <a href="/Food/Natural-%26-Organic/Pantry/Snacks-%26-Candy/Plentils-Lentil-Chips%2C-Margherita-Pizza/p/20590014002_EA" class="product-name" aria-label="Product page for Plentils Lentil Chips, Margherita Pizza">
                        <span class="js-product-entry-brand">Enjoy Life&nbsp;</span>

                        <span class="js-product-entry-name">Plentils Lentil Chips, Margherita Pizza</span>

                        <span class="js-product-entry-size-detail">(113 g)</span>

                    </a>
                </div>

                <span class="ad-match-badge  hidden">Ad Match</span>

                <div class="price">
                    <div class="price-wrapper no-discount  ">
                        <span class="reg-price  " aria-label="Regular Price: $3.98">
					    <span class="reg-price-text">$3.98</span>

                        <sup class="reg-price-unit">ea</sup>
                        </span>
                        <span class="sale-price hidden" aria-label="Sale Price:">
					    <span class="sale-price-text"></span>
                        <sup class="sale-price-unit">ea</sup>
                        </span>

                        <span class="secondary-price hidden">

					    <span class="secondary-price-text" aria-label="Secondary Price:"></span>
                        </span>
                    </div>
                </div>

                <div class="qty">
                    <span class="reg-qty  ">

		  		<span class="sr-only">Sale Price Per Unit:</span> $3.52 / 100 g

                    </span>

                    <span class="sale-qty hidden">

		  		<span class="sr-only">Sale Price Per Unit:</span> $3.52 / 100 g

                    </span>

                    <span class="secondary-qty hidden">

	  	<span class="secondary-qty-text"></span>
                    </span>
                </div>
            </div>

        </div>
        <form class="form-product  quickview-btn-simple" data-product-id="20590014002_EA" data-min-qty="1.0" data-max-qty="999.0" data-unit-type="ea" data-cart-qty="1" data-default-qty="1" novalidate="novalidate" promoCode="" promoNumber="" data-is-customized="false" data-cart-url="/cart/product/20590014002_EA" data-csrf-token="5582ec01-90c0-448b-b4f7-e2cf68d9f8a0" data-is-weighted-product="false">

            <div class="module-add-to-cart " data-change-type="plus" data-auto-edit="true" data-auto-add="true" data-cart-ajax-url="/cart/updateCart">
                <div class="wrapper-add-to-cart-btn">
                    <div class="module-add-to-cart-button-small">
                        <button type="button" class="btn btn-secondary btn-add-to-cart " data-auid="add-to-cart-button" data-has-pts-badge="false" aria-label="Add Plentils Lentil Chips, Margherita Pizza to cart">
                            <span class="icon-cart"></span>
                            <span class="add-to-cart-text">
											Add</span>
                        </button>
                        <button type="button" class="btn btn-secondary btn-edit-cart hidden " aria-label="Edit Cart">
                            <span class="qty-in-cart"></span>
                            <span class="edit-cart-text">
											<spring code="product.edit.text" />"
										</span>
                        </button>
                        <div class="add-list-parent add-list-module  bottom-add-list-module ">
                            <button class="btn btn-inline-link btn-save-to-list  dark is-btn-animated" data-login-url="/account/login?productCode=20590014002_EA" data-ajax-url="/restful/lists/all?productCode=20590014002_EA" data-user-guest="Y" data-user-guest="Y" data-product-code="20590014002_EA" data-delete-item="false" aria-label="Add Plentils Lentil Chips, Margherita Pizza to a List">
                                <span class="glyphicon glyphicon-th-list"></span>
                                <div class="list-cta-text  is-btn-animated">Add to List</div>
                            </button>

                            <!-- this is the list HTML   -->
                            <div class="save-to-list-popup  is-btn-animated animation-up dark" data-save-to-list-error="Can not get lists at this time. Please try again later." data-product-name="Plentils Lentil Chips, Margherita Pizza">
                                <div class="inner-container">
                                </div>

                            </div>
                        </div>

                    </div>
                </div>
            </div>

            <div class="module-plus-minus-buttons small hidden ">
                <button type="button" class="btn cart-change-qty" data-change-type="minus" data-auid="decrease-product-quantity" alt="Minus" aria-label="Minus">
                    <span class="icon-minimize"></span>
                </button>
                <div class="plus-minus-input-wrapper">
                    <input class="input-qty cart-change-qty" aria-label="Enter manual quantity" type="text" name="qty" title="Change quantity in cart" data-unit-type="ea" value="1ea" data-change-type="equals" maxlength="7">

                    <span class="input-qty-pretty">
							<span class="input-qty-pretty-value">1</span>
                    <span class="input-qty-pretty-unit"></span>
                    </span>
                </div>

                <button type="button" class="btn cart-change-qty" data-change-type="plus" data-auid="increase-product-quantity" alt="Plus" aria-label="Plus">
                    <span class="icon-plus-sign"></span>
                </button>

                <p class="deal-limit-reached hidden">Deal Limit Reached</p>

                <div class="tooltip-qty-error tooltip-qty-limit hidden">
                    <p>
                        Limit to &nbsp; 999 &nbsp;each&nbsp; per customer.</p>
                </div>
                <div class="tooltip-qty-error tooltip-round-error hidden">
                    <p>
                        We do not have this in the weight you wanted. We've rounded your order to the nearest weight increment we stock.</p>
                </div>
            </div>
        </form>

        <!-- End Template: AddToCartSmall -->

    </div>
</div>
<div class="item">

    <div class="module-grocery-product quickview-simple  clicked" data-quickview-ajax-url="/p/21021465_EA/quickViewProduct" data-product-id="21021465_EA" data-product-price="$1.58">

        <span class="subtitle"></span>

        <div class="product-page-hotspot">
            <div class="product-cell quickview-button">
                <div class="product-image ">

                    <img src="https://assets.shop.loblaws.ca/products/21021465/b1/en/front/21021465_front_a01.png" onerror="this.src='https://assets.shop.loblaws.ca/products/NoImage/b1/en/front/NoImage_front_a01_@2.png';" alt="Nagpur Chana Choor Indian Snacks" />

                    <div class="hover-text-container">
                        <button href="#" tabindex="0" class="hover-text " aria-label="Quick View for Nagpur Chana Choor Indian Snacks.">Quick View</button>
                    </div>
                </div>
            </div>

            <div class="product-in-cart">
                <div class="wrapper-product-in-cart">
                    <span>
	  			    In Cart
	  		    </span>
                </div>
            </div>

            <div class="product-info">
                <div class="product-name-wrapper">
                    <a href="/Food/Pantry/Chips-%26-Salty-Snacks/Potato-Chips/Haldiram-Nagpur-Chana-Choor-Indian-Snacks/p/21021465_EA" class="product-name" aria-label="Product page for Nagpur Chana Choor Indian Snacks">
                        <span class="js-product-entry-brand">Haldiram&nbsp;</span>

                        <span class="js-product-entry-name">Nagpur Chana Choor Indian Snacks</span>

                        <span class="js-product-entry-size-detail">(150 g)</span>

                    </a>
                </div>

                <span class="ad-match-badge  hidden">Ad Match</span>

                <div class="price">
                    <div class="price-wrapper no-discount  ">
                        <span class="reg-price  " aria-label="Regular Price: $1.58">
					    <span class="reg-price-text">$1.58</span>

                        <sup class="reg-price-unit">ea</sup>
                        </span>
                        <span class="sale-price hidden" aria-label="Sale Price:">
					    <span class="sale-price-text"></span>
                        <sup class="sale-price-unit">ea</sup>
                        </span>

                        <span class="secondary-price hidden">

					    <span class="secondary-price-text" aria-label="Secondary Price:"></span>
                        </span>
                    </div>
                </div>

                <div class="qty">
                    <span class="reg-qty  ">

		  		<span class="sr-only">Sale Price Per Unit:</span> $1.05 / 100 g

                    </span>

                    <span class="sale-qty hidden">

		  		<span class="sr-only">Sale Price Per Unit:</span> $1.05 / 100 g

                    </span>

                    <span class="secondary-qty hidden">

	  	<span class="secondary-qty-text"></span>
                    </span>
                </div>
            </div>

        </div>
        <form class="form-product  quickview-btn-simple" data-product-id="21021465_EA" data-min-qty="1.0" data-max-qty="999.0" data-unit-type="ea" data-cart-qty="1" data-default-qty="1" novalidate="novalidate" promoCode="" promoNumber="" data-is-customized="false" data-cart-url="/cart/product/21021465_EA" data-csrf-token="5582ec01-90c0-448b-b4f7-e2cf68d9f8a0" data-is-weighted-product="false">

            <div class="module-add-to-cart " data-change-type="plus" data-auto-edit="true" data-auto-add="true" data-cart-ajax-url="/cart/updateCart">
                <div class="wrapper-add-to-cart-btn">
                    <div class="module-add-to-cart-button-small">
                        <button type="button" class="btn btn-secondary btn-add-to-cart " data-auid="add-to-cart-button" data-has-pts-badge="false" aria-label="Add Nagpur Chana Choor Indian Snacks to cart">
                            <span class="icon-cart"></span>
                            <span class="add-to-cart-text">
											Add</span>
                        </button>
                        <button type="button" class="btn btn-secondary btn-edit-cart hidden " aria-label="Edit Cart">
                            <span class="qty-in-cart"></span>
                            <span class="edit-cart-text">
											<spring code="product.edit.text" />"
										</span>
                        </button>
                        <div class="add-list-parent add-list-module  bottom-add-list-module ">
                            <button class="btn btn-inline-link btn-save-to-list  dark is-btn-animated" data-login-url="/account/login?productCode=21021465_EA" data-ajax-url="/restful/lists/all?productCode=21021465_EA" data-user-guest="Y" data-user-guest="Y" data-product-code="21021465_EA" data-delete-item="false" aria-label="Add Nagpur Chana Choor Indian Snacks to a List">
                                <span class="glyphicon glyphicon-th-list"></span>
                                <div class="list-cta-text  is-btn-animated">Add to List</div>
                            </button>

                            <!-- this is the list HTML   -->
                            <div class="save-to-list-popup  is-btn-animated animation-up dark" data-save-to-list-error="Can not get lists at this time. Please try again later." data-product-name="Nagpur Chana Choor Indian Snacks">
                                <div class="inner-container">
                                </div>

                            </div>
                        </div>

                    </div>
                </div>
            </div>

            <div class="module-plus-minus-buttons small hidden ">
                <button type="button" class="btn cart-change-qty" data-change-type="minus" data-auid="decrease-product-quantity" alt="Minus" aria-label="Minus">
                    <span class="icon-minimize"></span>
                </button>
                <div class="plus-minus-input-wrapper">
                    <input class="input-qty cart-change-qty" aria-label="Enter manual quantity" type="text" name="qty" title="Change quantity in cart" data-unit-type="ea" value="1ea" data-change-type="equals" maxlength="7">

                    <span class="input-qty-pretty">
							<span class="input-qty-pretty-value">1</span>
                    <span class="input-qty-pretty-unit"></span>
                    </span>
                </div>

                <button type="button" class="btn cart-change-qty" data-change-type="plus" data-auid="increase-product-quantity" alt="Plus" aria-label="Plus">
                    <span class="icon-plus-sign"></span>
                </button>

                <p class="deal-limit-reached hidden">Deal Limit Reached</p>

                <div class="tooltip-qty-error tooltip-qty-limit hidden">
                    <p>
                        Limit to &nbsp; 999 &nbsp;each&nbsp; per customer.</p>
                </div>
                <div class="tooltip-qty-error tooltip-round-error hidden">
                    <p>
                        We do not have this in the weight you wanted. We've rounded your order to the nearest weight increment we stock.</p>
                </div>
            </div>
        </form>

        <!-- End Template: AddToCartSmall -->

    </div>
</div>
<div class="item">

    <div class="module-grocery-product quickview-simple  clicked" data-quickview-ajax-url="/p/20987676_EA/quickViewProduct" data-product-id="20987676_EA" data-product-price="$3.28">

        <span class="subtitle"></span>

        <div class="product-page-hotspot">
            <div class="product-cell quickview-button">
                <div class="product-image ">

                    <img src="https://assets.shop.loblaws.ca/products/20987676/b1/en/front/20987676_front_a01.png" onerror="this.src='https://assets.shop.loblaws.ca/products/NoImage/b1/en/front/NoImage_front_a01_@2.png';" alt="Arriba Zasty Taco Flavour Tortilla Chips" />

                    <div class="hover-text-container">
                        <button href="#" tabindex="0" class="hover-text " aria-label="Quick View for Arriba Zasty Taco Flavour Tortilla Chips.">Quick View</button>
                    </div>
                </div>
            </div>

            <div class="product-in-cart">
                <div class="wrapper-product-in-cart">
                    <span>
	  			    In Cart
	  		    </span>
                </div>
            </div>

            <div class="product-info">
                <div class="product-name-wrapper">
                    <a href="/Food/Pantry/Chips-%26-Salty-Snacks/Potato-Chips/Old-Dutch-ARRIBA-Arriba-Zasty-Taco-Flavour-Tortilla-Chips/p/20987676_EA" class="product-name" aria-label="Product page for Arriba Zasty Taco Flavour Tortilla Chips">
                        <span class="js-product-entry-brand">Old Dutch&nbsp;</span>

                        <span class="js-product-entry-name">Arriba Zasty Taco Flavour Tortilla Chips</span>

                        <span class="js-product-entry-size-detail">(245 g)</span>

                    </a>
                </div>

                <span class="ad-match-badge  hidden">Ad Match</span>

                <div class="price">
                    <div class="price-wrapper no-discount  ">
                        <span class="reg-price  " aria-label="Regular Price: $3.28">
					    <span class="reg-price-text">$3.28</span>

                        <sup class="reg-price-unit">ea</sup>
                        </span>
                        <span class="sale-price hidden" aria-label="Sale Price:">
					    <span class="sale-price-text"></span>
                        <sup class="sale-price-unit">ea</sup>
                        </span>

                        <span class="secondary-price hidden">

					    <span class="secondary-price-text" aria-label="Secondary Price:"></span>
                        </span>
                    </div>
                </div>

                <div class="qty">
                    <span class="reg-qty  ">

		  		<span class="sr-only">Sale Price Per Unit:</span> $1.34 / 100 g

                    </span>

                    <span class="sale-qty hidden">

		  		<span class="sr-only">Sale Price Per Unit:</span> $1.34 / 100 g

                    </span>

                    <span class="secondary-qty hidden">

	  	<span class="secondary-qty-text"></span>
                    </span>
                </div>
            </div>

        </div>
        <form class="form-product  quickview-btn-simple" data-product-id="20987676_EA" data-min-qty="1.0" data-max-qty="999.0" data-unit-type="ea" data-cart-qty="1" data-default-qty="1" novalidate="novalidate" promoCode="" promoNumber="" data-is-customized="false" data-cart-url="/cart/product/20987676_EA" data-csrf-token="5582ec01-90c0-448b-b4f7-e2cf68d9f8a0" data-is-weighted-product="false">

            <div class="module-add-to-cart " data-change-type="plus" data-auto-edit="true" data-auto-add="true" data-cart-ajax-url="/cart/updateCart">
                <div class="wrapper-add-to-cart-btn">
                    <div class="module-add-to-cart-button-small">
                        <button type="button" class="btn btn-secondary btn-add-to-cart " data-auid="add-to-cart-button" data-has-pts-badge="false" aria-label="Add Arriba Zasty Taco Flavour Tortilla Chips to cart">
                            <span class="icon-cart"></span>
                            <span class="add-to-cart-text">
											Add</span>
                        </button>
                        <button type="button" class="btn btn-secondary btn-edit-cart hidden " aria-label="Edit Cart">
                            <span class="qty-in-cart"></span>
                            <span class="edit-cart-text">
											<spring code="product.edit.text" />"
										</span>
                        </button>
                        <div class="add-list-parent add-list-module  bottom-add-list-module ">
                            <button class="btn btn-inline-link btn-save-to-list  dark is-btn-animated" data-login-url="/account/login?productCode=20987676_EA" data-ajax-url="/restful/lists/all?productCode=20987676_EA" data-user-guest="Y" data-user-guest="Y" data-product-code="20987676_EA" data-delete-item="false" aria-label="Add Arriba Zasty Taco Flavour Tortilla Chips to a List">
                                <span class="glyphicon glyphicon-th-list"></span>
                                <div class="list-cta-text  is-btn-animated">Add to List</div>
                            </button>

                            <!-- this is the list HTML   -->
                            <div class="save-to-list-popup  is-btn-animated animation-up dark" data-save-to-list-error="Can not get lists at this time. Please try again later." data-product-name="Arriba Zasty Taco Flavour Tortilla Chips">
                                <div class="inner-container">
                                </div>

                            </div>
                        </div>

                    </div>
                </div>
            </div>

            <div class="module-plus-minus-buttons small hidden ">
                <button type="button" class="btn cart-change-qty" data-change-type="minus" data-auid="decrease-product-quantity" alt="Minus" aria-label="Minus">
                    <span class="icon-minimize"></span>
                </button>
                <div class="plus-minus-input-wrapper">
                    <input class="input-qty cart-change-qty" aria-label="Enter manual quantity" type="text" name="qty" title="Change quantity in cart" data-unit-type="ea" value="1ea" data-change-type="equals" maxlength="7">

                    <span class="input-qty-pretty">
							<span class="input-qty-pretty-value">1</span>
                    <span class="input-qty-pretty-unit"></span>
                    </span>
                </div>

                <button type="button" class="btn cart-change-qty" data-change-type="plus" data-auid="increase-product-quantity" alt="Plus" aria-label="Plus">
                    <span class="icon-plus-sign"></span>
                </button>

                <p class="deal-limit-reached hidden">Deal Limit Reached</p>

                <div class="tooltip-qty-error tooltip-qty-limit hidden">
                    <p>
                        Limit to &nbsp; 999 &nbsp;each&nbsp; per customer.</p>
                </div>
                <div class="tooltip-qty-error tooltip-round-error hidden">
                    <p>
                        We do not have this in the weight you wanted. We've rounded your order to the nearest weight increment we stock.</p>
                </div>
            </div>
        </form>

        <!-- End Template: AddToCartSmall -->

    </div>
</div>

<div class="item">

    <div class="module-grocery-product quickview-simple  clicked" data-quickview-ajax-url="/p/20667893_EA/quickViewProduct" data-product-id="20667893_EA" data-product-price="$3.28">

        <span class="subtitle"></span>

        <div class="product-page-hotspot">
            <div class="product-cell quickview-button">
                <div class="product-image ">

                    <img src="https://assets.shop.loblaws.ca/products/20667893/b1/en/front/20667893_front_a01.png" onerror="this.src='https://assets.shop.loblaws.ca/products/NoImage/b1/en/front/NoImage_front_a01_@2.png';" alt="Banana Chips, Spicy" />

                    <div class="hover-text-container">
                        <button href="#" tabindex="0" class="hover-text " aria-label="Quick View for Banana Chips, Spicy.">Quick View</button>
                    </div>
                </div>
            </div>

            <div class="product-in-cart">
                <div class="wrapper-product-in-cart">
                    <span>
	  			    In Cart
	  		    </span>
                </div>
            </div>

            <div class="product-info">
                <div class="product-name-wrapper">
                    <a href="/Food/Pantry/Chips-%26-Salty-Snacks/Potato-Chips/Banana-Chips%2C-Spicy/p/20667893_EA" class="product-name" aria-label="Product page for Banana Chips, Spicy">

                        <span class="js-product-entry-name">Banana Chips, Spicy</span>

                        <span class="js-product-entry-size-detail">(341 g)</span>

                    </a>
                </div>

                <span class="ad-match-badge  hidden">Ad Match</span>

                <div class="price">
                    <div class="price-wrapper no-discount  ">
                        <span class="reg-price  " aria-label="Regular Price: $3.28">
					    <span class="reg-price-text">$3.28</span>

                        <sup class="reg-price-unit">ea</sup>
                        </span>
                        <span class="sale-price hidden" aria-label="Sale Price:">
					    <span class="sale-price-text"></span>
                        <sup class="sale-price-unit">ea</sup>
                        </span>

                        <span class="secondary-price hidden">

					    <span class="secondary-price-text" aria-label="Secondary Price:"></span>
                        </span>
                    </div>
                </div>

                <div class="qty">
                    <span class="reg-qty  ">

		  		<span class="sr-only">Sale Price Per Unit:</span> $0.96 / 100 g

                    </span>

                    <span class="sale-qty hidden">

		  		<span class="sr-only">Sale Price Per Unit:</span> $0.96 / 100 g

                    </span>

                    <span class="secondary-qty hidden">

	  	<span class="secondary-qty-text"></span>
                    </span>
                </div>
            </div>

        </div>
        <form class="form-product  quickview-btn-simple" data-product-id="20667893_EA" data-min-qty="1.0" data-max-qty="999.0" data-unit-type="ea" data-cart-qty="1" data-default-qty="1" novalidate="novalidate" promoCode="" promoNumber="" data-is-customized="false" data-cart-url="/cart/product/20667893_EA" data-csrf-token="5582ec01-90c0-448b-b4f7-e2cf68d9f8a0" data-is-weighted-product="false">

            <div class="module-add-to-cart " data-change-type="plus" data-auto-edit="true" data-auto-add="true" data-cart-ajax-url="/cart/updateCart">
                <div class="wrapper-add-to-cart-btn">
                    <div class="module-add-to-cart-button-small">
                        <button type="button" class="btn btn-secondary btn-add-to-cart " data-auid="add-to-cart-button" data-has-pts-badge="false" aria-label="Add Banana Chips, Spicy to cart">
                            <span class="icon-cart"></span>
                            <span class="add-to-cart-text">
											Add</span>
                        </button>
                        <button type="button" class="btn btn-secondary btn-edit-cart hidden " aria-label="Edit Cart">
                            <span class="qty-in-cart"></span>
                            <span class="edit-cart-text">
											<spring code="product.edit.text" />"
										</span>
                        </button>
                        <div class="add-list-parent add-list-module  bottom-add-list-module ">
                            <button class="btn btn-inline-link btn-save-to-list  dark is-btn-animated" data-login-url="/account/login?productCode=20667893_EA" data-ajax-url="/restful/lists/all?productCode=20667893_EA" data-user-guest="Y" data-user-guest="Y" data-product-code="20667893_EA" data-delete-item="false" aria-label="Add Banana Chips, Spicy to a List">
                                <span class="glyphicon glyphicon-th-list"></span>
                                <div class="list-cta-text  is-btn-animated">Add to List</div>
                            </button>

                            <!-- this is the list HTML   -->
                            <div class="save-to-list-popup  is-btn-animated animation-up dark" data-save-to-list-error="Can not get lists at this time. Please try again later." data-product-name="Banana Chips, Spicy">
                                <div class="inner-container">
                                </div>

                            </div>
                        </div>

                        <script id="tmpl-product-list-grid" type="text/x-dot-template">
                            <ul>
                                {{~it.shoppingListData :entry:index }} {{? entry.added }}
                                <li class="already-added">
                                    <div class="no-link item-label">

                                        <span class="category-list-name">{{=entry.shoppingListName}}</span>
                                    </div><span class="glyphicon glyphicon-ok"></span></li>
                                {{??}}
                                <li class="has-item-label-link"><a data-shopping-list-name="{{=entry.shoppingListName}}" class="item-label" data-submit-message="{{!entry.addMessage}}" href="/restful/lists/{{=entry.shoppingListCode}}/product/{{=it.productCode}}?CSRFToken={{=it.csrf}}">{{=entry.shoppingListName}}</a></li>
                                {{?}} {{~}}
                                <li class="create-new trigger-modal" data-modal-content-id="create-list-modal-content" data-productcode="{{=it.productCode}}"><a href="#">Create New List</a></li>
                            </ul>
                        </script>

                        <!-- Begin Template: createListModal -->
                        <script type="text/x-dot-template" class="modal-content" id="create-list-modal-content">
                            <div class="wrapper-new-list-popup">
                                <div class="new-list-popup-container">
                                    <h1>
					Create a new list</h1>
                                    <div class="subhead">
                                        Lists are a great way to organize your shopping needs. After you create a list, they can be found in the "My Favourites" page.</div>
                                    {{? it.productcode }}
                                    <form class="container form-create-list" novalidate="novalidate" method="POST" commandName="shoppingListForm" action="/restful/lists/{{=it.productcode}}?CSRFToken=5582ec01-90c0-448b-b4f7-e2cf68d9f8a0" data-ajax-url="/restful/lists/{{=it.productcode}}?CSRFToken=5582ec01-90c0-448b-b4f7-e2cf68d9f8a0" data-server-error-message="Sorry, something went wrong. Please try again later.">
                                        {{??}}
                                        <form class="container form-create-list" novalidate="novalidate" method="POST" commandName="shoppingListForm" action="/restful/lists/?CSRFToken=5582ec01-90c0-448b-b4f7-e2cf68d9f8a0" data-ajax-url="/restful/lists/?CSRFToken=5582ec01-90c0-448b-b4f7-e2cf68d9f8a0" data-server-error-message="Sorry, something went wrong. Please try again later.">
                                            {{?}}
                                            <div class="row-error">
                                                <div>
                                                    <span class='warning server-warning'>
							</span>
                                                </div>
                                            </div>
                                            <input id="name" name="name" class="form-control input-list-name" type="text" autocomplete="off" autofocus placeholder="Enter a name" path="name" maxlength="160" required="true" data-msg-required="Please enter name for list." />

                                            <textarea id="description" name="description" class="form-control input-list-desc" type="text" placeholder="Add a description (optional)" path="description" maxlength="160"></textarea>

                                            <button type="submit" class="btn btn-primary save-list input-submitter-submit">
                                                Save</button>

                                            <a href="javascript:void(0)" class="cancel-new-list modal-close">
						Cancel</a>
                                        </form>
                                </div>
                            </div>
                        </script>

                        <!-- End Template: createListModal -->
                    </div>
                </div>
            </div>

            <div class="module-plus-minus-buttons small hidden ">
                <button type="button" class="btn cart-change-qty" data-change-type="minus" data-auid="decrease-product-quantity" alt="Minus" aria-label="Minus">
                    <span class="icon-minimize"></span>
                </button>
                <div class="plus-minus-input-wrapper">
                    <input class="input-qty cart-change-qty" aria-label="Enter manual quantity" type="text" name="qty" title="Change quantity in cart" data-unit-type="ea" value="1ea" data-change-type="equals" maxlength="7">

                    <span class="input-qty-pretty">
							<span class="input-qty-pretty-value">1</span>
                    <span class="input-qty-pretty-unit"></span>
                    </span>
                </div>

                <button type="button" class="btn cart-change-qty" data-change-type="plus" data-auid="increase-product-quantity" alt="Plus" aria-label="Plus">
                    <span class="icon-plus-sign"></span>
                </button>

                <p class="deal-limit-reached hidden">Deal Limit Reached</p>

                <div class="tooltip-qty-error tooltip-qty-limit hidden">
                    <p>
                        Limit to &nbsp; 999 &nbsp;each&nbsp; per customer.</p>
                </div>
                <div class="tooltip-qty-error tooltip-round-error hidden">
                    <p>
                        We do not have this in the weight you wanted. We've rounded your order to the nearest weight increment we stock.</p>
                </div>
            </div>
            </form>

            <!-- End Template: AddToCartSmall -->

    </div>
</div>
<div class="item">

    <div class="module-grocery-product quickview-simple  clicked" data-quickview-ajax-url="/p/20340361_EA/quickViewProduct" data-product-id="20340361_EA" data-product-price="$1.18">

        <span class="subtitle"></span>

        <div class="product-page-hotspot">
            <div class="product-cell quickview-button">
                <div class="product-image ">

                    <img src="https://assets.shop.loblaws.ca/products/20340361/b1/en/front/20340361_front_a01.png" onerror="this.src='https://assets.shop.loblaws.ca/products/NoImage/b1/en/front/NoImage_front_a01_@2.png';" alt="Potato Chips, Ketchup" />

                    <div class="hover-text-container">
                        <button href="#" tabindex="0" class="hover-text " aria-label="Quick View for Potato Chips, Ketchup.">Quick View</button>
                    </div>
                </div>
            </div>

            <div class="product-in-cart">
                <div class="wrapper-product-in-cart">
                    <span>
	  			    In Cart
	  		    </span>
                </div>
            </div>

            <div class="product-info">
                <div class="product-name-wrapper">
                    <a href="/Food/Pantry/Chips-%26-Salty-Snacks/Potato-Chips/Potato-Chips%2C-Ketchup/p/20340361_EA" class="product-name" aria-label="Product page for Potato Chips, Ketchup">
                        <span class="js-product-entry-brand">No Name&nbsp;</span>

                        <span class="js-product-entry-name">Potato Chips, Ketchup</span>

                        <span class="js-product-entry-size-detail">(200 g)</span>

                    </a>
                </div>

                <span class="ad-match-badge  hidden">Ad Match</span>

                <div class="price">
                    <div class="price-wrapper no-discount  ">
                        <span class="reg-price  " aria-label="Regular Price: $1.18">
					    <span class="reg-price-text">$1.18</span>

                        <sup class="reg-price-unit">ea</sup>
                        </span>
                        <span class="sale-price hidden" aria-label="Sale Price:">
					    <span class="sale-price-text"></span>
                        <sup class="sale-price-unit">ea</sup>
                        </span>

                        <span class="secondary-price hidden">

					    <span class="secondary-price-text" aria-label="Secondary Price:"></span>
                        </span>
                    </div>
                </div>

                <div class="qty">
                    <span class="reg-qty  ">

		  		<span class="sr-only">Sale Price Per Unit:</span> $0.59 / 100 g

                    </span>

                    <span class="sale-qty hidden">

		  		<span class="sr-only">Sale Price Per Unit:</span> $0.59 / 100 g

                    </span>

                    <span class="secondary-qty hidden">

	  	<span class="secondary-qty-text"></span>
                    </span>
                </div>
            </div>

        </div>
        <form class="form-product  quickview-btn-simple" data-product-id="20340361_EA" data-min-qty="1.0" data-max-qty="999.0" data-unit-type="ea" data-cart-qty="1" data-default-qty="1" novalidate="novalidate" promoCode="" promoNumber="" data-is-customized="false" data-cart-url="/cart/product/20340361_EA" data-csrf-token="5582ec01-90c0-448b-b4f7-e2cf68d9f8a0" data-is-weighted-product="false">

            <div class="module-add-to-cart " data-change-type="plus" data-auto-edit="true" data-auto-add="true" data-cart-ajax-url="/cart/updateCart">
                <div class="wrapper-add-to-cart-btn">
                    <div class="module-add-to-cart-button-small">
                        <button type="button" class="btn btn-secondary btn-add-to-cart " data-auid="add-to-cart-button" data-has-pts-badge="false" aria-label="Add Potato Chips, Ketchup to cart">
                            <span class="icon-cart"></span>
                            <span class="add-to-cart-text">
											Add</span>
                        </button>
                        <button type="button" class="btn btn-secondary btn-edit-cart hidden " aria-label="Edit Cart">
                            <span class="qty-in-cart"></span>
                            <span class="edit-cart-text">
											<spring code="product.edit.text" />"
										</span>
                        </button>
                        <div class="add-list-parent add-list-module  bottom-add-list-module ">
                            <button class="btn btn-inline-link btn-save-to-list  dark is-btn-animated" data-login-url="/account/login?productCode=20340361_EA" data-ajax-url="/restful/lists/all?productCode=20340361_EA" data-user-guest="Y" data-user-guest="Y" data-product-code="20340361_EA" data-delete-item="false" aria-label="Add Potato Chips, Ketchup to a List">
                                <span class="glyphicon glyphicon-th-list"></span>
                                <div class="list-cta-text  is-btn-animated">Add to List</div>
                            </button>

                            <!-- this is the list HTML   -->
                            <div class="save-to-list-popup  is-btn-animated animation-up dark" data-save-to-list-error="Can not get lists at this time. Please try again later." data-product-name="Potato Chips, Ketchup">
                                <div class="inner-container">
                                </div>

                            </div>
                        </div>

                    </div>
                </div>
            </div>

            <div class="module-plus-minus-buttons small hidden ">
                <button type="button" class="btn cart-change-qty" data-change-type="minus" data-auid="decrease-product-quantity" alt="Minus" aria-label="Minus">
                    <span class="icon-minimize"></span>
                </button>
                <div class="plus-minus-input-wrapper">
                    <input class="input-qty cart-change-qty" aria-label="Enter manual quantity" type="text" name="qty" title="Change quantity in cart" data-unit-type="ea" value="1ea" data-change-type="equals" maxlength="7">

                    <span class="input-qty-pretty">
							<span class="input-qty-pretty-value">1</span>
                    <span class="input-qty-pretty-unit"></span>
                    </span>
                </div>

                <button type="button" class="btn cart-change-qty" data-change-type="plus" data-auid="increase-product-quantity" alt="Plus" aria-label="Plus">
                    <span class="icon-plus-sign"></span>
                </button>

                <p class="deal-limit-reached hidden">Deal Limit Reached</p>

                <div class="tooltip-qty-error tooltip-qty-limit hidden">
                    <p>
                        Limit to &nbsp; 999 &nbsp;each&nbsp; per customer.</p>
                </div>
                <div class="tooltip-qty-error tooltip-round-error hidden">
                    <p>
                        We do not have this in the weight you wanted. We've rounded your order to the nearest weight increment we stock.</p>
                </div>
            </div>
        </form>

        <!-- End Template: AddToCartSmall -->

    </div>
</div>
<div class="item">

    <div class="module-grocery-product quickview-simple  clicked" data-quickview-ajax-url="/p/21049379_EA/quickViewProduct" data-product-id="21049379_EA" data-product-price="$3.27">

        <span class="subtitle"></span>

        <div class="product-page-hotspot">
            <div class="product-cell quickview-button">
                <div class="product-image ">

                    <img src="https://assets.shop.loblaws.ca/products/21049379/b1/en/front/21049379_front_a01.png" onerror="this.src='https://assets.shop.loblaws.ca/products/NoImage/b1/en/front/NoImage_front_a01_@2.png';" alt="Potato Chips, All Dressed" />

                    <div class="hover-text-container">
                        <button href="#" tabindex="0" class="hover-text " aria-label="Quick View for Potato Chips, All Dressed.">Quick View</button>
                    </div>
                </div>
            </div>

            <div class="product-in-cart">
                <div class="wrapper-product-in-cart">
                    <span>
	  			    In Cart
	  		    </span>
                </div>
            </div>

            <div class="product-info">
                <div class="product-name-wrapper">
                    <a href="/Food/Pantry/Chips-%26-Salty-Snacks/Potato-Chips/Ruffles-Potato-Chips%2C-All-Dressed/p/21049379_EA" class="product-name" aria-label="Product page for Potato Chips, All Dressed">

                        <span class="js-product-entry-name">Potato Chips, All Dressed</span>

                        <span class="js-product-entry-size-detail">(220 g)</span>

                    </a>
                </div>

                <span class="ad-match-badge  hidden">Ad Match</span>

                <div class="price">
                    <div class="price-wrapper no-discount  ">
                        <span class="reg-price  " aria-label="Regular Price: $3.27">
					    <span class="reg-price-text">$3.27</span>

                        <sup class="reg-price-unit">ea</sup>
                        </span>
                        <span class="sale-price hidden" aria-label="Sale Price:">
					    <span class="sale-price-text"></span>
                        <sup class="sale-price-unit">ea</sup>
                        </span>

                        <span class="secondary-price hidden">

					    <span class="secondary-price-text" aria-label="Secondary Price:"></span>
                        </span>
                    </div>
                </div>

                <div class="qty">
                    <span class="reg-qty  ">

		  		<span class="sr-only">Sale Price Per Unit:</span> $1.49 / 100 g

                    </span>

                    <span class="sale-qty hidden">

		  		<span class="sr-only">Sale Price Per Unit:</span> $1.49 / 100 g

                    </span>

                    <span class="secondary-qty hidden">

	  	<span class="secondary-qty-text"></span>
                    </span>
                </div>
            </div>

        </div>
        <form class="form-product  quickview-btn-simple" data-product-id="21049379_EA" data-min-qty="1.0" data-max-qty="999.0" data-unit-type="ea" data-cart-qty="1" data-default-qty="1" novalidate="novalidate" promoCode="" promoNumber="" data-is-customized="false" data-cart-url="/cart/product/21049379_EA" data-csrf-token="5582ec01-90c0-448b-b4f7-e2cf68d9f8a0" data-is-weighted-product="false">

            <div class="module-add-to-cart " data-change-type="plus" data-auto-edit="true" data-auto-add="true" data-cart-ajax-url="/cart/updateCart">
                <div class="wrapper-add-to-cart-btn">
                    <div class="module-add-to-cart-button-small">
                        <button type="button" class="btn btn-secondary btn-add-to-cart " data-auid="add-to-cart-button" data-has-pts-badge="false" aria-label="Add Potato Chips, All Dressed to cart">
                            <span class="icon-cart"></span>
                            <span class="add-to-cart-text">
											Add</span>
                        </button>
                        <button type="button" class="btn btn-secondary btn-edit-cart hidden " aria-label="Edit Cart">
                            <span class="qty-in-cart"></span>
                            <span class="edit-cart-text">
											<spring code="product.edit.text" />"
										</span>
                        </button>
                        <div class="add-list-parent add-list-module  bottom-add-list-module ">
                            <button class="btn btn-inline-link btn-save-to-list  dark is-btn-animated" data-login-url="/account/login?productCode=21049379_EA" data-ajax-url="/restful/lists/all?productCode=21049379_EA" data-user-guest="Y" data-user-guest="Y" data-product-code="21049379_EA" data-delete-item="false" aria-label="Add Potato Chips, All Dressed to a List">
                                <span class="glyphicon glyphicon-th-list"></span>
                                <div class="list-cta-text  is-btn-animated">Add to List</div>
                            </button>

                            <!-- this is the list HTML   -->
                            <div class="save-to-list-popup  is-btn-animated animation-up dark" data-save-to-list-error="Can not get lists at this time. Please try again later." data-product-name="Potato Chips, All Dressed">
                                <div class="inner-container">
                                </div>

                            </div>
                        </div>

                    </div>
                </div>
            </div>

            <div class="module-plus-minus-buttons small hidden ">
                <button type="button" class="btn cart-change-qty" data-change-type="minus" data-auid="decrease-product-quantity" alt="Minus" aria-label="Minus">
                    <span class="icon-minimize"></span>
                </button>
                <div class="plus-minus-input-wrapper">
                    <input class="input-qty cart-change-qty" aria-label="Enter manual quantity" type="text" name="qty" title="Change quantity in cart" data-unit-type="ea" value="1ea" data-change-type="equals" maxlength="7">

                    <span class="input-qty-pretty">
							<span class="input-qty-pretty-value">1</span>
                    <span class="input-qty-pretty-unit"></span>
                    </span>
                </div>

                <button type="button" class="btn cart-change-qty" data-change-type="plus" data-auid="increase-product-quantity" alt="Plus" aria-label="Plus">
                    <span class="icon-plus-sign"></span>
                </button>

                <p class="deal-limit-reached hidden">Deal Limit Reached</p>

                <div class="tooltip-qty-error tooltip-qty-limit hidden">
                    <p>
                        Limit to &nbsp; 999 &nbsp;each&nbsp; per customer.</p>
                </div>
                <div class="tooltip-qty-error tooltip-round-error hidden">
                    <p>
                        We do not have this in the weight you wanted. We've rounded your order to the nearest weight increment we stock.</p>
                </div>
            </div>
        </form>

        <!-- End Template: AddToCartSmall -->

    </div>
</div>
<div class="item">

    <div class="module-grocery-product quickview-simple  clicked" data-quickview-ajax-url="/p/21014238_EA/quickViewProduct" data-product-id="21014238_EA" data-product-price="$3.98">

        <span class="subtitle"></span>

        <div class="product-page-hotspot">
            <div class="product-cell quickview-button">
                <div class="product-image ">

                    <img src="https://assets.shop.loblaws.ca/products/21014238/b1/en/front/21014238_front_a01.png" onerror="this.src='https://assets.shop.loblaws.ca/products/NoImage/b1/en/front/NoImage_front_a01_@2.png';" alt="Simply Popped Microwave Pop Corn" />

                    <span class="sticker deal">
	  				        <span class="deal-badge">

	  				            <span class="module-deal-badge module-deal-badge-grid simple-save-unit "
	  						        data-deal-type="$3.98 LIMIT 4"
	  						        data-ajax-promo-url="/simpleDeal/deals/product-tile?productCode=21014238_EA"
	  						        data-deal-id="21014238_EA">
	  						        <span class="deal-type">$3.98 LIMIT 4</span>

                    <span class="deal-expiry">
		Exp. 12/27
	</span>

                    </span>
                    </span>
                    </span>

                    <div class="hover-text-container">
                        <button href="#" tabindex="0" class="hover-text " aria-label="Quick View for Simply Popped Microwave Pop Corn.">Quick View</button>
                    </div>
                </div>
            </div>

            <div class="product-in-cart">
                <div class="wrapper-product-in-cart">
                    <span>
	  			    In Cart
	  		    </span>
                </div>
            </div>

            <div class="product-info">
                <div class="product-name-wrapper">
                    <a href="/Food/Pantry/Chips-%26-Salty-Snacks/Potato-Chips/Jolly-Time-Simply-Popped-Microwave-Pop-Corn/p/21014238_EA" class="product-name" aria-label="Product page for Simply Popped Microwave Pop Corn">

                        <span class="js-product-entry-name">Simply Popped Microwave Pop Corn</span>

                        <span class="js-product-entry-size-detail">(510 g)</span>

                    </a>
                </div>

                <span class="ad-match-badge  hidden">Ad Match</span>

                <div class="price">
                    <div class="price-wrapper no-discount promo-alert ">
                        <span class="reg-price  price-alert" aria-label="Regular Price: $3.98">
					    <span class="reg-price-text">$3.98</span>

                        <sup class="reg-price-unit">ea</sup>
                        </span>
                        <span class="sale-price hidden" aria-label="Sale Price:">
					    <span class="sale-price-text"></span>
                        <sup class="sale-price-unit">ea</sup>
                        </span>

                        <span class="secondary-price hidden">

					    <span class="secondary-price-text" aria-label="Secondary Price:"></span>
                        </span>
                    </div>
                </div>

                <div class="qty">
                    <span class="reg-qty  price-alert">

		  		<span class="sr-only">Sale Price Per Unit:</span> $0.78 / 100 g

                    </span>

                    <span class="sale-qty hidden">

		  		<span class="sr-only">Sale Price Per Unit:</span> $0.78 / 100 g

                    </span>

                    <span class="secondary-qty hidden">

	  	<span class="secondary-qty-text"></span>
                    </span>
                </div>
            </div>

        </div>
        <form class="form-product  quickview-btn-simple" data-product-id="21014238_EA" data-min-qty="1.0" data-max-qty="999.0" data-unit-type="ea" data-cart-qty="1" data-default-qty="1" novalidate="novalidate" promoCode="" promoNumber="" data-is-customized="false" data-cart-url="/cart/product/21014238_EA" data-csrf-token="5582ec01-90c0-448b-b4f7-e2cf68d9f8a0" data-is-weighted-product="false">

            <div class="module-add-to-cart " data-change-type="plus" data-auto-edit="true" data-auto-add="true" data-cart-ajax-url="/cart/updateCart">
                <div class="wrapper-add-to-cart-btn">
                    <div class="module-add-to-cart-button-small">
                        <button type="button" class="btn btn-secondary btn-add-to-cart " data-auid="add-to-cart-button" data-has-pts-badge="false" aria-label="Add Simply Popped Microwave Pop Corn to cart">
                            <span class="icon-cart"></span>
                            <span class="add-to-cart-text">
											Add</span>
                        </button>
                        <button type="button" class="btn btn-secondary btn-edit-cart hidden " aria-label="Edit Cart">
                            <span class="qty-in-cart"></span>
                            <span class="edit-cart-text">
											<spring code="product.edit.text" />"
										</span>
                        </button>
                        <div class="add-list-parent add-list-module  bottom-add-list-module ">
                            <button class="btn btn-inline-link btn-save-to-list  dark is-btn-animated" data-login-url="/account/login?productCode=21014238_EA" data-ajax-url="/restful/lists/all?productCode=21014238_EA" data-user-guest="Y" data-user-guest="Y" data-product-code="21014238_EA" data-delete-item="false" aria-label="Add Simply Popped Microwave Pop Corn to a List">
                                <span class="glyphicon glyphicon-th-list"></span>
                                <div class="list-cta-text  is-btn-animated">Add to List</div>
                            </button>

                            <!-- this is the list HTML   -->
                            <div class="save-to-list-popup  is-btn-animated animation-up dark" data-save-to-list-error="Can not get lists at this time. Please try again later." data-product-name="Simply Popped Microwave Pop Corn">
                                <div class="inner-container">
                                </div>

                            </div>
                        </div>

                    </div>
                </div>
            </div>

            <div class="module-plus-minus-buttons small hidden ">
                <button type="button" class="btn cart-change-qty" data-change-type="minus" data-auid="decrease-product-quantity" alt="Minus" aria-label="Minus">
                    <span class="icon-minimize"></span>
                </button>
                <div class="plus-minus-input-wrapper">
                    <input class="input-qty cart-change-qty" aria-label="Enter manual quantity" type="text" name="qty" title="Change quantity in cart" data-unit-type="ea" value="1ea" data-change-type="equals" maxlength="7">

                    <span class="input-qty-pretty">
							<span class="input-qty-pretty-value">1</span>
                    <span class="input-qty-pretty-unit"></span>
                    </span>
                </div>

                <button type="button" class="btn cart-change-qty" data-change-type="plus" data-auid="increase-product-quantity" alt="Plus" aria-label="Plus">
                    <span class="icon-plus-sign"></span>
                </button>

                <p class="deal-limit-reached hidden">Deal Limit Reached</p>

                <div class="tooltip-qty-error tooltip-qty-limit hidden">
                    <p>
                        Limit to &nbsp; 999 &nbsp;each&nbsp; per customer.</p>
                </div>
                <div class="tooltip-qty-error tooltip-round-error hidden">
                    <p>
                        We do not have this in the weight you wanted. We've rounded your order to the nearest weight increment we stock.</p>
                </div>
            </div>
        </form>

        <!-- End Template: AddToCartSmall -->

    </div>
</div>
<div class="item">

    <div class="module-grocery-product quickview-simple  clicked" data-quickview-ajax-url="/p/20972782_EA/quickViewProduct" data-product-id="20972782_EA" data-product-price="$4.58">

        <span class="subtitle"></span>

        <div class="product-page-hotspot">
            <div class="product-cell quickview-button">
                <div class="product-image ">

                    <img src="https://assets.shop.loblaws.ca/products/20972782/b1/en/front/20972782_front_a01.png" onerror="this.src='https://assets.shop.loblaws.ca/products/NoImage/b1/en/front/NoImage_front_a01_@2.png';" alt="Potato Chips, Regular" />

                    <div class="hover-text-container">
                        <button href="#" tabindex="0" class="hover-text " aria-label="Quick View for Potato Chips, Regular.">Quick View</button>
                    </div>
                </div>
            </div>

            <div class="product-in-cart">
                <div class="wrapper-product-in-cart">
                    <span>
	  			    In Cart
	  		    </span>
                </div>
            </div>

            <div class="product-info">
                <div class="product-name-wrapper">
                    <a href="/Food/Pantry/Chips-%26-Salty-Snacks/Potato-Chips/Ruffles-Potato-Chips%2C-Regular/p/20972782_EA" class="product-name" aria-label="Product page for Potato Chips, Regular">

                        <span class="js-product-entry-name">Potato Chips, Regular</span>

                        <span class="js-product-entry-size-detail">(380 g)</span>

                    </a>
                </div>

                <span class="ad-match-badge  hidden">Ad Match</span>

                <div class="price">
                    <div class="price-wrapper no-discount  ">
                        <span class="reg-price  " aria-label="Regular Price: $4.58">
					    <span class="reg-price-text">$4.58</span>

                        <sup class="reg-price-unit">ea</sup>
                        </span>
                        <span class="sale-price hidden" aria-label="Sale Price:">
					    <span class="sale-price-text"></span>
                        <sup class="sale-price-unit">ea</sup>
                        </span>

                        <span class="secondary-price hidden">

					    <span class="secondary-price-text" aria-label="Secondary Price:"></span>
                        </span>
                    </div>
                </div>

                <div class="qty">
                    <span class="reg-qty  ">

		  		<span class="sr-only">Sale Price Per Unit:</span> $1.21 / 100 g

                    </span>

                    <span class="sale-qty hidden">

		  		<span class="sr-only">Sale Price Per Unit:</span> $1.21 / 100 g

                    </span>

                    <span class="secondary-qty hidden">

	  	<span class="secondary-qty-text"></span>
                    </span>
                </div>
            </div>

        </div>
        <form class="form-product  quickview-btn-simple" data-product-id="20972782_EA" data-min-qty="1.0" data-max-qty="999.0" data-unit-type="ea" data-cart-qty="1" data-default-qty="1" novalidate="novalidate" promoCode="" promoNumber="" data-is-customized="false" data-cart-url="/cart/product/20972782_EA" data-csrf-token="5582ec01-90c0-448b-b4f7-e2cf68d9f8a0" data-is-weighted-product="false">

            <div class="module-add-to-cart " data-change-type="plus" data-auto-edit="true" data-auto-add="true" data-cart-ajax-url="/cart/updateCart">
                <div class="wrapper-add-to-cart-btn">
                    <div class="module-add-to-cart-button-small">
                        <button type="button" class="btn btn-secondary btn-add-to-cart " data-auid="add-to-cart-button" data-has-pts-badge="false" aria-label="Add Potato Chips, Regular to cart">
                            <span class="icon-cart"></span>
                            <span class="add-to-cart-text">
											Add</span>
                        </button>
                        <button type="button" class="btn btn-secondary btn-edit-cart hidden " aria-label="Edit Cart">
                            <span class="qty-in-cart"></span>
                            <span class="edit-cart-text">
											<spring code="product.edit.text" />"
										</span>
                        </button>
                        <div class="add-list-parent add-list-module  bottom-add-list-module ">
                            <button class="btn btn-inline-link btn-save-to-list  dark is-btn-animated" data-login-url="/account/login?productCode=20972782_EA" data-ajax-url="/restful/lists/all?productCode=20972782_EA" data-user-guest="Y" data-user-guest="Y" data-product-code="20972782_EA" data-delete-item="false" aria-label="Add Potato Chips, Regular to a List">
                                <span class="glyphicon glyphicon-th-list"></span>
                                <div class="list-cta-text  is-btn-animated">Add to List</div>
                            </button>

                            <!-- this is the list HTML   -->
                            <div class="save-to-list-popup  is-btn-animated animation-up dark" data-save-to-list-error="Can not get lists at this time. Please try again later." data-product-name="Potato Chips, Regular">
                                <div class="inner-container">
                                </div>

                            </div>
                        </div>

                    </div>
                </div>
            </div>

            <div class="module-plus-minus-buttons small hidden ">
                <button type="button" class="btn cart-change-qty" data-change-type="minus" data-auid="decrease-product-quantity" alt="Minus" aria-label="Minus">
                    <span class="icon-minimize"></span>
                </button>
                <div class="plus-minus-input-wrapper">
                    <input class="input-qty cart-change-qty" aria-label="Enter manual quantity" type="text" name="qty" title="Change quantity in cart" data-unit-type="ea" value="1ea" data-change-type="equals" maxlength="7">

                    <span class="input-qty-pretty">
							<span class="input-qty-pretty-value">1</span>
                    <span class="input-qty-pretty-unit"></span>
                    </span>
                </div>

                <button type="button" class="btn cart-change-qty" data-change-type="plus" data-auid="increase-product-quantity" alt="Plus" aria-label="Plus">
                    <span class="icon-plus-sign"></span>
                </button>

                <p class="deal-limit-reached hidden">Deal Limit Reached</p>

                <div class="tooltip-qty-error tooltip-qty-limit hidden">
                    <p>
                        Limit to &nbsp; 999 &nbsp;each&nbsp; per customer.</p>
                </div>
                <div class="tooltip-qty-error tooltip-round-error hidden">
                    <p>
                        We do not have this in the weight you wanted. We've rounded your order to the nearest weight increment we stock.</p>
                </div>
            </div>
        </form>

        <!-- End Template: AddToCartSmall -->

    </div>
</div>
<div class="item">

    <div class="module-grocery-product quickview-simple  clicked" data-quickview-ajax-url="/p/20943961_EA/quickViewProduct" data-product-id="20943961_EA" data-product-price="$6.28">

        <span class="subtitle"></span>

        <div class="product-page-hotspot">
            <div class="product-cell quickview-button">
                <div class="product-image ">

                    <img src="https://assets.shop.loblaws.ca/products/20943961/b1/en/front/20943961_front_a01.png" onerror="this.src='https://assets.shop.loblaws.ca/products/NoImage/b1/en/front/NoImage_front_a01_@2.png';" alt="Rip-L Chips" />

                    <div class="hover-text-container">
                        <button href="#" tabindex="0" class="hover-text " aria-label="Quick View for Rip-L Chips.">Quick View</button>
                    </div>
                </div>
            </div>

            <div class="product-in-cart">
                <div class="wrapper-product-in-cart">
                    <span>
	  			    In Cart
	  		    </span>
                </div>
            </div>

            <div class="product-info">
                <div class="product-name-wrapper">
                    <a href="/Food/Pantry/Chips-%26-Salty-Snacks/Potato-Chips/Old-Dutch-RIP-L-Rip-L-Chips/p/20943961_EA" class="product-name" aria-label="Product page for Rip-L Chips">
                        <span class="js-product-entry-brand">Old Dutch&nbsp;</span>

                        <span class="js-product-entry-name">Rip-L Chips</span>

                        <span class="js-product-entry-size-detail">(600 g)</span>

                    </a>
                </div>

                <span class="ad-match-badge  hidden">Ad Match</span>

                <div class="price">
                    <div class="price-wrapper no-discount  ">
                        <span class="reg-price  " aria-label="Regular Price: $6.28">
					    <span class="reg-price-text">$6.28</span>

                        <sup class="reg-price-unit">ea</sup>
                        </span>
                        <span class="sale-price hidden" aria-label="Sale Price:">
					    <span class="sale-price-text"></span>
                        <sup class="sale-price-unit">ea</sup>
                        </span>

                        <span class="secondary-price hidden">

					    <span class="secondary-price-text" aria-label="Secondary Price:"></span>
                        </span>
                    </div>
                </div>

                <div class="qty">
                    <span class="reg-qty  ">

		  		<span class="sr-only">Sale Price Per Unit:</span> $1.05 / 100 g

                    </span>

                    <span class="sale-qty hidden">

		  		<span class="sr-only">Sale Price Per Unit:</span> $1.05 / 100 g

                    </span>

                    <span class="secondary-qty hidden">

	  	<span class="secondary-qty-text"></span>
                    </span>
                </div>
            </div>

        </div>
        <form class="form-product  quickview-btn-simple" data-product-id="20943961_EA" data-min-qty="1.0" data-max-qty="999.0" data-unit-type="ea" data-cart-qty="1" data-default-qty="1" novalidate="novalidate" promoCode="" promoNumber="" data-is-customized="false" data-cart-url="/cart/product/20943961_EA" data-csrf-token="5582ec01-90c0-448b-b4f7-e2cf68d9f8a0" data-is-weighted-product="false">

            <div class="module-add-to-cart " data-change-type="plus" data-auto-edit="true" data-auto-add="true" data-cart-ajax-url="/cart/updateCart">
                <div class="wrapper-add-to-cart-btn">
                    <div class="module-add-to-cart-button-small">
                        <button type="button" class="btn btn-secondary btn-add-to-cart " data-auid="add-to-cart-button" data-has-pts-badge="false" aria-label="Add Rip-L Chips to cart">
                            <span class="icon-cart"></span>
                            <span class="add-to-cart-text">
											Add</span>
                        </button>
                        <button type="button" class="btn btn-secondary btn-edit-cart hidden " aria-label="Edit Cart">
                            <span class="qty-in-cart"></span>
                            <span class="edit-cart-text">
											<spring code="product.edit.text" />"
										</span>
                        </button>
                        <div class="add-list-parent add-list-module  bottom-add-list-module ">
                            <button class="btn btn-inline-link btn-save-to-list  dark is-btn-animated" data-login-url="/account/login?productCode=20943961_EA" data-ajax-url="/restful/lists/all?productCode=20943961_EA" data-user-guest="Y" data-user-guest="Y" data-product-code="20943961_EA" data-delete-item="false" aria-label="Add Rip-L Chips to a List">
                                <span class="glyphicon glyphicon-th-list"></span>
                                <div class="list-cta-text  is-btn-animated">Add to List</div>
                            </button>

                            <!-- this is the list HTML   -->
                            <div class="save-to-list-popup  is-btn-animated animation-up dark" data-save-to-list-error="Can not get lists at this time. Please try again later." data-product-name="Rip-L Chips">
                                <div class="inner-container">
                                </div>

                            </div>
                        </div>

                    </div>
                </div>
            </div>

            <div class="module-plus-minus-buttons small hidden ">
                <button type="button" class="btn cart-change-qty" data-change-type="minus" data-auid="decrease-product-quantity" alt="Minus" aria-label="Minus">
                    <span class="icon-minimize"></span>
                </button>
                <div class="plus-minus-input-wrapper">
                    <input class="input-qty cart-change-qty" aria-label="Enter manual quantity" type="text" name="qty" title="Change quantity in cart" data-unit-type="ea" value="1ea" data-change-type="equals" maxlength="7">

                    <span class="input-qty-pretty">
							<span class="input-qty-pretty-value">1</span>
                    <span class="input-qty-pretty-unit"></span>
                    </span>
                </div>

                <button type="button" class="btn cart-change-qty" data-change-type="plus" data-auid="increase-product-quantity" alt="Plus" aria-label="Plus">
                    <span class="icon-plus-sign"></span>
                </button>

                <p class="deal-limit-reached hidden">Deal Limit Reached</p>

                <div class="tooltip-qty-error tooltip-qty-limit hidden">
                    <p>
                        Limit to &nbsp; 999 &nbsp;each&nbsp; per customer.</p>
                </div>
                <div class="tooltip-qty-error tooltip-round-error hidden">
                    <p>
                        We do not have this in the weight you wanted. We've rounded your order to the nearest weight increment we stock.</p>
                </div>
            </div>
        </form>

        <!-- End Template: AddToCartSmall -->

    </div>
</div>
<div class="item">

    <div class="module-grocery-product quickview-simple  clicked" data-quickview-ajax-url="/p/21158726_EA/quickViewProduct" data-product-id="21158726_EA" data-product-price="$4.49">

        <span class="subtitle"></span>

        <div class="product-page-hotspot">
            <div class="product-cell quickview-button">
                <div class="product-image ">

                    <img src="https://assets.shop.loblaws.ca/products/21158726/b1/en/front/21158726_front_a01.png" onerror="this.src='https://assets.shop.loblaws.ca/products/NoImage/b1/en/front/NoImage_front_a01_@2.png';" alt="Gourmet Popcorn Simply Salted" />

                    <div class="hover-text-container">
                        <button href="#" tabindex="0" class="hover-text " aria-label="Quick View for Gourmet Popcorn Simply Salted.">Quick View</button>
                    </div>
                </div>
            </div>

            <div class="product-in-cart">
                <div class="wrapper-product-in-cart">
                    <span>
	  			    In Cart
	  		    </span>
                </div>
            </div>

            <div class="product-info">
                <div class="product-name-wrapper">
                    <a href="/Food/Pantry/Chips-%26-Salty-Snacks/Potato-Chips/Orville-Gourmet-Popcorn-Simply-Salted/p/21158726_EA" class="product-name" aria-label="Product page for Gourmet Popcorn Simply Salted">
                        <span class="js-product-entry-brand">Orville&nbsp;</span>

                        <span class="js-product-entry-name">Gourmet Popcorn Simply Salted</span>

                        <span class="js-product-entry-size-detail">(492 g)</span>

                    </a>
                </div>

                <span class="ad-match-badge  hidden">Ad Match</span>

                <div class="price">
                    <div class="price-wrapper no-discount  ">
                        <span class="reg-price  " aria-label="Regular Price: $4.49">
					    <span class="reg-price-text">$4.49</span>

                        <sup class="reg-price-unit">ea</sup>
                        </span>
                        <span class="sale-price hidden" aria-label="Sale Price:">
					    <span class="sale-price-text"></span>
                        <sup class="sale-price-unit">ea</sup>
                        </span>

                        <span class="secondary-price hidden">

					    <span class="secondary-price-text" aria-label="Secondary Price:"></span>
                        </span>
                    </div>
                </div>

                <div class="qty">
                    <span class="reg-qty  ">

		  		<span class="sr-only">Sale Price Per Unit:</span> $0.91 / 100 g

                    </span>

                    <span class="sale-qty hidden">

		  		<span class="sr-only">Sale Price Per Unit:</span> $0.91 / 100 g

                    </span>

                    <span class="secondary-qty hidden">

	  	<span class="secondary-qty-text"></span>
                    </span>
                </div>
            </div>

        </div>
        <form class="form-product  quickview-btn-simple" data-product-id="21158726_EA" data-min-qty="1.0" data-max-qty="999.0" data-unit-type="ea" data-cart-qty="1" data-default-qty="1" novalidate="novalidate" promoCode="" promoNumber="" data-is-customized="false" data-cart-url="/cart/product/21158726_EA" data-csrf-token="5582ec01-90c0-448b-b4f7-e2cf68d9f8a0" data-is-weighted-product="false">

            <div class="module-add-to-cart " data-change-type="plus" data-auto-edit="true" data-auto-add="true" data-cart-ajax-url="/cart/updateCart">
                <div class="wrapper-add-to-cart-btn">
                    <div class="module-add-to-cart-button-small">
                        <button type="button" class="btn btn-secondary btn-add-to-cart " data-auid="add-to-cart-button" data-has-pts-badge="false" aria-label="Add Gourmet Popcorn Simply Salted to cart">
                            <span class="icon-cart"></span>
                            <span class="add-to-cart-text">
											Add</span>
                        </button>
                        <button type="button" class="btn btn-secondary btn-edit-cart hidden " aria-label="Edit Cart">
                            <span class="qty-in-cart"></span>
                            <span class="edit-cart-text">
											<spring code="product.edit.text" />"
										</span>
                        </button>
                        <div class="add-list-parent add-list-module  bottom-add-list-module ">
                            <button class="btn btn-inline-link btn-save-to-list  dark is-btn-animated" data-login-url="/account/login?productCode=21158726_EA" data-ajax-url="/restful/lists/all?productCode=21158726_EA" data-user-guest="Y" data-user-guest="Y" data-product-code="21158726_EA" data-delete-item="false" aria-label="Add Gourmet Popcorn Simply Salted to a List">
                                <span class="glyphicon glyphicon-th-list"></span>
                                <div class="list-cta-text  is-btn-animated">Add to List</div>
                            </button>

                            <!-- this is the list HTML   -->
                            <div class="save-to-list-popup  is-btn-animated animation-up dark" data-save-to-list-error="Can not get lists at this time. Please try again later." data-product-name="Gourmet Popcorn Simply Salted">
                                <div class="inner-container">
                                </div>

                            </div>
                        </div>

                    </div>
                </div>
            </div>

            <div class="module-plus-minus-buttons small hidden ">
                <button type="button" class="btn cart-change-qty" data-change-type="minus" data-auid="decrease-product-quantity" alt="Minus" aria-label="Minus">
                    <span class="icon-minimize"></span>
                </button>
                <div class="plus-minus-input-wrapper">
                    <input class="input-qty cart-change-qty" aria-label="Enter manual quantity" type="text" name="qty" title="Change quantity in cart" data-unit-type="ea" value="1ea" data-change-type="equals" maxlength="7">

                    <span class="input-qty-pretty">
							<span class="input-qty-pretty-value">1</span>
                    <span class="input-qty-pretty-unit"></span>
                    </span>
                </div>

                <button type="button" class="btn cart-change-qty" data-change-type="plus" data-auid="increase-product-quantity" alt="Plus" aria-label="Plus">
                    <span class="icon-plus-sign"></span>
                </button>

                <p class="deal-limit-reached hidden">Deal Limit Reached</p>

                <div class="tooltip-qty-error tooltip-qty-limit hidden">
                    <p>
                        Limit to &nbsp; 999 &nbsp;each&nbsp; per customer.</p>
                </div>
                <div class="tooltip-qty-error tooltip-round-error hidden">
                    <p>
                        We do not have this in the weight you wanted. We've rounded your order to the nearest weight increment we stock.</p>
                </div>
            </div>
        </form>

        <!-- End Template: AddToCartSmall -->

    </div>
</div>
<div class="item">

    <div class="module-grocery-product quickview-simple  clicked" data-quickview-ajax-url="/p/20810497003_EA/quickViewProduct" data-product-id="20810497003_EA" data-product-price="$1.68">

        <span class="subtitle"></span>

        <div class="product-page-hotspot">
            <div class="product-cell quickview-button">
                <div class="product-image ">

                    <img src="https://assets.shop.loblaws.ca/products/20810497003/b1/en/front/20810497003_front_a01.png" onerror="this.src='https://assets.shop.loblaws.ca/products/NoImage/b1/en/front/NoImage_front_a01_@2.png';" alt="Sea Salt And Malt Vinegar Flavour Kettle Cooked Potato Chips" />

                    <span class="sticker deal">
	  				        <span class="deal-badge">

	  				            <span class="module-deal-badge module-deal-badge-grid simple-save-unit "
	  						        data-deal-type="SAVE $0.80"
	  						        data-ajax-promo-url="/simpleDeal/deals/product-tile?productCode=20810497003_EA"
	  						        data-deal-id="20810497003_EA">
	  						        <span class="deal-type">SAVE $0.80</span>

                    <span class="deal-expiry">
		Exp. 01/03
	</span>

                    </span>
                    </span>
                    </span>

                    <div class="hover-text-container">
                        <button href="#" tabindex="0" class="hover-text " aria-label="Quick View for Sea Salt And Malt Vinegar Flavour Kettle Cooked Potato Chips.">Quick View</button>
                    </div>
                </div>
            </div>

            <div class="product-in-cart">
                <div class="wrapper-product-in-cart">
                    <span>
	  			    In Cart
	  		    </span>
                </div>
            </div>

            <div class="product-info">
                <div class="product-name-wrapper">
                    <a href="/Food/Pantry/Chips-%26-Salty-Snacks/Potato-Chips/Sea-Salt-And-Malt-Vinegar-Flavour-Kettle-Cooked-Potato-Chips/p/20810497003_EA" class="product-name" aria-label="Product page for Sea Salt And Malt Vinegar Flavour Kettle Cooked Potato Chips">
                        <span class="js-product-entry-brand">President's Choice&nbsp;</span>

                        <span class="js-product-entry-name">Sea Salt And Malt Vinegar Flavour Kettle Cooked Potato Chips</span>

                        <span class="js-product-entry-size-detail">(220 g)</span>

                    </a>
                </div>

                <span class="ad-match-badge  hidden">Ad Match</span>

                <div class="price">
                    <div class="price-wrapper discount promo-alert ">
                        <span class="reg-price  price-alert" aria-label="Regular Price: $1.68">
					    <span class="reg-price-text">$1.68</span>

                        <sup class="reg-price-unit">ea</sup>
                        </span>
                        <span class="sale-price hidden" aria-label="Sale Price:">
					    <span class="sale-price-text"></span>
                        <sup class="sale-price-unit">ea</sup>
                        </span>

                        <span class="old-price" aria-label="Original Price: $2.48">
						    <span class="old-price-text">$2.48</span>
                        </span>

                        <span class="secondary-price hidden">

					    <span class="secondary-price-text" aria-label="Secondary Price:"></span>
                        </span>
                    </div>
                </div>

                <div class="qty">
                    <span class="reg-qty  price-alert">

		  		<span class="sr-only">Sale Price Per Unit:</span> $0.76 / 100 g

                    </span>

                    <span class="sale-qty hidden">

		  		<span class="sr-only">Sale Price Per Unit:</span> $0.76 / 100 g

                    </span>

                    <span class="secondary-qty hidden">

	  	<span class="secondary-qty-text"></span>
                    </span>
                </div>
            </div>

        </div>
        <form class="form-product  quickview-btn-simple" data-product-id="20810497003_EA" data-min-qty="1.0" data-max-qty="999.0" data-unit-type="ea" data-cart-qty="1" data-default-qty="1" novalidate="novalidate" promoCode="" promoNumber="" data-is-customized="false" data-cart-url="/cart/product/20810497003_EA" data-csrf-token="5582ec01-90c0-448b-b4f7-e2cf68d9f8a0" data-is-weighted-product="false">

            <div class="module-add-to-cart " data-change-type="plus" data-auto-edit="true" data-auto-add="true" data-cart-ajax-url="/cart/updateCart">
                <div class="wrapper-add-to-cart-btn">
                    <div class="module-add-to-cart-button-small">
                        <button type="button" class="btn btn-secondary btn-add-to-cart " data-auid="add-to-cart-button" data-has-pts-badge="false" aria-label="Add Sea Salt And Malt Vinegar Flavour Kettle Cooked Potato Chips to cart">
                            <span class="icon-cart"></span>
                            <span class="add-to-cart-text">
											Add</span>
                        </button>
                        <button type="button" class="btn btn-secondary btn-edit-cart hidden " aria-label="Edit Cart">
                            <span class="qty-in-cart"></span>
                            <span class="edit-cart-text">
											<spring code="product.edit.text" />"
										</span>
                        </button>
                        <div class="add-list-parent add-list-module  bottom-add-list-module ">
                            <button class="btn btn-inline-link btn-save-to-list  dark is-btn-animated" data-login-url="/account/login?productCode=20810497003_EA" data-ajax-url="/restful/lists/all?productCode=20810497003_EA" data-user-guest="Y" data-user-guest="Y" data-product-code="20810497003_EA" data-delete-item="false" aria-label="Add Sea Salt And Malt Vinegar Flavour Kettle Cooked Potato Chips to a List">
                                <span class="glyphicon glyphicon-th-list"></span>
                                <div class="list-cta-text  is-btn-animated">Add to List</div>
                            </button>

                            <!-- this is the list HTML   -->
                            <div class="save-to-list-popup  is-btn-animated animation-up dark" data-save-to-list-error="Can not get lists at this time. Please try again later." data-product-name="Sea Salt And Malt Vinegar Flavour Kettle Cooked Potato Chips">
                                <div class="inner-container">
                                </div>

                            </div>
                        </div>

                    </div>
                </div>
            </div>

            <div class="module-plus-minus-buttons small hidden ">
                <button type="button" class="btn cart-change-qty" data-change-type="minus" data-auid="decrease-product-quantity" alt="Minus" aria-label="Minus">
                    <span class="icon-minimize"></span>
                </button>
                <div class="plus-minus-input-wrapper">
                    <input class="input-qty cart-change-qty" aria-label="Enter manual quantity" type="text" name="qty" title="Change quantity in cart" data-unit-type="ea" value="1ea" data-change-type="equals" maxlength="7">

                    <span class="input-qty-pretty">
							<span class="input-qty-pretty-value">1</span>
                    <span class="input-qty-pretty-unit"></span>
                    </span>
                </div>

                <button type="button" class="btn cart-change-qty" data-change-type="plus" data-auid="increase-product-quantity" alt="Plus" aria-label="Plus">
                    <span class="icon-plus-sign"></span>
                </button>

                <p class="deal-limit-reached hidden">Deal Limit Reached</p>

                <div class="tooltip-qty-error tooltip-qty-limit hidden">
                    <p>
                        Limit to &nbsp; 999 &nbsp;each&nbsp; per customer.</p>
                </div>
                <div class="tooltip-qty-error tooltip-round-error hidden">
                    <p>
                        We do not have this in the weight you wanted. We've rounded your order to the nearest weight increment we stock.</p>
                </div>
            </div>
        </form>

        <!-- End Template: AddToCartSmall -->

    </div>
</div>
<div class="item">

    <div class="module-grocery-product quickview-simple  clicked" data-quickview-ajax-url="/p/20841921001_EA/quickViewProduct" data-product-id="20841921001_EA" data-product-price="$1.68">

        <span class="subtitle"></span>

        <div class="product-page-hotspot">
            <div class="product-cell quickview-button">
                <div class="product-image ">

                    <img src="https://assets.shop.loblaws.ca/products/20841921001/b1/en/front/20841921001_front_a01.png" onerror="this.src='https://assets.shop.loblaws.ca/products/NoImage/b1/en/front/NoImage_front_a01_@2.png';" alt="Thick Cut Potato Chips Original Flavour" />

                    <span class="sticker deal">
	  				        <span class="deal-badge">

	  				            <span class="module-deal-badge module-deal-badge-grid simple-save-unit "
	  						        data-deal-type="SAVE $0.20"
	  						        data-ajax-promo-url="/simpleDeal/deals/product-tile?productCode=20841921001_EA"
	  						        data-deal-id="20841921001_EA">
	  						        <span class="deal-type">SAVE $0.20</span>

                    <span class="deal-expiry">
		Exp. 01/03
	</span>

                    </span>
                    </span>
                    </span>

                    <div class="hover-text-container">
                        <button href="#" tabindex="0" class="hover-text " aria-label="Quick View for Thick Cut Potato Chips Original Flavour.">Quick View</button>
                    </div>
                </div>
            </div>

            <div class="product-in-cart">
                <div class="wrapper-product-in-cart">
                    <span>
	  			    In Cart
	  		    </span>
                </div>
            </div>

            <div class="product-info">
                <div class="product-name-wrapper">
                    <a href="/Food/Pantry/Chips-%26-Salty-Snacks/Potato-Chips/President%27s-Choice-Thick-Cut-Potato-Chips-Original-Flavour/p/20841921001_EA" class="product-name" aria-label="Product page for Thick Cut Potato Chips Original Flavour">
                        <span class="js-product-entry-brand">President's Choice&nbsp;</span>

                        <span class="js-product-entry-name">Thick Cut Potato Chips Original Flavour</span>

                        <span class="js-product-entry-size-detail">(200 g)</span>

                    </a>
                </div>

                <span class="ad-match-badge  hidden">Ad Match</span>

                <div class="price">
                    <div class="price-wrapper discount promo-alert ">
                        <span class="reg-price  price-alert" aria-label="Regular Price: $1.68">
					    <span class="reg-price-text">$1.68</span>

                        <sup class="reg-price-unit">ea</sup>
                        </span>
                        <span class="sale-price hidden" aria-label="Sale Price:">
					    <span class="sale-price-text"></span>
                        <sup class="sale-price-unit">ea</sup>
                        </span>

                        <span class="old-price" aria-label="Original Price: $1.88">
						    <span class="old-price-text">$1.88</span>
                        </span>

                        <span class="secondary-price hidden">

					    <span class="secondary-price-text" aria-label="Secondary Price:"></span>
                        </span>
                    </div>
                </div>

                <div class="qty">
                    <span class="reg-qty  price-alert">

		  		<span class="sr-only">Sale Price Per Unit:</span> $0.84 / 100 g

                    </span>

                    <span class="sale-qty hidden">

		  		<span class="sr-only">Sale Price Per Unit:</span> $0.84 / 100 g

                    </span>

                    <span class="secondary-qty hidden">

	  	<span class="secondary-qty-text"></span>
                    </span>
                </div>
            </div>

        </div>
        <form class="form-product  quickview-btn-simple" data-product-id="20841921001_EA" data-min-qty="1.0" data-max-qty="999.0" data-unit-type="ea" data-cart-qty="1" data-default-qty="1" novalidate="novalidate" promoCode="" promoNumber="" data-is-customized="false" data-cart-url="/cart/product/20841921001_EA" data-csrf-token="5582ec01-90c0-448b-b4f7-e2cf68d9f8a0" data-is-weighted-product="false">

            <div class="module-add-to-cart " data-change-type="plus" data-auto-edit="true" data-auto-add="true" data-cart-ajax-url="/cart/updateCart">
                <div class="wrapper-add-to-cart-btn">
                    <div class="module-add-to-cart-button-small">
                        <button type="button" class="btn btn-secondary btn-add-to-cart " data-auid="add-to-cart-button" data-has-pts-badge="false" aria-label="Add Thick Cut Potato Chips Original Flavour to cart">
                            <span class="icon-cart"></span>
                            <span class="add-to-cart-text">
											Add</span>
                        </button>
                        <button type="button" class="btn btn-secondary btn-edit-cart hidden " aria-label="Edit Cart">
                            <span class="qty-in-cart"></span>
                            <span class="edit-cart-text">
											<spring code="product.edit.text" />"
										</span>
                        </button>
                        <div class="add-list-parent add-list-module  bottom-add-list-module ">
                            <button class="btn btn-inline-link btn-save-to-list  dark is-btn-animated" data-login-url="/account/login?productCode=20841921001_EA" data-ajax-url="/restful/lists/all?productCode=20841921001_EA" data-user-guest="Y" data-user-guest="Y" data-product-code="20841921001_EA" data-delete-item="false" aria-label="Add Thick Cut Potato Chips Original Flavour to a List">
                                <span class="glyphicon glyphicon-th-list"></span>
                                <div class="list-cta-text  is-btn-animated">Add to List</div>
                            </button>

                            <!-- this is the list HTML   -->
                            <div class="save-to-list-popup  is-btn-animated animation-up dark" data-save-to-list-error="Can not get lists at this time. Please try again later." data-product-name="Thick Cut Potato Chips Original Flavour">
                                <div class="inner-container">
                                </div>

                            </div>
                        </div>

                    </div>
                </div>
            </div>

            <div class="module-plus-minus-buttons small hidden ">
                <button type="button" class="btn cart-change-qty" data-change-type="minus" data-auid="decrease-product-quantity" alt="Minus" aria-label="Minus">
                    <span class="icon-minimize"></span>
                </button>
                <div class="plus-minus-input-wrapper">
                    <input class="input-qty cart-change-qty" aria-label="Enter manual quantity" type="text" name="qty" title="Change quantity in cart" data-unit-type="ea" value="1ea" data-change-type="equals" maxlength="7">

                    <span class="input-qty-pretty">
							<span class="input-qty-pretty-value">1</span>
                    <span class="input-qty-pretty-unit"></span>
                    </span>
                </div>

                <button type="button" class="btn cart-change-qty" data-change-type="plus" data-auid="increase-product-quantity" alt="Plus" aria-label="Plus">
                    <span class="icon-plus-sign"></span>
                </button>

                <p class="deal-limit-reached hidden">Deal Limit Reached</p>

                <div class="tooltip-qty-error tooltip-qty-limit hidden">
                    <p>
                        Limit to &nbsp; 999 &nbsp;each&nbsp; per customer.</p>
                </div>
                <div class="tooltip-qty-error tooltip-round-error hidden">
                    <p>
                        We do not have this in the weight you wanted. We've rounded your order to the nearest weight increment we stock.</p>
                </div>
            </div>
        </form>

        <!-- End Template: AddToCartSmall -->

    </div>
</div>
<div class="item">

    <div class="module-grocery-product quickview-simple  clicked" data-quickview-ajax-url="/p/21050572_EA/quickViewProduct" data-product-id="21050572_EA" data-product-price="$2.97">

        <span class="subtitle"></span>

        <div class="product-page-hotspot">
            <div class="product-cell quickview-button">
                <div class="product-image ">

                    <img src="https://assets.shop.loblaws.ca/products/21050572/b1/en/front/21050572_front_a01.png" onerror="this.src='https://assets.shop.loblaws.ca/products/NoImage/b1/en/front/NoImage_front_a01_@2.png';" alt="Tortilla Chips, Scoops!" />

                    <span class="sticker deal">
	  				        <span class="deal-badge">

	  				            <span class="module-deal-badge module-deal-badge-grid simple-save-unit "
	  						        data-deal-type="2 FOR $5.00"
	  						        data-ajax-promo-url="/simpleDeal/deals/product-tile?productCode=21050572_EA"
	  						        data-deal-id="21050572_EA">
	  						        <span class="deal-type">2 FOR $5.00</span>

                    <span class="deal-expiry">
		Exp. 12/19
	</span>

                    </span>
                    </span>
                    </span>

                    <div class="hover-text-container">
                        <button href="#" tabindex="0" class="hover-text " aria-label="Quick View for Tortilla Chips, Scoops!.">Quick View</button>
                    </div>
                </div>
            </div>

            <div class="product-in-cart">
                <div class="wrapper-product-in-cart">
                    <span>
	  			    In Cart
	  		    </span>
                </div>
            </div>

            <div class="product-info">
                <div class="product-name-wrapper">
                    <a href="/Food/Pantry/Chips-%26-Salty-Snacks/Tortilla-Chips/Tostitos-Tortilla-Chips%2C-Scoops%21/p/21050572_EA" class="product-name" aria-label="Product page for Tortilla Chips, Scoops!">
                        <span class="js-product-entry-brand">Tostitos&nbsp;</span>

                        <span class="js-product-entry-name">Tortilla Chips, Scoops!</span>

                        <span class="js-product-entry-size-detail">(215 g)</span>

                    </a>
                </div>

                <span class="ad-match-badge  hidden">Ad Match</span>

                <div class="price">
                    <div class="price-wrapper no-discount  ">
                        <span class="reg-price  " aria-label="Regular Price: $2.97">
					    <span class="reg-price-text">$2.97</span>

                        <sup class="reg-price-unit">ea</sup>
                        </span>
                        <span class="sale-price hidden" aria-label="Sale Price:">
					    <span class="sale-price-text"></span>
                        <sup class="sale-price-unit">ea</sup>
                        </span>

                        <span class="secondary-price hidden">

					    <span class="secondary-price-text" aria-label="Secondary Price:"></span>
                        </span>
                    </div>
                </div>

                <div class="qty">
                    <span class="reg-qty  ">

		  		<span class="sr-only">Sale Price Per Unit:</span> $1.38 / 100 g

                    </span>

                    <span class="sale-qty hidden">

		  		<span class="sr-only">Sale Price Per Unit:</span> $1.38 / 100 g

                    </span>

                    <span class="secondary-qty hidden">

	  	<span class="secondary-qty-text"></span>
                    </span>
                </div>
            </div>

        </div>
        <form class="form-product  quickview-btn-simple" data-product-id="21050572_EA" data-min-qty="1.0" data-max-qty="999.0" data-unit-type="ea" data-cart-qty="1" data-default-qty="1" novalidate="novalidate" promoCode="" promoNumber="" data-is-customized="false" data-cart-url="/cart/product/21050572_EA" data-csrf-token="5582ec01-90c0-448b-b4f7-e2cf68d9f8a0" data-is-weighted-product="false">

            <div class="module-add-to-cart " data-change-type="plus" data-auto-edit="true" data-auto-add="true" data-cart-ajax-url="/cart/updateCart">
                <div class="wrapper-add-to-cart-btn">
                    <div class="module-add-to-cart-button-small">
                        <button type="button" class="btn btn-secondary btn-add-to-cart " data-auid="add-to-cart-button" data-has-pts-badge="false" aria-label="Add Tortilla Chips, Scoops! to cart">
                            <span class="icon-cart"></span>
                            <span class="add-to-cart-text">
											Add</span>
                        </button>
                        <button type="button" class="btn btn-secondary btn-edit-cart hidden " aria-label="Edit Cart">
                            <span class="qty-in-cart"></span>
                            <span class="edit-cart-text">
											<spring code="product.edit.text" />"
										</span>
                        </button>
                        <div class="add-list-parent add-list-module  bottom-add-list-module ">
                            <button class="btn btn-inline-link btn-save-to-list  dark is-btn-animated" data-login-url="/account/login?productCode=21050572_EA" data-ajax-url="/restful/lists/all?productCode=21050572_EA" data-user-guest="Y" data-user-guest="Y" data-product-code="21050572_EA" data-delete-item="false" aria-label="Add Tortilla Chips, Scoops! to a List">
                                <span class="glyphicon glyphicon-th-list"></span>
                                <div class="list-cta-text  is-btn-animated">Add to List</div>
                            </button>

                            <!-- this is the list HTML   -->
                            <div class="save-to-list-popup  is-btn-animated animation-up dark" data-save-to-list-error="Can not get lists at this time. Please try again later." data-product-name="Tortilla Chips, Scoops!">
                                <div class="inner-container">
                                </div>

                            </div>
                        </div>

                    </div>
                </div>
            </div>

            <div class="module-plus-minus-buttons small hidden ">
                <button type="button" class="btn cart-change-qty" data-change-type="minus" data-auid="decrease-product-quantity" alt="Minus" aria-label="Minus">
                    <span class="icon-minimize"></span>
                </button>
                <div class="plus-minus-input-wrapper">
                    <input class="input-qty cart-change-qty" aria-label="Enter manual quantity" type="text" name="qty" title="Change quantity in cart" data-unit-type="ea" value="1ea" data-change-type="equals" maxlength="7">

                    <span class="input-qty-pretty">
							<span class="input-qty-pretty-value">1</span>
                    <span class="input-qty-pretty-unit"></span>
                    </span>
                </div>

                <button type="button" class="btn cart-change-qty" data-change-type="plus" data-auid="increase-product-quantity" alt="Plus" aria-label="Plus">
                    <span class="icon-plus-sign"></span>
                </button>

                <p class="deal-limit-reached hidden">Deal Limit Reached</p>

                <div class="tooltip-qty-error tooltip-qty-limit hidden">
                    <p>
                        Limit to &nbsp; 999 &nbsp;each&nbsp; per customer.</p>
                </div>
                <div class="tooltip-qty-error tooltip-round-error hidden">
                    <p>
                        We do not have this in the weight you wanted. We've rounded your order to the nearest weight increment we stock.</p>
                </div>
            </div>
        </form>

        <!-- End Template: AddToCartSmall -->

    </div>
</div>
<div class="item">

    <div class="module-grocery-product quickview-simple  clicked" data-quickview-ajax-url="/p/20971861_EA/quickViewProduct" data-product-id="20971861_EA" data-product-price="$4.58">

        <span class="subtitle"></span>

        <div class="product-page-hotspot">
            <div class="product-cell quickview-button">
                <div class="product-image ">

                    <img src="https://assets.shop.loblaws.ca/products/20971861/b1/en/front/20971861_front_a01.png" onerror="this.src='https://assets.shop.loblaws.ca/products/NoImage/b1/en/front/NoImage_front_a01_@2.png';" alt="Potato Chips, Classic" />

                    <div class="hover-text-container">
                        <button href="#" tabindex="0" class="hover-text " aria-label="Quick View for Potato Chips, Classic.">Quick View</button>
                    </div>
                </div>
            </div>

            <div class="product-in-cart">
                <div class="wrapper-product-in-cart">
                    <span>
	  			    In Cart
	  		    </span>
                </div>
            </div>

            <div class="product-info">
                <div class="product-name-wrapper">
                    <a href="/Food/Pantry/Chips-%26-Salty-Snacks/Potato-Chips/Lay%27s-Potato-Chips%2C-Classic/p/20971861_EA" class="product-name" aria-label="Product page for Potato Chips, Classic">
                        <span class="js-product-entry-brand">Lay's&nbsp;</span>

                        <span class="js-product-entry-name">Potato Chips, Classic</span>

                        <span class="js-product-entry-size-detail">(450 g)</span>

                    </a>
                </div>

                <span class="ad-match-badge  hidden">Ad Match</span>

                <div class="price">
                    <div class="price-wrapper no-discount  ">
                        <span class="reg-price  " aria-label="Regular Price: $4.58">
					    <span class="reg-price-text">$4.58</span>

                        <sup class="reg-price-unit">ea</sup>
                        </span>
                        <span class="sale-price hidden" aria-label="Sale Price:">
					    <span class="sale-price-text"></span>
                        <sup class="sale-price-unit">ea</sup>
                        </span>

                        <span class="secondary-price hidden">

					    <span class="secondary-price-text" aria-label="Secondary Price:"></span>
                        </span>
                    </div>
                </div>

                <div class="qty">
                    <span class="reg-qty  ">

		  		<span class="sr-only">Sale Price Per Unit:</span> $1.02 / 100 g

                    </span>

                    <span class="sale-qty hidden">

		  		<span class="sr-only">Sale Price Per Unit:</span> $1.02 / 100 g

                    </span>

                    <span class="secondary-qty hidden">

	  	<span class="secondary-qty-text"></span>
                    </span>
                </div>
            </div>

        </div>
        <form class="form-product  quickview-btn-simple" data-product-id="20971861_EA" data-min-qty="1.0" data-max-qty="999.0" data-unit-type="ea" data-cart-qty="1" data-default-qty="1" novalidate="novalidate" promoCode="" promoNumber="" data-is-customized="false" data-cart-url="/cart/product/20971861_EA" data-csrf-token="5582ec01-90c0-448b-b4f7-e2cf68d9f8a0" data-is-weighted-product="false">

            <div class="module-add-to-cart " data-change-type="plus" data-auto-edit="true" data-auto-add="true" data-cart-ajax-url="/cart/updateCart">
                <div class="wrapper-add-to-cart-btn">
                    <div class="module-add-to-cart-button-small">
                        <button type="button" class="btn btn-secondary btn-add-to-cart " data-auid="add-to-cart-button" data-has-pts-badge="false" aria-label="Add Potato Chips, Classic to cart">
                            <span class="icon-cart"></span>
                            <span class="add-to-cart-text">
											Add</span>
                        </button>
                        <button type="button" class="btn btn-secondary btn-edit-cart hidden " aria-label="Edit Cart">
                            <span class="qty-in-cart"></span>
                            <span class="edit-cart-text">
											<spring code="product.edit.text" />"
										</span>
                        </button>
                        <div class="add-list-parent add-list-module  bottom-add-list-module ">
                            <button class="btn btn-inline-link btn-save-to-list  dark is-btn-animated" data-login-url="/account/login?productCode=20971861_EA" data-ajax-url="/restful/lists/all?productCode=20971861_EA" data-user-guest="Y" data-user-guest="Y" data-product-code="20971861_EA" data-delete-item="false" aria-label="Add Potato Chips, Classic to a List">
                                <span class="glyphicon glyphicon-th-list"></span>
                                <div class="list-cta-text  is-btn-animated">Add to List</div>
                            </button>

                            <!-- this is the list HTML   -->
                            <div class="save-to-list-popup  is-btn-animated animation-up dark" data-save-to-list-error="Can not get lists at this time. Please try again later." data-product-name="Potato Chips, Classic">
                                <div class="inner-container">
                                </div>

                            </div>
                        </div>

                    </div>
                </div>
            </div>

            <div class="module-plus-minus-buttons small hidden ">
                <button type="button" class="btn cart-change-qty" data-change-type="minus" data-auid="decrease-product-quantity" alt="Minus" aria-label="Minus">
                    <span class="icon-minimize"></span>
                </button>
                <div class="plus-minus-input-wrapper">
                    <input class="input-qty cart-change-qty" aria-label="Enter manual quantity" type="text" name="qty" title="Change quantity in cart" data-unit-type="ea" value="1ea" data-change-type="equals" maxlength="7">

                    <span class="input-qty-pretty">
							<span class="input-qty-pretty-value">1</span>
                    <span class="input-qty-pretty-unit"></span>
                    </span>
                </div>

                <button type="button" class="btn cart-change-qty" data-change-type="plus" data-auid="increase-product-quantity" alt="Plus" aria-label="Plus">
                    <span class="icon-plus-sign"></span>
                </button>

                <p class="deal-limit-reached hidden">Deal Limit Reached</p>

                <div class="tooltip-qty-error tooltip-qty-limit hidden">
                    <p>
                        Limit to &nbsp; 999 &nbsp;each&nbsp; per customer.</p>
                </div>
                <div class="tooltip-qty-error tooltip-round-error hidden">
                    <p>
                        We do not have this in the weight you wanted. We've rounded your order to the nearest weight increment we stock.</p>
                </div>
            </div>
        </form>

        <!-- End Template: AddToCartSmall -->

    </div>
</div>
<div class="item">

    <div class="module-grocery-product quickview-simple  clicked" data-quickview-ajax-url="/p/20944617_EA/quickViewProduct" data-product-id="20944617_EA" data-product-price="$3.27">

        <span class="subtitle"></span>

        <div class="product-page-hotspot">
            <div class="product-cell quickview-button">
                <div class="product-image ">

                    <img src="https://assets.shop.loblaws.ca/products/20944617/b1/en/front/20944617_front_a01.png" onerror="this.src='https://assets.shop.loblaws.ca/products/NoImage/b1/en/front/NoImage_front_a01_@2.png';" alt="Puffs Cheese Flavoured Snacks, Cheese" />

                    <div class="hover-text-container">
                        <button href="#" tabindex="0" class="hover-text " aria-label="Quick View for Puffs Cheese Flavoured Snacks, Cheese.">Quick View</button>
                    </div>
                </div>
            </div>

            <div class="product-in-cart">
                <div class="wrapper-product-in-cart">
                    <span>
	  			    In Cart
	  		    </span>
                </div>
            </div>

            <div class="product-info">
                <div class="product-name-wrapper">
                    <a href="/Food/Pantry/Chips-%26-Salty-Snacks/Tortilla-Chips/Cheetos-PUFFS-Puffs-Cheese-Flavoured-Snacks%2C-Cheese/p/20944617_EA" class="product-name" aria-label="Product page for Puffs Cheese Flavoured Snacks, Cheese">

                        <span class="js-product-entry-name">Puffs Cheese Flavoured Snacks, Cheese</span>

                        <span class="js-product-entry-size-detail">(280 g)</span>

                    </a>
                </div>

                <span class="ad-match-badge  hidden">Ad Match</span>

                <div class="price">
                    <div class="price-wrapper no-discount  ">
                        <span class="reg-price  " aria-label="Regular Price: $3.27">
					    <span class="reg-price-text">$3.27</span>

                        <sup class="reg-price-unit">ea</sup>
                        </span>
                        <span class="sale-price hidden" aria-label="Sale Price:">
					    <span class="sale-price-text"></span>
                        <sup class="sale-price-unit">ea</sup>
                        </span>

                        <span class="secondary-price hidden">

					    <span class="secondary-price-text" aria-label="Secondary Price:"></span>
                        </span>
                    </div>
                </div>

                <div class="qty">
                    <span class="reg-qty  ">

		  		<span class="sr-only">Sale Price Per Unit:</span> $1.17 / 100 g

                    </span>

                    <span class="sale-qty hidden">

		  		<span class="sr-only">Sale Price Per Unit:</span> $1.17 / 100 g

                    </span>

                    <span class="secondary-qty hidden">

	  	<span class="secondary-qty-text"></span>
                    </span>
                </div>
            </div>

        </div>
        <form class="form-product  quickview-btn-simple" data-product-id="20944617_EA" data-min-qty="1.0" data-max-qty="999.0" data-unit-type="ea" data-cart-qty="1" data-default-qty="1" novalidate="novalidate" promoCode="" promoNumber="" data-is-customized="false" data-cart-url="/cart/product/20944617_EA" data-csrf-token="5582ec01-90c0-448b-b4f7-e2cf68d9f8a0" data-is-weighted-product="false">

            <div class="module-add-to-cart " data-change-type="plus" data-auto-edit="true" data-auto-add="true" data-cart-ajax-url="/cart/updateCart">
                <div class="wrapper-add-to-cart-btn">
                    <div class="module-add-to-cart-button-small">
                        <button type="button" class="btn btn-secondary btn-add-to-cart " data-auid="add-to-cart-button" data-has-pts-badge="false" aria-label="Add Puffs Cheese Flavoured Snacks, Cheese to cart">
                            <span class="icon-cart"></span>
                            <span class="add-to-cart-text">
											Add</span>
                        </button>
                        <button type="button" class="btn btn-secondary btn-edit-cart hidden " aria-label="Edit Cart">
                            <span class="qty-in-cart"></span>
                            <span class="edit-cart-text">
											<spring code="product.edit.text" />"
										</span>
                        </button>
                        <div class="add-list-parent add-list-module  bottom-add-list-module ">
                            <button class="btn btn-inline-link btn-save-to-list  dark is-btn-animated" data-login-url="/account/login?productCode=20944617_EA" data-ajax-url="/restful/lists/all?productCode=20944617_EA" data-user-guest="Y" data-user-guest="Y" data-product-code="20944617_EA" data-delete-item="false" aria-label="Add Puffs Cheese Flavoured Snacks, Cheese to a List">
                                <span class="glyphicon glyphicon-th-list"></span>
                                <div class="list-cta-text  is-btn-animated">Add to List</div>
                            </button>

                            <!-- this is the list HTML   -->
                            <div class="save-to-list-popup  is-btn-animated animation-up dark" data-save-to-list-error="Can not get lists at this time. Please try again later." data-product-name="Puffs Cheese Flavoured Snacks, Cheese">
                                <div class="inner-container">
                                </div>

                            </div>
                        </div>

                    </div>
                </div>
            </div>

            <div class="module-plus-minus-buttons small hidden ">
                <button type="button" class="btn cart-change-qty" data-change-type="minus" data-auid="decrease-product-quantity" alt="Minus" aria-label="Minus">
                    <span class="icon-minimize"></span>
                </button>
                <div class="plus-minus-input-wrapper">
                    <input class="input-qty cart-change-qty" aria-label="Enter manual quantity" type="text" name="qty" title="Change quantity in cart" data-unit-type="ea" value="1ea" data-change-type="equals" maxlength="7">

                    <span class="input-qty-pretty">
							<span class="input-qty-pretty-value">1</span>
                    <span class="input-qty-pretty-unit"></span>
                    </span>
                </div>

                <button type="button" class="btn cart-change-qty" data-change-type="plus" data-auid="increase-product-quantity" alt="Plus" aria-label="Plus">
                    <span class="icon-plus-sign"></span>
                </button>

                <p class="deal-limit-reached hidden">Deal Limit Reached</p>

                <div class="tooltip-qty-error tooltip-qty-limit hidden">
                    <p>
                        Limit to &nbsp; 999 &nbsp;each&nbsp; per customer.</p>
                </div>
                <div class="tooltip-qty-error tooltip-round-error hidden">
                    <p>
                        We do not have this in the weight you wanted. We've rounded your order to the nearest weight increment we stock.</p>
                </div>
            </div>
        </form>

        <!-- End Template: AddToCartSmall -->

    </div>
</div>
<div class="item">

    <div class="module-grocery-product quickview-simple  clicked" data-quickview-ajax-url="/p/20763198_EA/quickViewProduct" data-product-id="20763198_EA" data-product-price="$4.98">

        <span class="subtitle"></span>

        <div class="product-page-hotspot">
            <div class="product-cell quickview-button">
                <div class="product-image ">

                    <img src="https://assets.shop.loblaws.ca/products/20763198/b1/en/front/20763198_front_a01.png" onerror="this.src='https://assets.shop.loblaws.ca/products/NoImage/b1/en/front/NoImage_front_a01_@2.png';" alt="Potato Chips, Classic" />

                    <div class="hover-text-container">
                        <button href="#" tabindex="0" class="hover-text " aria-label="Quick View for Potato Chips, Classic.">Quick View</button>
                    </div>
                </div>
            </div>

            <div class="product-in-cart">
                <div class="wrapper-product-in-cart">
                    <span>
	  			    In Cart
	  		    </span>
                </div>
            </div>

            <div class="product-info">
                <div class="product-name-wrapper">
                    <a href="/Food/Pantry/Chips-%26-Salty-Snacks/Potato-Chips/Lay%27s-Potato-Chips%2C-Classic/p/20763198_EA" class="product-name" aria-label="Product page for Potato Chips, Classic">
                        <span class="js-product-entry-brand">Lay's&nbsp;</span>

                        <span class="js-product-entry-name">Potato Chips, Classic</span>

                        <span class="js-product-entry-size-detail">(475 g)</span>

                    </a>
                </div>

                <span class="ad-match-badge  hidden">Ad Match</span>

                <div class="price">
                    <div class="price-wrapper no-discount  ">
                        <span class="reg-price  " aria-label="Regular Price: $4.98">
					    <span class="reg-price-text">$4.98</span>

                        <sup class="reg-price-unit">ea</sup>
                        </span>
                        <span class="sale-price hidden" aria-label="Sale Price:">
					    <span class="sale-price-text"></span>
                        <sup class="sale-price-unit">ea</sup>
                        </span>

                        <span class="secondary-price hidden">

					    <span class="secondary-price-text" aria-label="Secondary Price:"></span>
                        </span>
                    </div>
                </div>

                <div class="qty">
                    <span class="reg-qty  ">

		  		<span class="sr-only">Sale Price Per Unit:</span> $1.05 / 100 g

                    </span>

                    <span class="sale-qty hidden">

		  		<span class="sr-only">Sale Price Per Unit:</span> $1.05 / 100 g

                    </span>

                    <span class="secondary-qty hidden">

	  	<span class="secondary-qty-text"></span>
                    </span>
                </div>
            </div>

        </div>
        <form class="form-product  quickview-btn-simple" data-product-id="20763198_EA" data-min-qty="1.0" data-max-qty="999.0" data-unit-type="ea" data-cart-qty="1" data-default-qty="1" novalidate="novalidate" promoCode="" promoNumber="" data-is-customized="false" data-cart-url="/cart/product/20763198_EA" data-csrf-token="5582ec01-90c0-448b-b4f7-e2cf68d9f8a0" data-is-weighted-product="false">

            <div class="module-add-to-cart " data-change-type="plus" data-auto-edit="true" data-auto-add="true" data-cart-ajax-url="/cart/updateCart">
                <div class="wrapper-add-to-cart-btn">
                    <div class="module-add-to-cart-button-small">
                        <button type="button" class="btn btn-secondary btn-add-to-cart " data-auid="add-to-cart-button" data-has-pts-badge="false" aria-label="Add Potato Chips, Classic to cart">
                            <span class="icon-cart"></span>
                            <span class="add-to-cart-text">
											Add</span>
                        </button>
                        <button type="button" class="btn btn-secondary btn-edit-cart hidden " aria-label="Edit Cart">
                            <span class="qty-in-cart"></span>
                            <span class="edit-cart-text">
											<spring code="product.edit.text" />"
										</span>
                        </button>
                        <div class="add-list-parent add-list-module  bottom-add-list-module ">
                            <button class="btn btn-inline-link btn-save-to-list  dark is-btn-animated" data-login-url="/account/login?productCode=20763198_EA" data-ajax-url="/restful/lists/all?productCode=20763198_EA" data-user-guest="Y" data-user-guest="Y" data-product-code="20763198_EA" data-delete-item="false" aria-label="Add Potato Chips, Classic to a List">
                                <span class="glyphicon glyphicon-th-list"></span>
                                <div class="list-cta-text  is-btn-animated">Add to List</div>
                            </button>

                            <!-- this is the list HTML   -->
                            <div class="save-to-list-popup  is-btn-animated animation-up dark" data-save-to-list-error="Can not get lists at this time. Please try again later." data-product-name="Potato Chips, Classic">
                                <div class="inner-container">
                                </div>

                            </div>
                        </div>

                    </div>
                </div>
            </div>

            <div class="module-plus-minus-buttons small hidden ">
                <button type="button" class="btn cart-change-qty" data-change-type="minus" data-auid="decrease-product-quantity" alt="Minus" aria-label="Minus">
                    <span class="icon-minimize"></span>
                </button>
                <div class="plus-minus-input-wrapper">
                    <input class="input-qty cart-change-qty" aria-label="Enter manual quantity" type="text" name="qty" title="Change quantity in cart" data-unit-type="ea" value="1ea" data-change-type="equals" maxlength="7">

                    <span class="input-qty-pretty">
							<span class="input-qty-pretty-value">1</span>
                    <span class="input-qty-pretty-unit"></span>
                    </span>
                </div>

                <button type="button" class="btn cart-change-qty" data-change-type="plus" data-auid="increase-product-quantity" alt="Plus" aria-label="Plus">
                    <span class="icon-plus-sign"></span>
                </button>

                <p class="deal-limit-reached hidden">Deal Limit Reached</p>

                <div class="tooltip-qty-error tooltip-qty-limit hidden">
                    <p>
                        Limit to &nbsp; 999 &nbsp;each&nbsp; per customer.</p>
                </div>
                <div class="tooltip-qty-error tooltip-round-error hidden">
                    <p>
                        We do not have this in the weight you wanted. We've rounded your order to the nearest weight increment we stock.</p>
                </div>
            </div>
        </form>

        <!-- End Template: AddToCartSmall -->

    </div>
</div>
<div class="item">

    <div class="module-grocery-product quickview-simple  clicked" data-quickview-ajax-url="/p/20987658_EA/quickViewProduct" data-product-id="20987658_EA" data-product-price="$4.48">

        <span class="subtitle"></span>

        <div class="product-page-hotspot">
            <div class="product-cell quickview-button">
                <div class="product-image ">

                    <img src="https://assets.shop.loblaws.ca/products/20987658/b1/en/front/20987658_front_a01.png" onerror="this.src='https://assets.shop.loblaws.ca/products/NoImage/b1/en/front/NoImage_front_a01_@2.png';" alt="Paqui Very Verde Good Tortilla Chips" />

                    <span class="sticker deal">
	  				        <span class="deal-badge">

	  				            <span class="module-deal-badge module-deal-badge-grid simple-save-unit "
	  						        data-deal-type="2 FOR $8.00"
	  						        data-ajax-promo-url="/simpleDeal/deals/product-tile?productCode=20987658_EA"
	  						        data-deal-id="20987658_EA">
	  						        <span class="deal-type">2 FOR $8.00</span>

                    <span class="deal-expiry">
		Exp. 05/13
	</span>

                    </span>
                    </span>
                    </span>

                    <div class="hover-text-container">
                        <button href="#" tabindex="0" class="hover-text " aria-label="Quick View for Paqui Very Verde Good Tortilla Chips.">Quick View</button>
                    </div>
                </div>
            </div>

            <div class="product-in-cart">
                <div class="wrapper-product-in-cart">
                    <span>
	  			    In Cart
	  		    </span>
                </div>
            </div>

            <div class="product-info">
                <div class="product-name-wrapper">
                    <a href="/Food/Pantry/Chips-%26-Salty-Snacks/Potato-Chips/Paqui-Paqui-Very-Verde-Good-Tortilla-Chips/p/20987658_EA" class="product-name" aria-label="Product page for Paqui Very Verde Good Tortilla Chips">
                        <span class="js-product-entry-brand">Paqui&nbsp;</span>

                        <span class="js-product-entry-name">Paqui Very Verde Good Tortilla Chips</span>

                        <span class="js-product-entry-size-detail">(155 g)</span>

                    </a>
                </div>

                <span class="ad-match-badge  hidden">Ad Match</span>

                <div class="price">
                    <div class="price-wrapper no-discount  ">
                        <span class="reg-price  " aria-label="Regular Price: $4.48">
					    <span class="reg-price-text">$4.48</span>

                        <sup class="reg-price-unit">ea</sup>
                        </span>
                        <span class="sale-price hidden" aria-label="Sale Price:">
					    <span class="sale-price-text"></span>
                        <sup class="sale-price-unit">ea</sup>
                        </span>

                        <span class="secondary-price hidden">

					    <span class="secondary-price-text" aria-label="Secondary Price:"></span>
                        </span>
                    </div>
                </div>

                <div class="qty">
                    <span class="reg-qty  ">

		  		<span class="sr-only">Sale Price Per Unit:</span> $2.89 / 100 g

                    </span>

                    <span class="sale-qty hidden">

		  		<span class="sr-only">Sale Price Per Unit:</span> $2.89 / 100 g

                    </span>

                    <span class="secondary-qty hidden">

	  	<span class="secondary-qty-text"></span>
                    </span>
                </div>
            </div>

        </div>
        <form class="form-product  quickview-btn-simple" data-product-id="20987658_EA" data-min-qty="1.0" data-max-qty="999.0" data-unit-type="ea" data-cart-qty="1" data-default-qty="1" novalidate="novalidate" promoCode="" promoNumber="" data-is-customized="false" data-cart-url="/cart/product/20987658_EA" data-csrf-token="5582ec01-90c0-448b-b4f7-e2cf68d9f8a0" data-is-weighted-product="false">

            <div class="module-add-to-cart " data-change-type="plus" data-auto-edit="true" data-auto-add="true" data-cart-ajax-url="/cart/updateCart">
                <div class="wrapper-add-to-cart-btn">
                    <div class="module-add-to-cart-button-small">
                        <button type="button" class="btn btn-secondary btn-add-to-cart " data-auid="add-to-cart-button" data-has-pts-badge="false" aria-label="Add Paqui Very Verde Good Tortilla Chips to cart">
                            <span class="icon-cart"></span>
                            <span class="add-to-cart-text">
											Add</span>
                        </button>
                        <button type="button" class="btn btn-secondary btn-edit-cart hidden " aria-label="Edit Cart">
                            <span class="qty-in-cart"></span>
                            <span class="edit-cart-text">
											<spring code="product.edit.text" />"
										</span>
                        </button>
                        <div class="add-list-parent add-list-module  bottom-add-list-module ">
                            <button class="btn btn-inline-link btn-save-to-list  dark is-btn-animated" data-login-url="/account/login?productCode=20987658_EA" data-ajax-url="/restful/lists/all?productCode=20987658_EA" data-user-guest="Y" data-user-guest="Y" data-product-code="20987658_EA" data-delete-item="false" aria-label="Add Paqui Very Verde Good Tortilla Chips to a List">
                                <span class="glyphicon glyphicon-th-list"></span>
                                <div class="list-cta-text  is-btn-animated">Add to List</div>
                            </button>

                            <!-- this is the list HTML   -->
                            <div class="save-to-list-popup  is-btn-animated animation-up dark" data-save-to-list-error="Can not get lists at this time. Please try again later." data-product-name="Paqui Very Verde Good Tortilla Chips">
                                <div class="inner-container">
                                </div>

                            </div>
                        </div>

                    </div>
                </div>
            </div>

            <div class="module-plus-minus-buttons small hidden ">
                <button type="button" class="btn cart-change-qty" data-change-type="minus" data-auid="decrease-product-quantity" alt="Minus" aria-label="Minus">
                    <span class="icon-minimize"></span>
                </button>
                <div class="plus-minus-input-wrapper">
                    <input class="input-qty cart-change-qty" aria-label="Enter manual quantity" type="text" name="qty" title="Change quantity in cart" data-unit-type="ea" value="1ea" data-change-type="equals" maxlength="7">

                    <span class="input-qty-pretty">
							<span class="input-qty-pretty-value">1</span>
                    <span class="input-qty-pretty-unit"></span>
                    </span>
                </div>

                <button type="button" class="btn cart-change-qty" data-change-type="plus" data-auid="increase-product-quantity" alt="Plus" aria-label="Plus">
                    <span class="icon-plus-sign"></span>
                </button>

                <p class="deal-limit-reached hidden">Deal Limit Reached</p>

                <div class="tooltip-qty-error tooltip-qty-limit hidden">
                    <p>
                        Limit to &nbsp; 999 &nbsp;each&nbsp; per customer.</p>
                </div>
                <div class="tooltip-qty-error tooltip-round-error hidden">
                    <p>
                        We do not have this in the weight you wanted. We've rounded your order to the nearest weight increment we stock.</p>
                </div>
            </div>
        </form>

        <!-- End Template: AddToCartSmall -->

    </div>
</div>
<div class="item">

    <div class="module-grocery-product quickview-simple  clicked" data-quickview-ajax-url="/p/20961977_EA/quickViewProduct" data-product-id="20961977_EA" data-product-price="$1.98">

        <span class="subtitle"></span>

        <div class="product-page-hotspot">
            <div class="product-cell quickview-button">
                <div class="product-image ">

                    <img src="https://assets.shop.loblaws.ca/products/20961977/b1/en/front/20961977_front_a01.png" onerror="this.src='https://assets.shop.loblaws.ca/products/NoImage/b1/en/front/NoImage_front_a01_@2.png';" alt="Baken-Ets Pork Rinds, Traditional Smoked" />

                    <span class="sticker deal">
	  				        <span class="deal-badge">

	  				            <span class="module-deal-badge module-deal-badge-grid simple-save-unit "
	  						        data-deal-type="2 FOR $3.54"
	  						        data-ajax-promo-url="/simpleDeal/deals/product-tile?productCode=20961977_EA"
	  						        data-deal-id="20961977_EA">
	  						        <span class="deal-type">2 FOR $3.54</span>

                    <span class="deal-expiry">
		Exp. 12/31
	</span>

                    </span>
                    </span>
                    </span>

                    <div class="hover-text-container">
                        <button href="#" tabindex="0" class="hover-text " aria-label="Quick View for Baken-Ets Pork Rinds, Traditional Smoked.">Quick View</button>
                    </div>
                </div>
            </div>

            <div class="product-in-cart">
                <div class="wrapper-product-in-cart">
                    <span>
	  			    In Cart
	  		    </span>
                </div>
            </div>

            <div class="product-info">
                <div class="product-name-wrapper">
                    <a href="/Food/Pantry/Chips-%26-Salty-Snacks/Potato-Chips/Baken-Ets-Baken-Ets-Pork-Rinds%2C-Traditional-Smoked/p/20961977_EA" class="product-name" aria-label="Product page for Baken-Ets Pork Rinds, Traditional Smoked">
                        <span class="js-product-entry-brand">Baken-Ets&nbsp;</span>

                        <span class="js-product-entry-name">Baken-Ets Pork Rinds, Traditional Smoked</span>

                        <span class="js-product-entry-size-detail">(70 g)</span>

                    </a>
                </div>

                <span class="ad-match-badge  hidden">Ad Match</span>

                <div class="price">
                    <div class="price-wrapper no-discount  ">
                        <span class="reg-price  " aria-label="Regular Price: $1.98">
					    <span class="reg-price-text">$1.98</span>

                        <sup class="reg-price-unit">ea</sup>
                        </span>
                        <span class="sale-price hidden" aria-label="Sale Price:">
					    <span class="sale-price-text"></span>
                        <sup class="sale-price-unit">ea</sup>
                        </span>

                        <span class="secondary-price hidden">

					    <span class="secondary-price-text" aria-label="Secondary Price:"></span>
                        </span>
                    </div>
                </div>

                <div class="qty">
                    <span class="reg-qty  ">

		  		<span class="sr-only">Sale Price Per Unit:</span> $2.83 / 100 g

                    </span>

                    <span class="sale-qty hidden">

		  		<span class="sr-only">Sale Price Per Unit:</span> $2.83 / 100 g

                    </span>

                    <span class="secondary-qty hidden">

	  	<span class="secondary-qty-text"></span>
                    </span>
                </div>
            </div>

        </div>
        <form class="form-product  quickview-btn-simple" data-product-id="20961977_EA" data-min-qty="1.0" data-max-qty="999.0" data-unit-type="ea" data-cart-qty="1" data-default-qty="1" novalidate="novalidate" promoCode="" promoNumber="" data-is-customized="false" data-cart-url="/cart/product/20961977_EA" data-csrf-token="5582ec01-90c0-448b-b4f7-e2cf68d9f8a0" data-is-weighted-product="false">

            <div class="module-add-to-cart " data-change-type="plus" data-auto-edit="true" data-auto-add="true" data-cart-ajax-url="/cart/updateCart">
                <div class="wrapper-add-to-cart-btn">
                    <div class="module-add-to-cart-button-small">
                        <button type="button" class="btn btn-secondary btn-add-to-cart " data-auid="add-to-cart-button" data-has-pts-badge="false" aria-label="Add Baken-Ets Pork Rinds, Traditional Smoked to cart">
                            <span class="icon-cart"></span>
                            <span class="add-to-cart-text">
											Add</span>
                        </button>
                        <button type="button" class="btn btn-secondary btn-edit-cart hidden " aria-label="Edit Cart">
                            <span class="qty-in-cart"></span>
                            <span class="edit-cart-text">
											<spring code="product.edit.text" />"
										</span>
                        </button>
                        <div class="add-list-parent add-list-module  bottom-add-list-module ">
                            <button class="btn btn-inline-link btn-save-to-list  dark is-btn-animated" data-login-url="/account/login?productCode=20961977_EA" data-ajax-url="/restful/lists/all?productCode=20961977_EA" data-user-guest="Y" data-user-guest="Y" data-product-code="20961977_EA" data-delete-item="false" aria-label="Add Baken-Ets Pork Rinds, Traditional Smoked to a List">
                                <span class="glyphicon glyphicon-th-list"></span>
                                <div class="list-cta-text  is-btn-animated">Add to List</div>
                            </button>

                            <!-- this is the list HTML   -->
                            <div class="save-to-list-popup  is-btn-animated animation-up dark" data-save-to-list-error="Can not get lists at this time. Please try again later." data-product-name="Baken-Ets Pork Rinds, Traditional Smoked">
                                <div class="inner-container">
                                </div>

                            </div>
                        </div>

                    </div>
                </div>
            </div>

            <div class="module-plus-minus-buttons small hidden ">
                <button type="button" class="btn cart-change-qty" data-change-type="minus" data-auid="decrease-product-quantity" alt="Minus" aria-label="Minus">
                    <span class="icon-minimize"></span>
                </button>
                <div class="plus-minus-input-wrapper">
                    <input class="input-qty cart-change-qty" aria-label="Enter manual quantity" type="text" name="qty" title="Change quantity in cart" data-unit-type="ea" value="1ea" data-change-type="equals" maxlength="7">

                    <span class="input-qty-pretty">
							<span class="input-qty-pretty-value">1</span>
                    <span class="input-qty-pretty-unit"></span>
                    </span>
                </div>

                <button type="button" class="btn cart-change-qty" data-change-type="plus" data-auid="increase-product-quantity" alt="Plus" aria-label="Plus">
                    <span class="icon-plus-sign"></span>
                </button>

                <p class="deal-limit-reached hidden">Deal Limit Reached</p>

                <div class="tooltip-qty-error tooltip-qty-limit hidden">
                    <p>
                        Limit to &nbsp; 999 &nbsp;each&nbsp; per customer.</p>
                </div>
                <div class="tooltip-qty-error tooltip-round-error hidden">
                    <p>
                        We do not have this in the weight you wanted. We've rounded your order to the nearest weight increment we stock.</p>
                </div>
            </div>
        </form>

        <!-- End Template: AddToCartSmall -->

    </div>
</div>
<div class="item">

    <div class="module-grocery-product quickview-simple  clicked" data-quickview-ajax-url="/p/20650196_EA/quickViewProduct" data-product-id="20650196_EA" data-product-price="$3.48">

        <span class="subtitle"></span>

        <div class="product-page-hotspot">
            <div class="product-cell quickview-button">
                <div class="product-image ">

                    <img src="https://assets.shop.loblaws.ca/products/20650196/b1/en/front/20650196_front_a01.png" onerror="this.src='https://assets.shop.loblaws.ca/products/NoImage/b1/en/front/NoImage_front_a01_@2.png';" alt="Veggie Chips" />

                    <span class="sticker deal">
	  				        <span class="deal-badge">

	  				            <span class="module-deal-badge module-deal-badge-grid simple-save-unit "
	  						        data-deal-type="2 FOR $5.00"
	  						        data-ajax-promo-url="/simpleDeal/deals/product-tile?productCode=20650196_EA"
	  						        data-deal-id="20650196_EA">
	  						        <span class="deal-type">2 FOR $5.00</span>

                    <span class="deal-expiry">
		Exp. 12/19
	</span>

                    </span>
                    </span>
                    </span>

                    <div class="hover-text-container">
                        <button href="#" tabindex="0" class="hover-text " aria-label="Quick View for Veggie Chips.">Quick View</button>
                    </div>
                </div>
            </div>

            <div class="product-in-cart">
                <div class="wrapper-product-in-cart">
                    <span>
	  			    In Cart
	  		    </span>
                </div>
            </div>

            <div class="product-info">
                <div class="product-name-wrapper">
                    <a href="/Food/Pantry/Chips-%26-Salty-Snacks/Potato-Chips/Veggie-Chips/p/20650196_EA" class="product-name" aria-label="Product page for Veggie Chips">
                        <span class="js-product-entry-brand">Sensible Portions&nbsp;</span>

                        <span class="js-product-entry-name">Veggie Chips</span>

                        <span class="js-product-entry-size-detail">(142 g)</span>

                    </a>
                </div>

                <span class="ad-match-badge  hidden">Ad Match</span>

                <div class="price">
                    <div class="price-wrapper no-discount  ">
                        <span class="reg-price  " aria-label="Regular Price: $3.48">
					    <span class="reg-price-text">$3.48</span>

                        <sup class="reg-price-unit">ea</sup>
                        </span>
                        <span class="sale-price hidden" aria-label="Sale Price:">
					    <span class="sale-price-text"></span>
                        <sup class="sale-price-unit">ea</sup>
                        </span>

                        <span class="secondary-price hidden">

					    <span class="secondary-price-text" aria-label="Secondary Price:"></span>
                        </span>
                    </div>
                </div>

                <div class="qty">
                    <span class="reg-qty  ">

		  		<span class="sr-only">Sale Price Per Unit:</span> $2.45 / 100 g

                    </span>

                    <span class="sale-qty hidden">

		  		<span class="sr-only">Sale Price Per Unit:</span> $2.45 / 100 g

                    </span>

                    <span class="secondary-qty hidden">

	  	<span class="secondary-qty-text"></span>
                    </span>
                </div>
            </div>

        </div>
        <form class="form-product  quickview-btn-simple" data-product-id="20650196_EA" data-min-qty="1.0" data-max-qty="999.0" data-unit-type="ea" data-cart-qty="1" data-default-qty="1" novalidate="novalidate" promoCode="" promoNumber="" data-is-customized="false" data-cart-url="/cart/product/20650196_EA" data-csrf-token="5582ec01-90c0-448b-b4f7-e2cf68d9f8a0" data-is-weighted-product="false">

            <div class="module-add-to-cart " data-change-type="plus" data-auto-edit="true" data-auto-add="true" data-cart-ajax-url="/cart/updateCart">
                <div class="wrapper-add-to-cart-btn">
                    <div class="module-add-to-cart-button-small">
                        <button type="button" class="btn btn-secondary btn-add-to-cart " data-auid="add-to-cart-button" data-has-pts-badge="false" aria-label="Add Veggie Chips to cart">
                            <span class="icon-cart"></span>
                            <span class="add-to-cart-text">
											Add</span>
                        </button>
                        <button type="button" class="btn btn-secondary btn-edit-cart hidden " aria-label="Edit Cart">
                            <span class="qty-in-cart"></span>
                            <span class="edit-cart-text">
											<spring code="product.edit.text" />"
										</span>
                        </button>
                        <div class="add-list-parent add-list-module  bottom-add-list-module ">
                            <button class="btn btn-inline-link btn-save-to-list  dark is-btn-animated" data-login-url="/account/login?productCode=20650196_EA" data-ajax-url="/restful/lists/all?productCode=20650196_EA" data-user-guest="Y" data-user-guest="Y" data-product-code="20650196_EA" data-delete-item="false" aria-label="Add Veggie Chips to a List">
                                <span class="glyphicon glyphicon-th-list"></span>
                                <div class="list-cta-text  is-btn-animated">Add to List</div>
                            </button>

                            <!-- this is the list HTML   -->
                            <div class="save-to-list-popup  is-btn-animated animation-up dark" data-save-to-list-error="Can not get lists at this time. Please try again later." data-product-name="Veggie Chips">
                                <div class="inner-container">
                                </div>

                            </div>
                        </div>

                    </div>
                </div>
            </div>

            <div class="module-plus-minus-buttons small hidden ">
                <button type="button" class="btn cart-change-qty" data-change-type="minus" data-auid="decrease-product-quantity" alt="Minus" aria-label="Minus">
                    <span class="icon-minimize"></span>
                </button>
                <div class="plus-minus-input-wrapper">
                    <input class="input-qty cart-change-qty" aria-label="Enter manual quantity" type="text" name="qty" title="Change quantity in cart" data-unit-type="ea" value="1ea" data-change-type="equals" maxlength="7">

                    <span class="input-qty-pretty">
							<span class="input-qty-pretty-value">1</span>
                    <span class="input-qty-pretty-unit"></span>
                    </span>
                </div>

                <button type="button" class="btn cart-change-qty" data-change-type="plus" data-auid="increase-product-quantity" alt="Plus" aria-label="Plus">
                    <span class="icon-plus-sign"></span>
                </button>

                <p class="deal-limit-reached hidden">Deal Limit Reached</p>

                <div class="tooltip-qty-error tooltip-qty-limit hidden">
                    <p>
                        Limit to &nbsp; 999 &nbsp;each&nbsp; per customer.</p>
                </div>
                <div class="tooltip-qty-error tooltip-round-error hidden">
                    <p>
                        We do not have this in the weight you wanted. We've rounded your order to the nearest weight increment we stock.</p>
                </div>
            </div>
        </form>

        <!-- End Template: AddToCartSmall -->

    </div>
</div>
<div class="item">

    <div class="module-grocery-product quickview-simple  clicked" data-quickview-ajax-url="/p/20987680_EA/quickViewProduct" data-product-id="20987680_EA" data-product-price="$4.48">

        <span class="subtitle"></span>

        <div class="product-page-hotspot">
            <div class="product-cell quickview-button">
                <div class="product-image ">

                    <img src="https://assets.shop.loblaws.ca/products/20987680/b1/en/front/20987680_front_a01.png" onerror="this.src='https://assets.shop.loblaws.ca/products/NoImage/b1/en/front/NoImage_front_a01_@2.png';" alt="Paqui Tortilla Chips, Nacho Cheese" />

                    <span class="sticker deal">
	  				        <span class="deal-badge">

	  				            <span class="module-deal-badge module-deal-badge-grid simple-save-unit "
	  						        data-deal-type="2 FOR $8.00"
	  						        data-ajax-promo-url="/simpleDeal/deals/product-tile?productCode=20987680_EA"
	  						        data-deal-id="20987680_EA">
	  						        <span class="deal-type">2 FOR $8.00</span>

                    <span class="deal-expiry">
		Exp. 05/13
	</span>

                    </span>
                    </span>
                    </span>

                    <div class="hover-text-container">
                        <button href="#" tabindex="0" class="hover-text " aria-label="Quick View for Paqui Tortilla Chips, Nacho Cheese.">Quick View</button>
                    </div>
                </div>
            </div>

            <div class="product-in-cart">
                <div class="wrapper-product-in-cart">
                    <span>
	  			    In Cart
	  		    </span>
                </div>
            </div>

            <div class="product-info">
                <div class="product-name-wrapper">
                    <a href="/Food/Pantry/Chips-%26-Salty-Snacks/Potato-Chips/Paqui-Paqui-Tortilla-Chips%2C-Nacho-Cheese/p/20987680_EA" class="product-name" aria-label="Product page for Paqui Tortilla Chips, Nacho Cheese">
                        <span class="js-product-entry-brand">Paqui&nbsp;</span>

                        <span class="js-product-entry-name">Paqui Tortilla Chips, Nacho Cheese</span>

                        <span class="js-product-entry-size-detail">(155 g)</span>

                    </a>
                </div>

                <span class="ad-match-badge  hidden">Ad Match</span>

                <div class="price">
                    <div class="price-wrapper no-discount  ">
                        <span class="reg-price  " aria-label="Regular Price: $4.48">
					    <span class="reg-price-text">$4.48</span>

                        <sup class="reg-price-unit">ea</sup>
                        </span>
                        <span class="sale-price hidden" aria-label="Sale Price:">
					    <span class="sale-price-text"></span>
                        <sup class="sale-price-unit">ea</sup>
                        </span>

                        <span class="secondary-price hidden">

					    <span class="secondary-price-text" aria-label="Secondary Price:"></span>
                        </span>
                    </div>
                </div>

                <div class="qty">
                    <span class="reg-qty  ">

		  		<span class="sr-only">Sale Price Per Unit:</span> $2.89 / 100 g

                    </span>

                    <span class="sale-qty hidden">

		  		<span class="sr-only">Sale Price Per Unit:</span> $2.89 / 100 g

                    </span>

                    <span class="secondary-qty hidden">

	  	<span class="secondary-qty-text"></span>
                    </span>
                </div>
            </div>

        </div>
        <form class="form-product  quickview-btn-simple" data-product-id="20987680_EA" data-min-qty="1.0" data-max-qty="999.0" data-unit-type="ea" data-cart-qty="1" data-default-qty="1" novalidate="novalidate" promoCode="" promoNumber="" data-is-customized="false" data-cart-url="/cart/product/20987680_EA" data-csrf-token="5582ec01-90c0-448b-b4f7-e2cf68d9f8a0" data-is-weighted-product="false">

            <div class="module-add-to-cart " data-change-type="plus" data-auto-edit="true" data-auto-add="true" data-cart-ajax-url="/cart/updateCart">
                <div class="wrapper-add-to-cart-btn">
                    <div class="module-add-to-cart-button-small">
                        <button type="button" class="btn btn-secondary btn-add-to-cart " data-auid="add-to-cart-button" data-has-pts-badge="false" aria-label="Add Paqui Tortilla Chips, Nacho Cheese to cart">
                            <span class="icon-cart"></span>
                            <span class="add-to-cart-text">
											Add</span>
                        </button>
                        <button type="button" class="btn btn-secondary btn-edit-cart hidden " aria-label="Edit Cart">
                            <span class="qty-in-cart"></span>
                            <span class="edit-cart-text">
											<spring code="product.edit.text" />"
										</span>
                        </button>
                        <div class="add-list-parent add-list-module  bottom-add-list-module ">
                            <button class="btn btn-inline-link btn-save-to-list  dark is-btn-animated" data-login-url="/account/login?productCode=20987680_EA" data-ajax-url="/restful/lists/all?productCode=20987680_EA" data-user-guest="Y" data-user-guest="Y" data-product-code="20987680_EA" data-delete-item="false" aria-label="Add Paqui Tortilla Chips, Nacho Cheese to a List">
                                <span class="glyphicon glyphicon-th-list"></span>
                                <div class="list-cta-text  is-btn-animated">Add to List</div>
                            </button>

                            <!-- this is the list HTML   -->
                            <div class="save-to-list-popup  is-btn-animated animation-up dark" data-save-to-list-error="Can not get lists at this time. Please try again later." data-product-name="Paqui Tortilla Chips, Nacho Cheese">
                                <div class="inner-container">
                                </div>

                            </div>
                        </div>

                    </div>
                </div>
            </div>

            <div class="module-plus-minus-buttons small hidden ">
                <button type="button" class="btn cart-change-qty" data-change-type="minus" data-auid="decrease-product-quantity" alt="Minus" aria-label="Minus">
                    <span class="icon-minimize"></span>
                </button>
                <div class="plus-minus-input-wrapper">
                    <input class="input-qty cart-change-qty" aria-label="Enter manual quantity" type="text" name="qty" title="Change quantity in cart" data-unit-type="ea" value="1ea" data-change-type="equals" maxlength="7">

                    <span class="input-qty-pretty">
							<span class="input-qty-pretty-value">1</span>
                    <span class="input-qty-pretty-unit"></span>
                    </span>
                </div>

                <button type="button" class="btn cart-change-qty" data-change-type="plus" data-auid="increase-product-quantity" alt="Plus" aria-label="Plus">
                    <span class="icon-plus-sign"></span>
                </button>

                <p class="deal-limit-reached hidden">Deal Limit Reached</p>

                <div class="tooltip-qty-error tooltip-qty-limit hidden">
                    <p>
                        Limit to &nbsp; 999 &nbsp;each&nbsp; per customer.</p>
                </div>
                <div class="tooltip-qty-error tooltip-round-error hidden">
                    <p>
                        We do not have this in the weight you wanted. We've rounded your order to the nearest weight increment we stock.</p>
                </div>
            </div>
        </form>

        <!-- End Template: AddToCartSmall -->

    </div>
</div>
<div class="item">

    <div class="module-grocery-product quickview-simple  clicked" data-quickview-ajax-url="/p/20699445_EA/quickViewProduct" data-product-id="20699445_EA" data-product-price="$9.48">

        <span class="subtitle"></span>

        <div class="product-page-hotspot">
            <div class="product-cell quickview-button">
                <div class="product-image ">

                    <img src="https://assets.shop.loblaws.ca/products/20699445/b1/en/front/20699445_front_a01.png" onerror="this.src='https://assets.shop.loblaws.ca/products/NoImage/b1/en/front/NoImage_front_a01_@2.png';" alt="Seasoned and Roasted Seaweed" />

                    <div class="hover-text-container">
                        <button href="#" tabindex="0" class="hover-text " aria-label="Quick View for Seasoned and Roasted Seaweed.">Quick View</button>
                    </div>
                </div>
            </div>

            <div class="product-in-cart">
                <div class="wrapper-product-in-cart">
                    <span>
	  			    In Cart
	  		    </span>
                </div>
            </div>

            <div class="product-info">
                <div class="product-name-wrapper">
                    <a href="/Food/Pantry/Chips-%26-Salty-Snacks/Pretzels-%26-Snack-Mixes/Seasoned-and-Roasted-Seaweed/p/20699445_EA" class="product-name" aria-label="Product page for Seasoned and Roasted Seaweed">

                        <span class="js-product-entry-name">Seasoned and Roasted Seaweed</span>

                        <span class="js-product-entry-size-detail">(120 g)</span>

                    </a>
                </div>

                <span class="ad-match-badge  hidden">Ad Match</span>

                <div class="price">
                    <div class="price-wrapper no-discount  ">
                        <span class="reg-price  " aria-label="Regular Price: $9.48">
					    <span class="reg-price-text">$9.48</span>

                        <sup class="reg-price-unit">ea</sup>
                        </span>
                        <span class="sale-price hidden" aria-label="Sale Price:">
					    <span class="sale-price-text"></span>
                        <sup class="sale-price-unit">ea</sup>
                        </span>

                        <span class="secondary-price hidden">

					    <span class="secondary-price-text" aria-label="Secondary Price:"></span>
                        </span>
                    </div>
                </div>

                <div class="qty">
                    <span class="reg-qty  ">

		  		<span class="sr-only">Sale Price Per Unit:</span> $7.90 / 100 g

                    </span>

                    <span class="sale-qty hidden">

		  		<span class="sr-only">Sale Price Per Unit:</span> $7.90 / 100 g

                    </span>

                    <span class="secondary-qty hidden">

	  	<span class="secondary-qty-text"></span>
                    </span>
                </div>
            </div>

        </div>
        <form class="form-product  quickview-btn-simple" data-product-id="20699445_EA" data-min-qty="1.0" data-max-qty="999.0" data-unit-type="ea" data-cart-qty="1" data-default-qty="1" novalidate="novalidate" promoCode="" promoNumber="" data-is-customized="false" data-cart-url="/cart/product/20699445_EA" data-csrf-token="5582ec01-90c0-448b-b4f7-e2cf68d9f8a0" data-is-weighted-product="false">

            <div class="module-add-to-cart " data-change-type="plus" data-auto-edit="true" data-auto-add="true" data-cart-ajax-url="/cart/updateCart">
                <div class="wrapper-add-to-cart-btn">
                    <div class="module-add-to-cart-button-small">
                        <button type="button" class="btn btn-secondary btn-add-to-cart " data-auid="add-to-cart-button" data-has-pts-badge="false" aria-label="Add Seasoned and Roasted Seaweed to cart">
                            <span class="icon-cart"></span>
                            <span class="add-to-cart-text">
											Add</span>
                        </button>
                        <button type="button" class="btn btn-secondary btn-edit-cart hidden " aria-label="Edit Cart">
                            <span class="qty-in-cart"></span>
                            <span class="edit-cart-text">
											<spring code="product.edit.text" />"
										</span>
                        </button>
                        <div class="add-list-parent add-list-module  bottom-add-list-module ">
                            <button class="btn btn-inline-link btn-save-to-list  dark is-btn-animated" data-login-url="/account/login?productCode=20699445_EA" data-ajax-url="/restful/lists/all?productCode=20699445_EA" data-user-guest="Y" data-user-guest="Y" data-product-code="20699445_EA" data-delete-item="false" aria-label="Add Seasoned and Roasted Seaweed to a List">
                                <span class="glyphicon glyphicon-th-list"></span>
                                <div class="list-cta-text  is-btn-animated">Add to List</div>
                            </button>

                            <!-- this is the list HTML   -->
                            <div class="save-to-list-popup  is-btn-animated animation-up dark" data-save-to-list-error="Can not get lists at this time. Please try again later." data-product-name="Seasoned and Roasted Seaweed">
                                <div class="inner-container">
                                </div>

                            </div>
                        </div>

                    </div>
                </div>
            </div>

            <div class="module-plus-minus-buttons small hidden ">
                <button type="button" class="btn cart-change-qty" data-change-type="minus" data-auid="decrease-product-quantity" alt="Minus" aria-label="Minus">
                    <span class="icon-minimize"></span>
                </button>
                <div class="plus-minus-input-wrapper">
                    <input class="input-qty cart-change-qty" aria-label="Enter manual quantity" type="text" name="qty" title="Change quantity in cart" data-unit-type="ea" value="1ea" data-change-type="equals" maxlength="7">

                    <span class="input-qty-pretty">
							<span class="input-qty-pretty-value">1</span>
                    <span class="input-qty-pretty-unit"></span>
                    </span>
                </div>

                <button type="button" class="btn cart-change-qty" data-change-type="plus" data-auid="increase-product-quantity" alt="Plus" aria-label="Plus">
                    <span class="icon-plus-sign"></span>
                </button>

                <p class="deal-limit-reached hidden">Deal Limit Reached</p>

                <div class="tooltip-qty-error tooltip-qty-limit hidden">
                    <p>
                        Limit to &nbsp; 999 &nbsp;each&nbsp; per customer.</p>
                </div>
                <div class="tooltip-qty-error tooltip-round-error hidden">
                    <p>
                        We do not have this in the weight you wanted. We've rounded your order to the nearest weight increment we stock.</p>
                </div>
            </div>
        </form>

        <!-- End Template: AddToCartSmall -->

    </div>
</div>
<div class="item">

    <div class="module-grocery-product quickview-simple  clicked" data-quickview-ajax-url="/p/20354105_EA/quickViewProduct" data-product-id="20354105_EA" data-product-price="$3.88">

        <span class="subtitle"></span>

        <div class="product-page-hotspot">
            <div class="product-cell quickview-button">
                <div class="product-image ">

                    <img src="https://assets.shop.loblaws.ca/products/20354105/b1/en/front/20354105_front_a01.png" onerror="this.src='https://assets.shop.loblaws.ca/products/NoImage/b1/en/front/NoImage_front_a01_@2.png';" alt="Monster Noodle Snack, Chicken" />

                    <span class="sticker deal">
	  				        <span class="deal-badge">

	  				            <span class="module-deal-badge module-deal-badge-grid simple-save-unit "
	  						        data-deal-type="2 FOR $6.96"
	  						        data-ajax-promo-url="/simpleDeal/deals/product-tile?productCode=20354105_EA"
	  						        data-deal-id="20354105_EA">
	  						        <span class="deal-type">2 FOR $6.96</span>

                    <span class="deal-expiry">
		Exp. 12/31
	</span>

                    </span>
                    </span>
                    </span>

                    <div class="hover-text-container">
                        <button href="#" tabindex="0" class="hover-text " aria-label="Quick View for Monster Noodle Snack, Chicken.">Quick View</button>
                    </div>
                </div>
            </div>

            <div class="product-in-cart">
                <div class="wrapper-product-in-cart">
                    <span>
	  			    In Cart
	  		    </span>
                </div>
            </div>

            <div class="product-info">
                <div class="product-name-wrapper">
                    <a href="/Food/Pantry/Chips-%26-Salty-Snacks/Pretzels-%26-Snack-Mixes/Monster-Noodle-Snack%2C-Chicken/p/20354105_EA" class="product-name" aria-label="Product page for Monster Noodle Snack, Chicken">
                        <span class="js-product-entry-brand">Mamee&nbsp;</span>

                        <span class="js-product-entry-name">Monster Noodle Snack, Chicken</span>

                        <span class="js-product-entry-size-detail">(300 g)</span>

                    </a>
                </div>

                <span class="ad-match-badge  hidden">Ad Match</span>

                <div class="price">
                    <div class="price-wrapper no-discount  ">
                        <span class="reg-price  " aria-label="Regular Price: $3.88">
					    <span class="reg-price-text">$3.88</span>

                        <sup class="reg-price-unit">ea</sup>
                        </span>
                        <span class="sale-price hidden" aria-label="Sale Price:">
					    <span class="sale-price-text"></span>
                        <sup class="sale-price-unit">ea</sup>
                        </span>

                        <span class="secondary-price hidden">

					    <span class="secondary-price-text" aria-label="Secondary Price:"></span>
                        </span>
                    </div>
                </div>

                <div class="qty">
                    <span class="reg-qty  ">

		  		<span class="sr-only">Sale Price Per Unit:</span> $1.29 / 100 g

                    </span>

                    <span class="sale-qty hidden">

		  		<span class="sr-only">Sale Price Per Unit:</span> $1.29 / 100 g

                    </span>

                    <span class="secondary-qty hidden">

	  	<span class="secondary-qty-text"></span>
                    </span>
                </div>
            </div>

        </div>
        <form class="form-product  quickview-btn-simple" data-product-id="20354105_EA" data-min-qty="1.0" data-max-qty="999.0" data-unit-type="ea" data-cart-qty="1" data-default-qty="1" novalidate="novalidate" promoCode="" promoNumber="" data-is-customized="false" data-cart-url="/cart/product/20354105_EA" data-csrf-token="5582ec01-90c0-448b-b4f7-e2cf68d9f8a0" data-is-weighted-product="false">

            <div class="module-add-to-cart " data-change-type="plus" data-auto-edit="true" data-auto-add="true" data-cart-ajax-url="/cart/updateCart">
                <div class="wrapper-add-to-cart-btn">
                    <div class="module-add-to-cart-button-small">
                        <button type="button" class="btn btn-secondary btn-add-to-cart " data-auid="add-to-cart-button" data-has-pts-badge="false" aria-label="Add Monster Noodle Snack, Chicken to cart">
                            <span class="icon-cart"></span>
                            <span class="add-to-cart-text">
											Add</span>
                        </button>
                        <button type="button" class="btn btn-secondary btn-edit-cart hidden " aria-label="Edit Cart">
                            <span class="qty-in-cart"></span>
                            <span class="edit-cart-text">
											<spring code="product.edit.text" />"
										</span>
                        </button>
                        <div class="add-list-parent add-list-module  bottom-add-list-module ">
                            <button class="btn btn-inline-link btn-save-to-list  dark is-btn-animated" data-login-url="/account/login?productCode=20354105_EA" data-ajax-url="/restful/lists/all?productCode=20354105_EA" data-user-guest="Y" data-user-guest="Y" data-product-code="20354105_EA" data-delete-item="false" aria-label="Add Monster Noodle Snack, Chicken to a List">
                                <span class="glyphicon glyphicon-th-list"></span>
                                <div class="list-cta-text  is-btn-animated">Add to List</div>
                            </button>

                            <!-- this is the list HTML   -->
                            <div class="save-to-list-popup  is-btn-animated animation-up dark" data-save-to-list-error="Can not get lists at this time. Please try again later." data-product-name="Monster Noodle Snack, Chicken">
                                <div class="inner-container">
                                </div>

                            </div>
                        </div>

                    </div>
                </div>
            </div>

            <div class="module-plus-minus-buttons small hidden ">
                <button type="button" class="btn cart-change-qty" data-change-type="minus" data-auid="decrease-product-quantity" alt="Minus" aria-label="Minus">
                    <span class="icon-minimize"></span>
                </button>
                <div class="plus-minus-input-wrapper">
                    <input class="input-qty cart-change-qty" aria-label="Enter manual quantity" type="text" name="qty" title="Change quantity in cart" data-unit-type="ea" value="1ea" data-change-type="equals" maxlength="7">

                    <span class="input-qty-pretty">
							<span class="input-qty-pretty-value">1</span>
                    <span class="input-qty-pretty-unit"></span>
                    </span>
                </div>

                <button type="button" class="btn cart-change-qty" data-change-type="plus" data-auid="increase-product-quantity" alt="Plus" aria-label="Plus">
                    <span class="icon-plus-sign"></span>
                </button>

                <p class="deal-limit-reached hidden">Deal Limit Reached</p>

                <div class="tooltip-qty-error tooltip-qty-limit hidden">
                    <p>
                        Limit to &nbsp; 999 &nbsp;each&nbsp; per customer.</p>
                </div>
                <div class="tooltip-qty-error tooltip-round-error hidden">
                    <p>
                        We do not have this in the weight you wanted. We've rounded your order to the nearest weight increment we stock.</p>
                </div>
            </div>
        </form>

        <!-- End Template: AddToCartSmall -->

    </div>
</div>
<div class="item">

    <div class="module-grocery-product quickview-simple  clicked" data-quickview-ajax-url="/p/20943726_EA/quickViewProduct" data-product-id="20943726_EA" data-product-price="$3.28">

        <span class="subtitle"></span>

        <div class="product-page-hotspot">
            <div class="product-cell quickview-button">
                <div class="product-image ">

                    <img src="https://assets.shop.loblaws.ca/products/20943726/b1/en/front/20943726_front_a01.png" onerror="this.src='https://assets.shop.loblaws.ca/products/NoImage/b1/en/front/NoImage_front_a01_@2.png';" alt="Tortilla Chips, Spicy Nacho" />

                    <div class="hover-text-container">
                        <button href="#" tabindex="0" class="hover-text " aria-label="Quick View for Tortilla Chips, Spicy Nacho.">Quick View</button>
                    </div>
                </div>
            </div>

            <div class="product-in-cart">
                <div class="wrapper-product-in-cart">
                    <span>
	  			    In Cart
	  		    </span>
                </div>
            </div>

            <div class="product-info">
                <div class="product-name-wrapper">
                    <a href="/Food/Pantry/Chips-%26-Salty-Snacks/Pretzels-%26-Snack-Mixes/Doritos-Tortilla-Chips%2C-Spicy-Nacho/p/20943726_EA" class="product-name" aria-label="Product page for Tortilla Chips, Spicy Nacho">
                        <span class="js-product-entry-brand">Doritos&nbsp;</span>

                        <span class="js-product-entry-name">Tortilla Chips, Spicy Nacho</span>

                        <span class="js-product-entry-size-detail">(255 g)</span>

                    </a>
                </div>

                <span class="ad-match-badge  hidden">Ad Match</span>

                <div class="price">
                    <div class="price-wrapper no-discount  ">
                        <span class="reg-price  " aria-label="Regular Price: $3.28">
					    <span class="reg-price-text">$3.28</span>

                        <sup class="reg-price-unit">ea</sup>
                        </span>
                        <span class="sale-price hidden" aria-label="Sale Price:">
					    <span class="sale-price-text"></span>
                        <sup class="sale-price-unit">ea</sup>
                        </span>

                        <span class="secondary-price hidden">

					    <span class="secondary-price-text" aria-label="Secondary Price:"></span>
                        </span>
                    </div>
                </div>

                <div class="qty">
                    <span class="reg-qty  ">

		  		<span class="sr-only">Sale Price Per Unit:</span> $1.29 / 100 g

                    </span>

                    <span class="sale-qty hidden">

		  		<span class="sr-only">Sale Price Per Unit:</span> $1.29 / 100 g

                    </span>

                    <span class="secondary-qty hidden">

	  	<span class="secondary-qty-text"></span>
                    </span>
                </div>
            </div>

        </div>
        <form class="form-product  quickview-btn-simple" data-product-id="20943726_EA" data-min-qty="1.0" data-max-qty="999.0" data-unit-type="ea" data-cart-qty="1" data-default-qty="1" novalidate="novalidate" promoCode="" promoNumber="" data-is-customized="false" data-cart-url="/cart/product/20943726_EA" data-csrf-token="5582ec01-90c0-448b-b4f7-e2cf68d9f8a0" data-is-weighted-product="false">

            <div class="module-add-to-cart " data-change-type="plus" data-auto-edit="true" data-auto-add="true" data-cart-ajax-url="/cart/updateCart">
                <div class="wrapper-add-to-cart-btn">
                    <div class="module-add-to-cart-button-small">
                        <button type="button" class="btn btn-secondary btn-add-to-cart " data-auid="add-to-cart-button" data-has-pts-badge="false" aria-label="Add Tortilla Chips, Spicy Nacho to cart">
                            <span class="icon-cart"></span>
                            <span class="add-to-cart-text">
											Add</span>
                        </button>
                        <button type="button" class="btn btn-secondary btn-edit-cart hidden " aria-label="Edit Cart">
                            <span class="qty-in-cart"></span>
                            <span class="edit-cart-text">
											<spring code="product.edit.text" />"
										</span>
                        </button>
                        <div class="add-list-parent add-list-module  bottom-add-list-module ">
                            <button class="btn btn-inline-link btn-save-to-list  dark is-btn-animated" data-login-url="/account/login?productCode=20943726_EA" data-ajax-url="/restful/lists/all?productCode=20943726_EA" data-user-guest="Y" data-user-guest="Y" data-product-code="20943726_EA" data-delete-item="false" aria-label="Add Tortilla Chips, Spicy Nacho to a List">
                                <span class="glyphicon glyphicon-th-list"></span>
                                <div class="list-cta-text  is-btn-animated">Add to List</div>
                            </button>

                            <!-- this is the list HTML   -->
                            <div class="save-to-list-popup  is-btn-animated animation-up dark" data-save-to-list-error="Can not get lists at this time. Please try again later." data-product-name="Tortilla Chips, Spicy Nacho">
                                <div class="inner-container">
                                </div>

                            </div>
                        </div>

                    </div>
                </div>
            </div>

            <div class="module-plus-minus-buttons small hidden ">
                <button type="button" class="btn cart-change-qty" data-change-type="minus" data-auid="decrease-product-quantity" alt="Minus" aria-label="Minus">
                    <span class="icon-minimize"></span>
                </button>
                <div class="plus-minus-input-wrapper">
                    <input class="input-qty cart-change-qty" aria-label="Enter manual quantity" type="text" name="qty" title="Change quantity in cart" data-unit-type="ea" value="1ea" data-change-type="equals" maxlength="7">

                    <span class="input-qty-pretty">
							<span class="input-qty-pretty-value">1</span>
                    <span class="input-qty-pretty-unit"></span>
                    </span>
                </div>

                <button type="button" class="btn cart-change-qty" data-change-type="plus" data-auid="increase-product-quantity" alt="Plus" aria-label="Plus">
                    <span class="icon-plus-sign"></span>
                </button>

                <p class="deal-limit-reached hidden">Deal Limit Reached</p>

                <div class="tooltip-qty-error tooltip-qty-limit hidden">
                    <p>
                        Limit to &nbsp; 999 &nbsp;each&nbsp; per customer.</p>
                </div>
                <div class="tooltip-qty-error tooltip-round-error hidden">
                    <p>
                        We do not have this in the weight you wanted. We've rounded your order to the nearest weight increment we stock.</p>
                </div>
            </div>
        </form>

        <!-- End Template: AddToCartSmall -->

    </div>
</div>
<div class="item">

    <div class="module-grocery-product quickview-simple  clicked" data-quickview-ajax-url="/p/20964361_EA/quickViewProduct" data-product-id="20964361_EA" data-product-price="$2.47">

        <span class="subtitle"></span>

        <div class="product-page-hotspot">
            <div class="product-cell quickview-button">
                <div class="product-image ">

                    <img src="https://assets.shop.loblaws.ca/products/20964361/b1/en/front/20964361_front_a01.png" onerror="this.src='https://assets.shop.loblaws.ca/products/NoImage/b1/en/front/NoImage_front_a01_@2.png';" alt="Potato Chips, Dill Pickle" />

                    <span class="sticker deal">
	  				    <span class="deal-badge">
	  					    <span class="module-deal-badge module-deal-badge-feature flyer expires undefined">
	  						    <span class="deal-type">
								    Flyer<br />
	  							    Item
	  						    </span>

                    <span class="deal-expiry">
		Exp. 12/19
	</span>

                    </span>
                    </span>
                    </span>

                    <div class="hover-text-container">
                        <button href="#" tabindex="0" class="hover-text " aria-label="Quick View for Potato Chips, Dill Pickle.">Quick View</button>
                    </div>
                </div>
            </div>

            <div class="product-in-cart">
                <div class="wrapper-product-in-cart">
                    <span>
	  			    In Cart
	  		    </span>
                </div>
            </div>

            <div class="product-info">
                <div class="product-name-wrapper">
                    <a href="/Food/Pantry/Chips-%26-Salty-Snacks/Potato-Chips/Lay%27s-Potato-Chips%2C-Dill-Pickle/p/20964361_EA" class="product-name" aria-label="Product page for Potato Chips, Dill Pickle">
                        <span class="js-product-entry-brand">Lay's&nbsp;</span>

                        <span class="js-product-entry-name">Potato Chips, Dill Pickle</span>

                        <span class="js-product-entry-size-detail">(255 g)</span>

                    </a>
                </div>

                <span class="ad-match-badge  hidden">Ad Match</span>

                <div class="price">
                    <div class="price-wrapper no-discount  ">
                        <span class="reg-price  " aria-label="Regular Price: $2.47">
					    <span class="reg-price-text">$2.47</span>

                        <sup class="reg-price-unit">ea</sup>
                        </span>
                        <span class="sale-price hidden" aria-label="Sale Price:">
					    <span class="sale-price-text"></span>
                        <sup class="sale-price-unit">ea</sup>
                        </span>

                        <span class="secondary-price hidden">

					    <span class="secondary-price-text" aria-label="Secondary Price:"></span>
                        </span>
                    </div>
                </div>

                <div class="qty">
                    <span class="reg-qty  ">

		  		<span class="sr-only">Sale Price Per Unit:</span> $0.97 / 100 g

                    </span>

                    <span class="sale-qty hidden">

		  		<span class="sr-only">Sale Price Per Unit:</span> $0.97 / 100 g

                    </span>

                    <span class="secondary-qty hidden">

	  	<span class="secondary-qty-text"></span>
                    </span>
                </div>
            </div>

        </div>
        <form class="form-product  quickview-btn-simple" data-product-id="20964361_EA" data-min-qty="1.0" data-max-qty="999.0" data-unit-type="ea" data-cart-qty="1" data-default-qty="1" novalidate="novalidate" promoCode="" promoNumber="" data-is-customized="false" data-cart-url="/cart/product/20964361_EA" data-csrf-token="5582ec01-90c0-448b-b4f7-e2cf68d9f8a0" data-is-weighted-product="false">

            <div class="module-add-to-cart " data-change-type="plus" data-auto-edit="true" data-auto-add="true" data-cart-ajax-url="/cart/updateCart">
                <div class="wrapper-add-to-cart-btn">
                    <div class="module-add-to-cart-button-small">
                        <button type="button" class="btn btn-secondary btn-add-to-cart " data-auid="add-to-cart-button" data-has-pts-badge="false" aria-label="Add Potato Chips, Dill Pickle to cart">
                            <span class="icon-cart"></span>
                            <span class="add-to-cart-text">
											Add</span>
                        </button>
                        <button type="button" class="btn btn-secondary btn-edit-cart hidden " aria-label="Edit Cart">
                            <span class="qty-in-cart"></span>
                            <span class="edit-cart-text">
											<spring code="product.edit.text" />"
										</span>
                        </button>
                        <div class="add-list-parent add-list-module  bottom-add-list-module ">
                            <button class="btn btn-inline-link btn-save-to-list  dark is-btn-animated" data-login-url="/account/login?productCode=20964361_EA" data-ajax-url="/restful/lists/all?productCode=20964361_EA" data-user-guest="Y" data-user-guest="Y" data-product-code="20964361_EA" data-delete-item="false" aria-label="Add Potato Chips, Dill Pickle to a List">
                                <span class="glyphicon glyphicon-th-list"></span>
                                <div class="list-cta-text  is-btn-animated">Add to List</div>
                            </button>

                            <!-- this is the list HTML   -->
                            <div class="save-to-list-popup  is-btn-animated animation-up dark" data-save-to-list-error="Can not get lists at this time. Please try again later." data-product-name="Potato Chips, Dill Pickle">
                                <div class="inner-container">
                                </div>

                            </div>
                        </div>

                    </div>
                </div>
            </div>

            <div class="module-plus-minus-buttons small hidden ">
                <button type="button" class="btn cart-change-qty" data-change-type="minus" data-auid="decrease-product-quantity" alt="Minus" aria-label="Minus">
                    <span class="icon-minimize"></span>
                </button>
                <div class="plus-minus-input-wrapper">
                    <input class="input-qty cart-change-qty" aria-label="Enter manual quantity" type="text" name="qty" title="Change quantity in cart" data-unit-type="ea" value="1ea" data-change-type="equals" maxlength="7">

                    <span class="input-qty-pretty">
							<span class="input-qty-pretty-value">1</span>
                    <span class="input-qty-pretty-unit"></span>
                    </span>
                </div>

                <button type="button" class="btn cart-change-qty" data-change-type="plus" data-auid="increase-product-quantity" alt="Plus" aria-label="Plus">
                    <span class="icon-plus-sign"></span>
                </button>

                <p class="deal-limit-reached hidden">Deal Limit Reached</p>

                <div class="tooltip-qty-error tooltip-qty-limit hidden">
                    <p>
                        Limit to &nbsp; 999 &nbsp;each&nbsp; per customer.</p>
                </div>
                <div class="tooltip-qty-error tooltip-round-error hidden">
                    <p>
                        We do not have this in the weight you wanted. We've rounded your order to the nearest weight increment we stock.</p>
                </div>
            </div>
        </form>

        <!-- End Template: AddToCartSmall -->

    </div>
</div>
<div class="item">

    <div class="module-grocery-product quickview-simple  clicked" data-quickview-ajax-url="/p/20899063002_EA/quickViewProduct" data-product-id="20899063002_EA" data-product-price="$4.98">

        <span class="subtitle"></span>

        <div class="product-page-hotspot">
            <div class="product-cell quickview-button">
                <div class="product-image ">

                    <img src="https://assets.shop.loblaws.ca/products/20899063002/b1/en/front/20899063002_front_a01.png" onerror="this.src='https://assets.shop.loblaws.ca/products/NoImage/b1/en/front/NoImage_front_a01_@2.png';" alt="Sweet Cinnamon Chick Peas Snack" />

                    <div class="hover-text-container">
                        <button href="#" tabindex="0" class="hover-text " aria-label="Quick View for Sweet Cinnamon Chick Peas Snack.">Quick View</button>
                    </div>
                </div>
            </div>

            <div class="product-in-cart">
                <div class="wrapper-product-in-cart">
                    <span>
	  			    In Cart
	  		    </span>
                </div>
            </div>

            <div class="product-info">
                <div class="product-name-wrapper">
                    <a href="/Food/Pantry/Chips-%26-Salty-Snacks/Potato-Chips/The-Good-Bean-Sweet-Cinnamon-Chick-Peas-Snack/p/20899063002_EA" class="product-name" aria-label="Product page for Sweet Cinnamon Chick Peas Snack">
                        <span class="js-product-entry-brand">The Good Bean&nbsp;</span>

                        <span class="js-product-entry-name">Sweet Cinnamon Chick Peas Snack</span>

                        <span class="js-product-entry-size-detail">(170 g)</span>

                    </a>
                </div>

                <span class="ad-match-badge  hidden">Ad Match</span>

                <div class="price">
                    <div class="price-wrapper no-discount  ">
                        <span class="reg-price  " aria-label="Regular Price: $4.98">
					    <span class="reg-price-text">$4.98</span>

                        <sup class="reg-price-unit">ea</sup>
                        </span>
                        <span class="sale-price hidden" aria-label="Sale Price:">
					    <span class="sale-price-text"></span>
                        <sup class="sale-price-unit">ea</sup>
                        </span>

                        <span class="secondary-price hidden">

					    <span class="secondary-price-text" aria-label="Secondary Price:"></span>
                        </span>
                    </div>
                </div>

                <div class="qty">
                    <span class="reg-qty  ">

		  		<span class="sr-only">Sale Price Per Unit:</span> $2.93 / 100 g

                    </span>

                    <span class="sale-qty hidden">

		  		<span class="sr-only">Sale Price Per Unit:</span> $2.93 / 100 g

                    </span>

                    <span class="secondary-qty hidden">

	  	<span class="secondary-qty-text"></span>
                    </span>
                </div>
            </div>

        </div>
        <form class="form-product  quickview-btn-simple" data-product-id="20899063002_EA" data-min-qty="1.0" data-max-qty="999.0" data-unit-type="ea" data-cart-qty="1" data-default-qty="1" novalidate="novalidate" promoCode="" promoNumber="" data-is-customized="false" data-cart-url="/cart/product/20899063002_EA" data-csrf-token="5582ec01-90c0-448b-b4f7-e2cf68d9f8a0" data-is-weighted-product="false">

            <div class="module-add-to-cart " data-change-type="plus" data-auto-edit="true" data-auto-add="true" data-cart-ajax-url="/cart/updateCart">
                <div class="wrapper-add-to-cart-btn">
                    <div class="module-add-to-cart-button-small">
                        <button type="button" class="btn btn-secondary btn-add-to-cart " data-auid="add-to-cart-button" data-has-pts-badge="false" aria-label="Add Sweet Cinnamon Chick Peas Snack to cart">
                            <span class="icon-cart"></span>
                            <span class="add-to-cart-text">
											Add</span>
                        </button>
                        <button type="button" class="btn btn-secondary btn-edit-cart hidden " aria-label="Edit Cart">
                            <span class="qty-in-cart"></span>
                            <span class="edit-cart-text">
											<spring code="product.edit.text" />"
										</span>
                        </button>
                        <div class="add-list-parent add-list-module  bottom-add-list-module ">
                            <button class="btn btn-inline-link btn-save-to-list  dark is-btn-animated" data-login-url="/account/login?productCode=20899063002_EA" data-ajax-url="/restful/lists/all?productCode=20899063002_EA" data-user-guest="Y" data-user-guest="Y" data-product-code="20899063002_EA" data-delete-item="false" aria-label="Add Sweet Cinnamon Chick Peas Snack to a List">
                                <span class="glyphicon glyphicon-th-list"></span>
                                <div class="list-cta-text  is-btn-animated">Add to List</div>
                            </button>

                            <!-- this is the list HTML   -->
                            <div class="save-to-list-popup  is-btn-animated animation-up dark" data-save-to-list-error="Can not get lists at this time. Please try again later." data-product-name="Sweet Cinnamon Chick Peas Snack">
                                <div class="inner-container">
                                </div>

                            </div>
                        </div>

                    </div>
                </div>
            </div>

            <div class="module-plus-minus-buttons small hidden ">
                <button type="button" class="btn cart-change-qty" data-change-type="minus" data-auid="decrease-product-quantity" alt="Minus" aria-label="Minus">
                    <span class="icon-minimize"></span>
                </button>
                <div class="plus-minus-input-wrapper">
                    <input class="input-qty cart-change-qty" aria-label="Enter manual quantity" type="text" name="qty" title="Change quantity in cart" data-unit-type="ea" value="1ea" data-change-type="equals" maxlength="7">

                    <span class="input-qty-pretty">
							<span class="input-qty-pretty-value">1</span>
                    <span class="input-qty-pretty-unit"></span>
                    </span>
                </div>

                <button type="button" class="btn cart-change-qty" data-change-type="plus" data-auid="increase-product-quantity" alt="Plus" aria-label="Plus">
                    <span class="icon-plus-sign"></span>
                </button>

                <p class="deal-limit-reached hidden">Deal Limit Reached</p>

                <div class="tooltip-qty-error tooltip-qty-limit hidden">
                    <p>
                        Limit to &nbsp; 999 &nbsp;each&nbsp; per customer.</p>
                </div>
                <div class="tooltip-qty-error tooltip-round-error hidden">
                    <p>
                        We do not have this in the weight you wanted. We've rounded your order to the nearest weight increment we stock.</p>
                </div>
            </div>
        </form>

        <!-- End Template: AddToCartSmall -->

    </div>
</div>
<div class="item">

    <div class="module-grocery-product quickview-simple  clicked" data-quickview-ajax-url="/p/20622128001_EA/quickViewProduct" data-product-id="20622128001_EA" data-product-price="$4.98">

        <span class="subtitle"></span>

        <div class="product-page-hotspot">
            <div class="product-cell quickview-button">
                <div class="product-image ">

                    <img src="https://assets.shop.loblaws.ca/products/20622128001/b1/en/front/20622128001_front_a01.png" onerror="this.src='https://assets.shop.loblaws.ca/products/NoImage/b1/en/front/NoImage_front_a01_@2.png';" alt="Potato Chips, BBQ" />

                    <div class="hover-text-container">
                        <button href="#" tabindex="0" class="hover-text " aria-label="Quick View for Potato Chips, BBQ.">Quick View</button>
                    </div>
                </div>
            </div>

            <div class="product-in-cart">
                <div class="wrapper-product-in-cart">
                    <span>
	  			    In Cart
	  		    </span>
                </div>
            </div>

            <div class="product-info">
                <div class="product-name-wrapper">
                    <a href="/Food/Pantry/Chips-%26-Salty-Snacks/Potato-Chips/No-Name-Potato-Chips%2C-BBQ/p/20622128001_EA" class="product-name" aria-label="Product page for Potato Chips, BBQ">
                        <span class="js-product-entry-brand">No Name&nbsp;</span>

                        <span class="js-product-entry-name">Potato Chips, BBQ</span>

                        <span class="js-product-entry-size-detail">(750 g)</span>

                    </a>
                </div>

                <span class="ad-match-badge  hidden">Ad Match</span>

                <div class="price">
                    <div class="price-wrapper no-discount  ">
                        <span class="reg-price  " aria-label="Regular Price: $4.98">
					    <span class="reg-price-text">$4.98</span>

                        <sup class="reg-price-unit">ea</sup>
                        </span>
                        <span class="sale-price hidden" aria-label="Sale Price:">
					    <span class="sale-price-text"></span>
                        <sup class="sale-price-unit">ea</sup>
                        </span>

                        <span class="secondary-price hidden">

					    <span class="secondary-price-text" aria-label="Secondary Price:"></span>
                        </span>
                    </div>
                </div>

                <div class="qty">
                    <span class="reg-qty  ">

		  		<span class="sr-only">Sale Price Per Unit:</span> $0.66 / 100 g

                    </span>

                    <span class="sale-qty hidden">

		  		<span class="sr-only">Sale Price Per Unit:</span> $0.66 / 100 g

                    </span>

                    <span class="secondary-qty hidden">

	  	<span class="secondary-qty-text"></span>
                    </span>
                </div>
            </div>

        </div>
        <form class="form-product  quickview-btn-simple" data-product-id="20622128001_EA" data-min-qty="1.0" data-max-qty="999.0" data-unit-type="ea" data-cart-qty="1" data-default-qty="1" novalidate="novalidate" promoCode="" promoNumber="" data-is-customized="false" data-cart-url="/cart/product/20622128001_EA" data-csrf-token="5582ec01-90c0-448b-b4f7-e2cf68d9f8a0" data-is-weighted-product="false">

            <div class="module-add-to-cart " data-change-type="plus" data-auto-edit="true" data-auto-add="true" data-cart-ajax-url="/cart/updateCart">
                <div class="wrapper-add-to-cart-btn">
                    <div class="module-add-to-cart-button-small">
                        <button type="button" class="btn btn-secondary btn-add-to-cart " data-auid="add-to-cart-button" data-has-pts-badge="false" aria-label="Add Potato Chips, BBQ to cart">
                            <span class="icon-cart"></span>
                            <span class="add-to-cart-text">
											Add</span>
                        </button>
                        <button type="button" class="btn btn-secondary btn-edit-cart hidden " aria-label="Edit Cart">
                            <span class="qty-in-cart"></span>
                            <span class="edit-cart-text">
											<spring code="product.edit.text" />"
										</span>
                        </button>
                        <div class="add-list-parent add-list-module  bottom-add-list-module ">
                            <button class="btn btn-inline-link btn-save-to-list  dark is-btn-animated" data-login-url="/account/login?productCode=20622128001_EA" data-ajax-url="/restful/lists/all?productCode=20622128001_EA" data-user-guest="Y" data-user-guest="Y" data-product-code="20622128001_EA" data-delete-item="false" aria-label="Add Potato Chips, BBQ to a List">
                                <span class="glyphicon glyphicon-th-list"></span>
                                <div class="list-cta-text  is-btn-animated">Add to List</div>
                            </button>

                            <!-- this is the list HTML   -->
                            <div class="save-to-list-popup  is-btn-animated animation-up dark" data-save-to-list-error="Can not get lists at this time. Please try again later." data-product-name="Potato Chips, BBQ">
                                <div class="inner-container">
                                </div>

                            </div>
                        </div>

                    </div>
                </div>
            </div>

            <div class="module-plus-minus-buttons small hidden ">
                <button type="button" class="btn cart-change-qty" data-change-type="minus" data-auid="decrease-product-quantity" alt="Minus" aria-label="Minus">
                    <span class="icon-minimize"></span>
                </button>
                <div class="plus-minus-input-wrapper">
                    <input class="input-qty cart-change-qty" aria-label="Enter manual quantity" type="text" name="qty" title="Change quantity in cart" data-unit-type="ea" value="1ea" data-change-type="equals" maxlength="7">

                    <span class="input-qty-pretty">
							<span class="input-qty-pretty-value">1</span>
                    <span class="input-qty-pretty-unit"></span>
                    </span>
                </div>

                <button type="button" class="btn cart-change-qty" data-change-type="plus" data-auid="increase-product-quantity" alt="Plus" aria-label="Plus">
                    <span class="icon-plus-sign"></span>
                </button>

                <p class="deal-limit-reached hidden">Deal Limit Reached</p>

                <div class="tooltip-qty-error tooltip-qty-limit hidden">
                    <p>
                        Limit to &nbsp; 999 &nbsp;each&nbsp; per customer.</p>
                </div>
                <div class="tooltip-qty-error tooltip-round-error hidden">
                    <p>
                        We do not have this in the weight you wanted. We've rounded your order to the nearest weight increment we stock.</p>
                </div>
            </div>
        </form>

        <!-- End Template: AddToCartSmall -->

    </div>
</div>
<div class="item">

    <div class="module-grocery-product quickview-simple  clicked" data-quickview-ajax-url="/p/21041902_EA/quickViewProduct" data-product-id="21041902_EA" data-product-price="$2.48">

        <span class="subtitle"></span>

        <div class="product-page-hotspot">
            <div class="product-cell quickview-button">
                <div class="product-image ">

                    <img src="https://assets.shop.loblaws.ca/products/21041902/b1/en/front/21041902_front_a01.png" onerror="this.src='https://assets.shop.loblaws.ca/products/NoImage/b1/en/front/NoImage_front_a01_@2.png';" alt="Chickpea Tortilla Chips" />

                    <span class="sticker deal">
	  				        <span class="deal-badge">

	  				            <span class="module-deal-badge module-deal-badge-grid simple-save-unit "
	  						        data-deal-type="SAVE $0.50"
	  						        data-ajax-promo-url="/simpleDeal/deals/product-tile?productCode=21041902_EA"
	  						        data-deal-id="21041902_EA">
	  						        <span class="deal-type">SAVE $0.50</span>

                    <span class="deal-expiry">
		Exp. 01/03
	</span>

                    </span>
                    </span>
                    </span>

                    <div class="hover-text-container">
                        <button href="#" tabindex="0" class="hover-text " aria-label="Quick View for Chickpea Tortilla Chips.">Quick View</button>
                    </div>
                </div>
            </div>

            <div class="product-in-cart">
                <div class="wrapper-product-in-cart">
                    <span>
	  			    In Cart
	  		    </span>
                </div>
            </div>

            <div class="product-info">
                <div class="product-name-wrapper">
                    <a href="/Food/Pantry/Chips-%26-Salty-Snacks/Potato-Chips/President%27s-Choice-Chickpea-Tortilla-Chips/p/21041902_EA" class="product-name" aria-label="Product page for Chickpea Tortilla Chips">
                        <span class="js-product-entry-brand">President's Choice&nbsp;</span>

                        <span class="js-product-entry-name">Chickpea Tortilla Chips</span>

                        <span class="js-product-entry-size-detail">(320 g)</span>

                    </a>
                </div>

                <span class="ad-match-badge  hidden">Ad Match</span>

                <div class="price">
                    <div class="price-wrapper discount promo-alert ">
                        <span class="reg-price  price-alert" aria-label="Regular Price: $2.48">
					    <span class="reg-price-text">$2.48</span>

                        <sup class="reg-price-unit">ea</sup>
                        </span>
                        <span class="sale-price hidden" aria-label="Sale Price:">
					    <span class="sale-price-text"></span>
                        <sup class="sale-price-unit">ea</sup>
                        </span>

                        <span class="old-price" aria-label="Original Price: $2.98">
						    <span class="old-price-text">$2.98</span>
                        </span>

                        <span class="secondary-price hidden">

					    <span class="secondary-price-text" aria-label="Secondary Price:"></span>
                        </span>
                    </div>
                </div>

                <div class="qty">
                    <span class="reg-qty  price-alert">

		  		<span class="sr-only">Sale Price Per Unit:</span> $0.78 / 100 g

                    </span>

                    <span class="sale-qty hidden">

		  		<span class="sr-only">Sale Price Per Unit:</span> $0.78 / 100 g

                    </span>

                    <span class="secondary-qty hidden">

	  	<span class="secondary-qty-text"></span>
                    </span>
                </div>
            </div>

        </div>
        <form class="form-product  quickview-btn-simple" data-product-id="21041902_EA" data-min-qty="1.0" data-max-qty="999.0" data-unit-type="ea" data-cart-qty="1" data-default-qty="1" novalidate="novalidate" promoCode="" promoNumber="" data-is-customized="false" data-cart-url="/cart/product/21041902_EA" data-csrf-token="5582ec01-90c0-448b-b4f7-e2cf68d9f8a0" data-is-weighted-product="false">

            <div class="module-add-to-cart " data-change-type="plus" data-auto-edit="true" data-auto-add="true" data-cart-ajax-url="/cart/updateCart">
                <div class="wrapper-add-to-cart-btn">
                    <div class="module-add-to-cart-button-small">
                        <button type="button" class="btn btn-secondary btn-add-to-cart " data-auid="add-to-cart-button" data-has-pts-badge="false" aria-label="Add Chickpea Tortilla Chips to cart">
                            <span class="icon-cart"></span>
                            <span class="add-to-cart-text">
											Add</span>
                        </button>
                        <button type="button" class="btn btn-secondary btn-edit-cart hidden " aria-label="Edit Cart">
                            <span class="qty-in-cart"></span>
                            <span class="edit-cart-text">
											<spring code="product.edit.text" />"
										</span>
                        </button>
                        <div class="add-list-parent add-list-module  bottom-add-list-module ">
                            <button class="btn btn-inline-link btn-save-to-list  dark is-btn-animated" data-login-url="/account/login?productCode=21041902_EA" data-ajax-url="/restful/lists/all?productCode=21041902_EA" data-user-guest="Y" data-user-guest="Y" data-product-code="21041902_EA" data-delete-item="false" aria-label="Add Chickpea Tortilla Chips to a List">
                                <span class="glyphicon glyphicon-th-list"></span>
                                <div class="list-cta-text  is-btn-animated">Add to List</div>
                            </button>

                            <!-- this is the list HTML   -->
                            <div class="save-to-list-popup  is-btn-animated animation-up dark" data-save-to-list-error="Can not get lists at this time. Please try again later." data-product-name="Chickpea Tortilla Chips">
                                <div class="inner-container">
                                </div>

                            </div>
                        </div>

                    </div>
                </div>
            </div>

            <div class="module-plus-minus-buttons small hidden ">
                <button type="button" class="btn cart-change-qty" data-change-type="minus" data-auid="decrease-product-quantity" alt="Minus" aria-label="Minus">
                    <span class="icon-minimize"></span>
                </button>
                <div class="plus-minus-input-wrapper">
                    <input class="input-qty cart-change-qty" aria-label="Enter manual quantity" type="text" name="qty" title="Change quantity in cart" data-unit-type="ea" value="1ea" data-change-type="equals" maxlength="7">

                    <span class="input-qty-pretty">
							<span class="input-qty-pretty-value">1</span>
                    <span class="input-qty-pretty-unit"></span>
                    </span>
                </div>

                <button type="button" class="btn cart-change-qty" data-change-type="plus" data-auid="increase-product-quantity" alt="Plus" aria-label="Plus">
                    <span class="icon-plus-sign"></span>
                </button>

                <p class="deal-limit-reached hidden">Deal Limit Reached</p>

                <div class="tooltip-qty-error tooltip-qty-limit hidden">
                    <p>
                        Limit to &nbsp; 999 &nbsp;each&nbsp; per customer.</p>
                </div>
                <div class="tooltip-qty-error tooltip-round-error hidden">
                    <p>
                        We do not have this in the weight you wanted. We've rounded your order to the nearest weight increment we stock.</p>
                </div>
            </div>
        </form>

        <!-- End Template: AddToCartSmall -->

    </div>
</div>
<div class="item">

    <div class="module-grocery-product quickview-simple  clicked" data-quickview-ajax-url="/p/20797380008_EA/quickViewProduct" data-product-id="20797380008_EA" data-product-price="$1.69">

        <span class="subtitle"></span>

        <div class="product-page-hotspot">
            <div class="product-cell quickview-button">
                <div class="product-image ">

                    <img src="https://assets.shop.loblaws.ca/products/20797380008/b1/en/front/20797380008_front_a01.png" onerror="this.src='https://assets.shop.loblaws.ca/products/NoImage/b1/en/front/NoImage_front_a01_@2.png';" alt="Tortilla Chips, Zesty Cheese" />

                    <div class="hover-text-container">
                        <button href="#" tabindex="0" class="hover-text " aria-label="Quick View for Tortilla Chips, Zesty Cheese.">Quick View</button>
                    </div>
                </div>
            </div>

            <div class="product-in-cart">
                <div class="wrapper-product-in-cart">
                    <span>
	  			    In Cart
	  		    </span>
                </div>
            </div>

            <div class="product-info">
                <div class="product-name-wrapper">
                    <a href="/Food/Pantry/Chips-%26-Salty-Snacks/Potato-Chips/Tortilla-Chips%2C-Zesty-Cheese/p/20797380008_EA" class="product-name" aria-label="Product page for Tortilla Chips, Zesty Cheese">
                        <span class="js-product-entry-brand">Doritos&nbsp;</span>

                        <span class="js-product-entry-name">Tortilla Chips, Zesty Cheese</span>

                        <span class="js-product-entry-size-detail">(80 g)</span>

                    </a>
                </div>

                <span class="ad-match-badge  hidden">Ad Match</span>

                <div class="price">
                    <div class="price-wrapper no-discount  ">
                        <span class="reg-price  " aria-label="Regular Price: $1.69">
					    <span class="reg-price-text">$1.69</span>

                        <sup class="reg-price-unit">ea</sup>
                        </span>
                        <span class="sale-price hidden" aria-label="Sale Price:">
					    <span class="sale-price-text"></span>
                        <sup class="sale-price-unit">ea</sup>
                        </span>

                        <span class="secondary-price hidden">

					    <span class="secondary-price-text" aria-label="Secondary Price:"></span>
                        </span>
                    </div>
                </div>

                <div class="qty">
                    <span class="reg-qty  ">

		  		<span class="sr-only">Sale Price Per Unit:</span> $2.11 / 100 g

                    </span>

                    <span class="sale-qty hidden">

		  		<span class="sr-only">Sale Price Per Unit:</span> $2.11 / 100 g

                    </span>

                    <span class="secondary-qty hidden">

	  	<span class="secondary-qty-text"></span>
                    </span>
                </div>
            </div>

        </div>
        <form class="form-product  quickview-btn-simple" data-product-id="20797380008_EA" data-min-qty="1.0" data-max-qty="999.0" data-unit-type="ea" data-cart-qty="1" data-default-qty="1" novalidate="novalidate" promoCode="" promoNumber="" data-is-customized="false" data-cart-url="/cart/product/20797380008_EA" data-csrf-token="5582ec01-90c0-448b-b4f7-e2cf68d9f8a0" data-is-weighted-product="false">

            <div class="module-add-to-cart " data-change-type="plus" data-auto-edit="true" data-auto-add="true" data-cart-ajax-url="/cart/updateCart">
                <div class="wrapper-add-to-cart-btn">
                    <div class="module-add-to-cart-button-small">
                        <button type="button" class="btn btn-secondary btn-add-to-cart " data-auid="add-to-cart-button" data-has-pts-badge="false" aria-label="Add Tortilla Chips, Zesty Cheese to cart">
                            <span class="icon-cart"></span>
                            <span class="add-to-cart-text">
											Add</span>
                        </button>
                        <button type="button" class="btn btn-secondary btn-edit-cart hidden " aria-label="Edit Cart">
                            <span class="qty-in-cart"></span>
                            <span class="edit-cart-text">
											<spring code="product.edit.text" />"
										</span>
                        </button>
                        <div class="add-list-parent add-list-module  bottom-add-list-module ">
                            <button class="btn btn-inline-link btn-save-to-list  dark is-btn-animated" data-login-url="/account/login?productCode=20797380008_EA" data-ajax-url="/restful/lists/all?productCode=20797380008_EA" data-user-guest="Y" data-user-guest="Y" data-product-code="20797380008_EA" data-delete-item="false" aria-label="Add Tortilla Chips, Zesty Cheese to a List">
                                <span class="glyphicon glyphicon-th-list"></span>
                                <div class="list-cta-text  is-btn-animated">Add to List</div>
                            </button>

                            <!-- this is the list HTML   -->
                            <div class="save-to-list-popup  is-btn-animated animation-up dark" data-save-to-list-error="Can not get lists at this time. Please try again later." data-product-name="Tortilla Chips, Zesty Cheese">
                                <div class="inner-container">
                                </div>

                            </div>
                        </div>

                    </div>
                </div>
            </div>

            <div class="module-plus-minus-buttons small hidden ">
                <button type="button" class="btn cart-change-qty" data-change-type="minus" data-auid="decrease-product-quantity" alt="Minus" aria-label="Minus">
                    <span class="icon-minimize"></span>
                </button>
                <div class="plus-minus-input-wrapper">
                    <input class="input-qty cart-change-qty" aria-label="Enter manual quantity" type="text" name="qty" title="Change quantity in cart" data-unit-type="ea" value="1ea" data-change-type="equals" maxlength="7">

                    <span class="input-qty-pretty">
							<span class="input-qty-pretty-value">1</span>
                    <span class="input-qty-pretty-unit"></span>
                    </span>
                </div>

                <button type="button" class="btn cart-change-qty" data-change-type="plus" data-auid="increase-product-quantity" alt="Plus" aria-label="Plus">
                    <span class="icon-plus-sign"></span>
                </button>

                <p class="deal-limit-reached hidden">Deal Limit Reached</p>

                <div class="tooltip-qty-error tooltip-qty-limit hidden">
                    <p>
                        Limit to &nbsp; 999 &nbsp;each&nbsp; per customer.</p>
                </div>
                <div class="tooltip-qty-error tooltip-round-error hidden">
                    <p>
                        We do not have this in the weight you wanted. We've rounded your order to the nearest weight increment we stock.</p>
                </div>
            </div>
        </form>

        <!-- End Template: AddToCartSmall -->

    </div>
</div>
<div class="item">

    <div class="module-grocery-product quickview-simple  clicked" data-quickview-ajax-url="/p/21036714_EA/quickViewProduct" data-product-id="21036714_EA" data-product-price="$3.68">

        <span class="subtitle"></span>

        <div class="product-page-hotspot">
            <div class="product-cell quickview-button">
                <div class="product-image ">

                    <img src="https://assets.shop.loblaws.ca/products/21036714/b1/en/front/21036714_front_a01.png" onerror="this.src='https://assets.shop.loblaws.ca/products/NoImage/b1/en/front/NoImage_front_a01_@2.png';" alt="Takis Fuego Chips" />

                    <div class="hover-text-container">
                        <button href="#" tabindex="0" class="hover-text " aria-label="Quick View for Takis Fuego Chips.">Quick View</button>
                    </div>
                </div>
            </div>

            <div class="product-in-cart">
                <div class="wrapper-product-in-cart">
                    <span>
	  			    In Cart
	  		    </span>
                </div>
            </div>

            <div class="product-info">
                <div class="product-name-wrapper">
                    <a href="/Food/Pantry/Chips-%26-Salty-Snacks/Potato-Chips/Barcel-Takis-Fuego-Chips/p/21036714_EA" class="product-name" aria-label="Product page for Takis Fuego Chips">

                        <span class="js-product-entry-name">Takis Fuego Chips</span>

                        <span class="js-product-entry-size-detail">(280 g)</span>

                    </a>
                </div>

                <span class="ad-match-badge  hidden">Ad Match</span>

                <div class="price">
                    <div class="price-wrapper no-discount  ">
                        <span class="reg-price  " aria-label="Regular Price: $3.68">
					    <span class="reg-price-text">$3.68</span>

                        <sup class="reg-price-unit">ea</sup>
                        </span>
                        <span class="sale-price hidden" aria-label="Sale Price:">
					    <span class="sale-price-text"></span>
                        <sup class="sale-price-unit">ea</sup>
                        </span>

                        <span class="secondary-price hidden">

					    <span class="secondary-price-text" aria-label="Secondary Price:"></span>
                        </span>
                    </div>
                </div>

                <div class="qty">
                    <span class="reg-qty  ">

		  		<span class="sr-only">Sale Price Per Unit:</span> $1.31 / 100 g

                    </span>

                    <span class="sale-qty hidden">

		  		<span class="sr-only">Sale Price Per Unit:</span> $1.31 / 100 g

                    </span>

                    <span class="secondary-qty hidden">

	  	<span class="secondary-qty-text"></span>
                    </span>
                </div>
            </div>

        </div>
        <form class="form-product  quickview-btn-simple" data-product-id="21036714_EA" data-min-qty="1.0" data-max-qty="999.0" data-unit-type="ea" data-cart-qty="1" data-default-qty="1" novalidate="novalidate" promoCode="" promoNumber="" data-is-customized="false" data-cart-url="/cart/product/21036714_EA" data-csrf-token="5582ec01-90c0-448b-b4f7-e2cf68d9f8a0" data-is-weighted-product="false">

            <div class="module-add-to-cart " data-change-type="plus" data-auto-edit="true" data-auto-add="true" data-cart-ajax-url="/cart/updateCart">
                <div class="wrapper-add-to-cart-btn">
                    <div class="module-add-to-cart-button-small">
                        <button type="button" class="btn btn-secondary btn-add-to-cart " data-auid="add-to-cart-button" data-has-pts-badge="false" aria-label="Add Takis Fuego Chips to cart">
                            <span class="icon-cart"></span>
                            <span class="add-to-cart-text">
											Add</span>
                        </button>
                        <button type="button" class="btn btn-secondary btn-edit-cart hidden " aria-label="Edit Cart">
                            <span class="qty-in-cart"></span>
                            <span class="edit-cart-text">
											<spring code="product.edit.text" />"
										</span>
                        </button>
                        <div class="add-list-parent add-list-module  bottom-add-list-module ">
                            <button class="btn btn-inline-link btn-save-to-list  dark is-btn-animated" data-login-url="/account/login?productCode=21036714_EA" data-ajax-url="/restful/lists/all?productCode=21036714_EA" data-user-guest="Y" data-user-guest="Y" data-product-code="21036714_EA" data-delete-item="false" aria-label="Add Takis Fuego Chips to a List">
                                <span class="glyphicon glyphicon-th-list"></span>
                                <div class="list-cta-text  is-btn-animated">Add to List</div>
                            </button>

                            <!-- this is the list HTML   -->
                            <div class="save-to-list-popup  is-btn-animated animation-up dark" data-save-to-list-error="Can not get lists at this time. Please try again later." data-product-name="Takis Fuego Chips">
                                <div class="inner-container">
                                </div>

                            </div>
                        </div>

                    </div>
                </div>
            </div>

            <div class="module-plus-minus-buttons small hidden ">
                <button type="button" class="btn cart-change-qty" data-change-type="minus" data-auid="decrease-product-quantity" alt="Minus" aria-label="Minus">
                    <span class="icon-minimize"></span>
                </button>
                <div class="plus-minus-input-wrapper">
                    <input class="input-qty cart-change-qty" aria-label="Enter manual quantity" type="text" name="qty" title="Change quantity in cart" data-unit-type="ea" value="1ea" data-change-type="equals" maxlength="7">

                    <span class="input-qty-pretty">
							<span class="input-qty-pretty-value">1</span>
                    <span class="input-qty-pretty-unit"></span>
                    </span>
                </div>

                <button type="button" class="btn cart-change-qty" data-change-type="plus" data-auid="increase-product-quantity" alt="Plus" aria-label="Plus">
                    <span class="icon-plus-sign"></span>
                </button>

                <p class="deal-limit-reached hidden">Deal Limit Reached</p>

                <div class="tooltip-qty-error tooltip-qty-limit hidden">
                    <p>
                        Limit to &nbsp; 999 &nbsp;each&nbsp; per customer.</p>
                </div>
                <div class="tooltip-qty-error tooltip-round-error hidden">
                    <p>
                        We do not have this in the weight you wanted. We've rounded your order to the nearest weight increment we stock.</p>
                </div>
            </div>
        </form>

        <!-- End Template: AddToCartSmall -->

    </div>
</div>
<div class="item">

    <div class="module-grocery-product quickview-simple  clicked" data-quickview-ajax-url="/p/21049385_EA/quickViewProduct" data-product-id="21049385_EA" data-product-price="$3.27">

        <span class="subtitle"></span>

        <div class="product-page-hotspot">
            <div class="product-cell quickview-button">
                <div class="product-image ">

                    <img src="https://assets.shop.loblaws.ca/products/21049385/b1/en/front/21049385_front_a01.png" onerror="this.src='https://assets.shop.loblaws.ca/products/NoImage/b1/en/front/NoImage_front_a01_@2.png';" alt="Potato Chips, Regular" />

                    <div class="hover-text-container">
                        <button href="#" tabindex="0" class="hover-text " aria-label="Quick View for Potato Chips, Regular.">Quick View</button>
                    </div>
                </div>
            </div>

            <div class="product-in-cart">
                <div class="wrapper-product-in-cart">
                    <span>
	  			    In Cart
	  		    </span>
                </div>
            </div>

            <div class="product-info">
                <div class="product-name-wrapper">
                    <a href="/Food/Pantry/Chips-%26-Salty-Snacks/Potato-Chips/Ruffles-Potato-Chips%2C-Regular/p/21049385_EA" class="product-name" aria-label="Product page for Potato Chips, Regular">

                        <span class="js-product-entry-name">Potato Chips, Regular</span>

                        <span class="js-product-entry-size-detail">(220 g)</span>

                    </a>
                </div>

                <span class="ad-match-badge  hidden">Ad Match</span>

                <div class="price">
                    <div class="price-wrapper no-discount  ">
                        <span class="reg-price  " aria-label="Regular Price: $3.27">
					    <span class="reg-price-text">$3.27</span>

                        <sup class="reg-price-unit">ea</sup>
                        </span>
                        <span class="sale-price hidden" aria-label="Sale Price:">
					    <span class="sale-price-text"></span>
                        <sup class="sale-price-unit">ea</sup>
                        </span>

                        <span class="secondary-price hidden">

					    <span class="secondary-price-text" aria-label="Secondary Price:"></span>
                        </span>
                    </div>
                </div>

                <div class="qty">
                    <span class="reg-qty  ">

		  		<span class="sr-only">Sale Price Per Unit:</span> $1.49 / 100 g

                    </span>

                    <span class="sale-qty hidden">

		  		<span class="sr-only">Sale Price Per Unit:</span> $1.49 / 100 g

                    </span>

                    <span class="secondary-qty hidden">

	  	<span class="secondary-qty-text"></span>
                    </span>
                </div>
            </div>

        </div>
        <form class="form-product  quickview-btn-simple" data-product-id="21049385_EA" data-min-qty="1.0" data-max-qty="999.0" data-unit-type="ea" data-cart-qty="1" data-default-qty="1" novalidate="novalidate" promoCode="" promoNumber="" data-is-customized="false" data-cart-url="/cart/product/21049385_EA" data-csrf-token="5582ec01-90c0-448b-b4f7-e2cf68d9f8a0" data-is-weighted-product="false">

            <div class="module-add-to-cart " data-change-type="plus" data-auto-edit="true" data-auto-add="true" data-cart-ajax-url="/cart/updateCart">
                <div class="wrapper-add-to-cart-btn">
                    <div class="module-add-to-cart-button-small">
                        <button type="button" class="btn btn-secondary btn-add-to-cart " data-auid="add-to-cart-button" data-has-pts-badge="false" aria-label="Add Potato Chips, Regular to cart">
                            <span class="icon-cart"></span>
                            <span class="add-to-cart-text">
											Add</span>
                        </button>
                        <button type="button" class="btn btn-secondary btn-edit-cart hidden " aria-label="Edit Cart">
                            <span class="qty-in-cart"></span>
                            <span class="edit-cart-text">
											<spring code="product.edit.text" />"
										</span>
                        </button>
                        <div class="add-list-parent add-list-module  bottom-add-list-module ">
                            <button class="btn btn-inline-link btn-save-to-list  dark is-btn-animated" data-login-url="/account/login?productCode=21049385_EA" data-ajax-url="/restful/lists/all?productCode=21049385_EA" data-user-guest="Y" data-user-guest="Y" data-product-code="21049385_EA" data-delete-item="false" aria-label="Add Potato Chips, Regular to a List">
                                <span class="glyphicon glyphicon-th-list"></span>
                                <div class="list-cta-text  is-btn-animated">Add to List</div>
                            </button>

                            <!-- this is the list HTML   -->
                            <div class="save-to-list-popup  is-btn-animated animation-up dark" data-save-to-list-error="Can not get lists at this time. Please try again later." data-product-name="Potato Chips, Regular">
                                <div class="inner-container">
                                </div>

                            </div>
                        </div>

                    </div>
                </div>
            </div>

            <div class="module-plus-minus-buttons small hidden ">
                <button type="button" class="btn cart-change-qty" data-change-type="minus" data-auid="decrease-product-quantity" alt="Minus" aria-label="Minus">
                    <span class="icon-minimize"></span>
                </button>
                <div class="plus-minus-input-wrapper">
                    <input class="input-qty cart-change-qty" aria-label="Enter manual quantity" type="text" name="qty" title="Change quantity in cart" data-unit-type="ea" value="1ea" data-change-type="equals" maxlength="7">

                    <span class="input-qty-pretty">
							<span class="input-qty-pretty-value">1</span>
                    <span class="input-qty-pretty-unit"></span>
                    </span>
                </div>

                <button type="button" class="btn cart-change-qty" data-change-type="plus" data-auid="increase-product-quantity" alt="Plus" aria-label="Plus">
                    <span class="icon-plus-sign"></span>
                </button>

                <p class="deal-limit-reached hidden">Deal Limit Reached</p>

                <div class="tooltip-qty-error tooltip-qty-limit hidden">
                    <p>
                        Limit to &nbsp; 999 &nbsp;each&nbsp; per customer.</p>
                </div>
                <div class="tooltip-qty-error tooltip-round-error hidden">
                    <p>
                        We do not have this in the weight you wanted. We've rounded your order to the nearest weight increment we stock.</p>
                </div>
            </div>
        </form>

        <!-- End Template: AddToCartSmall -->

    </div>
</div>
<div class="item">

    <div class="module-grocery-product quickview-simple  clicked" data-quickview-ajax-url="/p/20072787_EA/quickViewProduct" data-product-id="20072787_EA" data-product-price="$12.98">

        <span class="subtitle"></span>

        <div class="product-page-hotspot">
            <div class="product-cell quickview-button">
                <div class="product-image ">

                    <img src="https://assets.shop.loblaws.ca/products/20072787/b1/en/front/20072787_front_a01.png" onerror="this.src='https://assets.shop.loblaws.ca/products/NoImage/b1/en/front/NoImage_front_a01_@2.png';" alt="Chips" />

                    <div class="hover-text-container">
                        <button href="#" tabindex="0" class="hover-text " aria-label="Quick View for Chips.">Quick View</button>
                    </div>
                </div>
            </div>

            <div class="product-in-cart">
                <div class="wrapper-product-in-cart">
                    <span>
	  			    In Cart
	  		    </span>
                </div>
            </div>

            <div class="product-info">
                <div class="product-name-wrapper">
                    <a href="/Food/Pantry/Chips-%26-Salty-Snacks/Potato-Chips/Chips/p/20072787_EA" class="product-name" aria-label="Product page for Chips">
                        <span class="js-product-entry-brand">Old Dutch&nbsp;</span>

                        <span class="js-product-entry-name">Chips</span>

                        <span class="js-product-entry-size-detail">(30x32g)</span>

                    </a>
                </div>

                <span class="ad-match-badge  hidden">Ad Match</span>

                <div class="price">
                    <div class="price-wrapper no-discount  ">
                        <span class="reg-price  " aria-label="Regular Price: $12.98">
					    <span class="reg-price-text">$12.98</span>

                        <sup class="reg-price-unit">ea</sup>
                        </span>
                        <span class="sale-price hidden" aria-label="Sale Price:">
					    <span class="sale-price-text"></span>
                        <sup class="sale-price-unit">ea</sup>
                        </span>

                        <span class="secondary-price hidden">

					    <span class="secondary-price-text" aria-label="Secondary Price:"></span>
                        </span>
                    </div>
                </div>

                <div class="qty">
                    <span class="reg-qty  ">

		  		<span class="sr-only">Sale Price Per Unit:</span> $1.35 / 100 g

                    </span>

                    <span class="sale-qty hidden">

		  		<span class="sr-only">Sale Price Per Unit:</span> $1.35 / 100 g

                    </span>

                    <span class="secondary-qty hidden">

	  	<span class="secondary-qty-text"></span>
                    </span>
                </div>
            </div>

        </div>
        <form class="form-product  quickview-btn-simple" data-product-id="20072787_EA" data-min-qty="1.0" data-max-qty="999.0" data-unit-type="ea" data-cart-qty="1" data-default-qty="1" novalidate="novalidate" promoCode="" promoNumber="" data-is-customized="false" data-cart-url="/cart/product/20072787_EA" data-csrf-token="5582ec01-90c0-448b-b4f7-e2cf68d9f8a0" data-is-weighted-product="false">

            <div class="module-add-to-cart " data-change-type="plus" data-auto-edit="true" data-auto-add="true" data-cart-ajax-url="/cart/updateCart">
                <div class="wrapper-add-to-cart-btn">
                    <div class="module-add-to-cart-button-small">
                        <button type="button" class="btn btn-secondary btn-add-to-cart " data-auid="add-to-cart-button" data-has-pts-badge="false" aria-label="Add Chips to cart">
                            <span class="icon-cart"></span>
                            <span class="add-to-cart-text">
											Add</span>
                        </button>
                        <button type="button" class="btn btn-secondary btn-edit-cart hidden " aria-label="Edit Cart">
                            <span class="qty-in-cart"></span>
                            <span class="edit-cart-text">
											<spring code="product.edit.text" />"
										</span>
                        </button>
                        <div class="add-list-parent add-list-module  bottom-add-list-module ">
                            <button class="btn btn-inline-link btn-save-to-list  dark is-btn-animated" data-login-url="/account/login?productCode=20072787_EA" data-ajax-url="/restful/lists/all?productCode=20072787_EA" data-user-guest="Y" data-user-guest="Y" data-product-code="20072787_EA" data-delete-item="false" aria-label="Add Chips to a List">
                                <span class="glyphicon glyphicon-th-list"></span>
                                <div class="list-cta-text  is-btn-animated">Add to List</div>
                            </button>

                            <!-- this is the list HTML   -->
                            <div class="save-to-list-popup  is-btn-animated animation-up dark" data-save-to-list-error="Can not get lists at this time. Please try again later." data-product-name="Chips">
                                <div class="inner-container">
                                </div>

                            </div>
                        </div>

                    </div>
                </div>
            </div>

            <div class="module-plus-minus-buttons small hidden ">
                <button type="button" class="btn cart-change-qty" data-change-type="minus" data-auid="decrease-product-quantity" alt="Minus" aria-label="Minus">
                    <span class="icon-minimize"></span>
                </button>
                <div class="plus-minus-input-wrapper">
                    <input class="input-qty cart-change-qty" aria-label="Enter manual quantity" type="text" name="qty" title="Change quantity in cart" data-unit-type="ea" value="1ea" data-change-type="equals" maxlength="7">

                    <span class="input-qty-pretty">
							<span class="input-qty-pretty-value">1</span>
                    <span class="input-qty-pretty-unit"></span>
                    </span>
                </div>

                <button type="button" class="btn cart-change-qty" data-change-type="plus" data-auid="increase-product-quantity" alt="Plus" aria-label="Plus">
                    <span class="icon-plus-sign"></span>
                </button>

                <p class="deal-limit-reached hidden">Deal Limit Reached</p>

                <div class="tooltip-qty-error tooltip-qty-limit hidden">
                    <p>
                        Limit to &nbsp; 999 &nbsp;each&nbsp; per customer.</p>
                </div>
                <div class="tooltip-qty-error tooltip-round-error hidden">
                    <p>
                        We do not have this in the weight you wanted. We've rounded your order to the nearest weight increment we stock.</p>
                </div>
            </div>
        </form>

        <!-- End Template: AddToCartSmall -->

    </div>
</div>
<div class="item">

    <div class="module-grocery-product quickview-simple  clicked" data-quickview-ajax-url="/p/20881070_EA/quickViewProduct" data-product-id="20881070_EA" data-product-price="$6.98">

        <span class="subtitle"></span>

        <div class="product-page-hotspot">
            <div class="product-cell quickview-button">
                <div class="product-image ">

                    <img src="https://assets.shop.loblaws.ca/products/20881070/b1/en/front/20881070_front_a01.png" onerror="this.src='https://assets.shop.loblaws.ca/products/NoImage/b1/en/front/NoImage_front_a01_@2.png';" alt="Kettle Cooked Potato Chips, Variety" />

                    <div class="hover-text-container">
                        <button href="#" tabindex="0" class="hover-text " aria-label="Quick View for Kettle Cooked Potato Chips, Variety.">Quick View</button>
                    </div>
                </div>
            </div>

            <div class="product-in-cart">
                <div class="wrapper-product-in-cart">
                    <span>
	  			    In Cart
	  		    </span>
                </div>
            </div>

            <div class="product-info">
                <div class="product-name-wrapper">
                    <a href="/Food/Pantry/Chips-%26-Salty-Snacks/Potato-Chips/Miss-Vickies-Kettle-Cooked-Potato-Chips%2C-Variety/p/20881070_EA" class="product-name" aria-label="Product page for Kettle Cooked Potato Chips, Variety">
                        <span class="js-product-entry-brand">Miss Vickies&nbsp;</span>

                        <span class="js-product-entry-name">Kettle Cooked Potato Chips, Variety</span>

                        <span class="js-product-entry-size-detail">(18x432g)</span>

                    </a>
                </div>

                <span class="ad-match-badge  hidden">Ad Match</span>

                <div class="price">
                    <div class="price-wrapper no-discount  ">
                        <span class="reg-price  " aria-label="Regular Price: $6.98">
					    <span class="reg-price-text">$6.98</span>

                        <sup class="reg-price-unit">ea</sup>
                        </span>
                        <span class="sale-price hidden" aria-label="Sale Price:">
					    <span class="sale-price-text"></span>
                        <sup class="sale-price-unit">ea</sup>
                        </span>

                        <span class="secondary-price hidden">

					    <span class="secondary-price-text" aria-label="Secondary Price:"></span>
                        </span>
                    </div>
                </div>

                <div class="qty">
                    <span class="reg-qty  ">

		  		<span class="sr-only">Sale Price Per Unit:</span> $0.09 / 100 g

                    </span>

                    <span class="sale-qty hidden">

		  		<span class="sr-only">Sale Price Per Unit:</span> $0.09 / 100 g

                    </span>

                    <span class="secondary-qty hidden">

	  	<span class="secondary-qty-text"></span>
                    </span>
                </div>
            </div>

        </div>
        <form class="form-product  quickview-btn-simple" data-product-id="20881070_EA" data-min-qty="1.0" data-max-qty="999.0" data-unit-type="ea" data-cart-qty="1" data-default-qty="1" novalidate="novalidate" promoCode="" promoNumber="" data-is-customized="false" data-cart-url="/cart/product/20881070_EA" data-csrf-token="5582ec01-90c0-448b-b4f7-e2cf68d9f8a0" data-is-weighted-product="false">

            <div class="module-add-to-cart " data-change-type="plus" data-auto-edit="true" data-auto-add="true" data-cart-ajax-url="/cart/updateCart">
                <div class="wrapper-add-to-cart-btn">
                    <div class="module-add-to-cart-button-small">
                        <button type="button" class="btn btn-secondary btn-add-to-cart " data-auid="add-to-cart-button" data-has-pts-badge="false" aria-label="Add Kettle Cooked Potato Chips, Variety to cart">
                            <span class="icon-cart"></span>
                            <span class="add-to-cart-text">
											Add</span>
                        </button>
                        <button type="button" class="btn btn-secondary btn-edit-cart hidden " aria-label="Edit Cart">
                            <span class="qty-in-cart"></span>
                            <span class="edit-cart-text">
											<spring code="product.edit.text" />"
										</span>
                        </button>
                        <div class="add-list-parent add-list-module  bottom-add-list-module ">
                            <button class="btn btn-inline-link btn-save-to-list  dark is-btn-animated" data-login-url="/account/login?productCode=20881070_EA" data-ajax-url="/restful/lists/all?productCode=20881070_EA" data-user-guest="Y" data-user-guest="Y" data-product-code="20881070_EA" data-delete-item="false" aria-label="Add Kettle Cooked Potato Chips, Variety to a List">
                                <span class="glyphicon glyphicon-th-list"></span>
                                <div class="list-cta-text  is-btn-animated">Add to List</div>
                            </button>

                            <!-- this is the list HTML   -->
                            <div class="save-to-list-popup  is-btn-animated animation-up dark" data-save-to-list-error="Can not get lists at this time. Please try again later." data-product-name="Kettle Cooked Potato Chips, Variety">
                                <div class="inner-container">
                                </div>

                            </div>
                        </div>

                    </div>
                </div>
            </div>

            <div class="module-plus-minus-buttons small hidden ">
                <button type="button" class="btn cart-change-qty" data-change-type="minus" data-auid="decrease-product-quantity" alt="Minus" aria-label="Minus">
                    <span class="icon-minimize"></span>
                </button>
                <div class="plus-minus-input-wrapper">
                    <input class="input-qty cart-change-qty" aria-label="Enter manual quantity" type="text" name="qty" title="Change quantity in cart" data-unit-type="ea" value="1ea" data-change-type="equals" maxlength="7">

                    <span class="input-qty-pretty">
							<span class="input-qty-pretty-value">1</span>
                    <span class="input-qty-pretty-unit"></span>
                    </span>
                </div>

                <button type="button" class="btn cart-change-qty" data-change-type="plus" data-auid="increase-product-quantity" alt="Plus" aria-label="Plus">
                    <span class="icon-plus-sign"></span>
                </button>

                <p class="deal-limit-reached hidden">Deal Limit Reached</p>

                <div class="tooltip-qty-error tooltip-qty-limit hidden">
                    <p>
                        Limit to &nbsp; 999 &nbsp;each&nbsp; per customer.</p>
                </div>
                <div class="tooltip-qty-error tooltip-round-error hidden">
                    <p>
                        We do not have this in the weight you wanted. We've rounded your order to the nearest weight increment we stock.</p>
                </div>
            </div>
        </form>

        <!-- End Template: AddToCartSmall -->

    </div>
</div>
<div class="item">

    <div class="module-grocery-product quickview-simple  clicked" data-quickview-ajax-url="/p/20329182_EA/quickViewProduct" data-product-id="20329182_EA" data-product-price="$1.18">

        <span class="subtitle"></span>

        <div class="product-page-hotspot">
            <div class="product-cell quickview-button">
                <div class="product-image ">

                    <img src="https://assets.shop.loblaws.ca/products/20329182/b1/en/front/20329182_front_a01.png" onerror="this.src='https://assets.shop.loblaws.ca/products/NoImage/b1/en/front/NoImage_front_a01_@2.png';" alt="Potato Chips, All Dressed" />

                    <div class="hover-text-container">
                        <button href="#" tabindex="0" class="hover-text " aria-label="Quick View for Potato Chips, All Dressed.">Quick View</button>
                    </div>
                </div>
            </div>

            <div class="product-in-cart">
                <div class="wrapper-product-in-cart">
                    <span>
	  			    In Cart
	  		    </span>
                </div>
            </div>

            <div class="product-info">
                <div class="product-name-wrapper">
                    <a href="/Food/Pantry/Chips-%26-Salty-Snacks/Potato-Chips/Potato-Chips%2C-All-Dressed/p/20329182_EA" class="product-name" aria-label="Product page for Potato Chips, All Dressed">
                        <span class="js-product-entry-brand">No Name&nbsp;</span>

                        <span class="js-product-entry-name">Potato Chips, All Dressed</span>

                        <span class="js-product-entry-size-detail">(200 g)</span>

                    </a>
                </div>

                <span class="ad-match-badge  hidden">Ad Match</span>

                <div class="price">
                    <div class="price-wrapper no-discount  ">
                        <span class="reg-price  " aria-label="Regular Price: $1.18">
					    <span class="reg-price-text">$1.18</span>

                        <sup class="reg-price-unit">ea</sup>
                        </span>
                        <span class="sale-price hidden" aria-label="Sale Price:">
					    <span class="sale-price-text"></span>
                        <sup class="sale-price-unit">ea</sup>
                        </span>

                        <span class="secondary-price hidden">

					    <span class="secondary-price-text" aria-label="Secondary Price:"></span>
                        </span>
                    </div>
                </div>

                <div class="qty">
                    <span class="reg-qty  ">

		  		<span class="sr-only">Sale Price Per Unit:</span> $0.59 / 100 g

                    </span>

                    <span class="sale-qty hidden">

		  		<span class="sr-only">Sale Price Per Unit:</span> $0.59 / 100 g

                    </span>

                    <span class="secondary-qty hidden">

	  	<span class="secondary-qty-text"></span>
                    </span>
                </div>
            </div>

        </div>
        <form class="form-product  quickview-btn-simple" data-product-id="20329182_EA" data-min-qty="1.0" data-max-qty="999.0" data-unit-type="ea" data-cart-qty="1" data-default-qty="1" novalidate="novalidate" promoCode="" promoNumber="" data-is-customized="false" data-cart-url="/cart/product/20329182_EA" data-csrf-token="5582ec01-90c0-448b-b4f7-e2cf68d9f8a0" data-is-weighted-product="false">

            <div class="module-add-to-cart " data-change-type="plus" data-auto-edit="true" data-auto-add="true" data-cart-ajax-url="/cart/updateCart">
                <div class="wrapper-add-to-cart-btn">
                    <div class="module-add-to-cart-button-small">
                        <button type="button" class="btn btn-secondary btn-add-to-cart " data-auid="add-to-cart-button" data-has-pts-badge="false" aria-label="Add Potato Chips, All Dressed to cart">
                            <span class="icon-cart"></span>
                            <span class="add-to-cart-text">
											Add</span>
                        </button>
                        <button type="button" class="btn btn-secondary btn-edit-cart hidden " aria-label="Edit Cart">
                            <span class="qty-in-cart"></span>
                            <span class="edit-cart-text">
											<spring code="product.edit.text" />"
										</span>
                        </button>
                        <div class="add-list-parent add-list-module  bottom-add-list-module ">
                            <button class="btn btn-inline-link btn-save-to-list  dark is-btn-animated" data-login-url="/account/login?productCode=20329182_EA" data-ajax-url="/restful/lists/all?productCode=20329182_EA" data-user-guest="Y" data-user-guest="Y" data-product-code="20329182_EA" data-delete-item="false" aria-label="Add Potato Chips, All Dressed to a List">
                                <span class="glyphicon glyphicon-th-list"></span>
                                <div class="list-cta-text  is-btn-animated">Add to List</div>
                            </button>

                            <!-- this is the list HTML   -->
                            <div class="save-to-list-popup  is-btn-animated animation-up dark" data-save-to-list-error="Can not get lists at this time. Please try again later." data-product-name="Potato Chips, All Dressed">
                                <div class="inner-container">
                                </div>

                            </div>
                        </div>

                    </div>
                </div>
            </div>

            <div class="module-plus-minus-buttons small hidden ">
                <button type="button" class="btn cart-change-qty" data-change-type="minus" data-auid="decrease-product-quantity" alt="Minus" aria-label="Minus">
                    <span class="icon-minimize"></span>
                </button>
                <div class="plus-minus-input-wrapper">
                    <input class="input-qty cart-change-qty" aria-label="Enter manual quantity" type="text" name="qty" title="Change quantity in cart" data-unit-type="ea" value="1ea" data-change-type="equals" maxlength="7">

                    <span class="input-qty-pretty">
							<span class="input-qty-pretty-value">1</span>
                    <span class="input-qty-pretty-unit"></span>
                    </span>
                </div>

                <button type="button" class="btn cart-change-qty" data-change-type="plus" data-auid="increase-product-quantity" alt="Plus" aria-label="Plus">
                    <span class="icon-plus-sign"></span>
                </button>

                <p class="deal-limit-reached hidden">Deal Limit Reached</p>

                <div class="tooltip-qty-error tooltip-qty-limit hidden">
                    <p>
                        Limit to &nbsp; 999 &nbsp;each&nbsp; per customer.</p>
                </div>
                <div class="tooltip-qty-error tooltip-round-error hidden">
                    <p>
                        We do not have this in the weight you wanted. We've rounded your order to the nearest weight increment we stock.</p>
                </div>
            </div>
        </form>

        <!-- End Template: AddToCartSmall -->

    </div>
</div>
<div class="item">

    <div class="module-grocery-product quickview-simple  clicked" data-quickview-ajax-url="/p/20979866_EA/quickViewProduct" data-product-id="20979866_EA" data-product-price="$1.98">

        <span class="subtitle"></span>

        <div class="product-page-hotspot">
            <div class="product-cell quickview-button">
                <div class="product-image ">

                    <img src="https://assets.shop.loblaws.ca/products/20979866/b1/en/front/20979866_front_a01.png" onerror="this.src='https://assets.shop.loblaws.ca/products/NoImage/b1/en/front/NoImage_front_a01_@2.png';" alt="Potato Chips, Smokin BBQ" />

                    <span class="sticker deal">
	  				        <span class="deal-badge">

	  				            <span class="module-deal-badge module-deal-badge-grid simple-save-unit "
	  						        data-deal-type="$1.98 LIMIT 6"
	  						        data-ajax-promo-url="/simpleDeal/deals/product-tile?productCode=20979866_EA"
	  						        data-deal-id="20979866_EA">
	  						        <span class="deal-type">$1.98 LIMIT 6</span>

                    <span class="deal-expiry">
		Exp. 01/03
	</span>

                    </span>
                    </span>
                    </span>

                    <div class="hover-text-container">
                        <button href="#" tabindex="0" class="hover-text " aria-label="Quick View for Potato Chips, Smokin BBQ.">Quick View</button>
                    </div>
                </div>
            </div>

            <div class="product-in-cart">
                <div class="wrapper-product-in-cart">
                    <span>
	  			    In Cart
	  		    </span>
                </div>
            </div>

            <div class="product-info">
                <div class="product-name-wrapper">
                    <a href="/Food/Pantry/Chips-%26-Salty-Snacks/Potato-Chips/Hardbite-Potato-Chips%2C-Smokin-BBQ/p/20979866_EA" class="product-name" aria-label="Product page for Potato Chips, Smokin BBQ">

                        <span class="js-product-entry-name">Potato Chips, Smokin BBQ</span>

                        <span class="js-product-entry-size-detail">(150 g)</span>

                    </a>
                </div>

                <span class="ad-match-badge  hidden">Ad Match</span>

                <div class="price">
                    <div class="price-wrapper no-discount promo-alert ">
                        <span class="reg-price  price-alert" aria-label="Regular Price: $1.98">
					    <span class="reg-price-text">$1.98</span>

                        <sup class="reg-price-unit">ea</sup>
                        </span>
                        <span class="sale-price hidden" aria-label="Sale Price:">
					    <span class="sale-price-text"></span>
                        <sup class="sale-price-unit">ea</sup>
                        </span>

                        <span class="secondary-price hidden">

					    <span class="secondary-price-text" aria-label="Secondary Price:"></span>
                        </span>
                    </div>
                </div>

                <div class="qty">
                    <span class="reg-qty  price-alert">

		  		<span class="sr-only">Sale Price Per Unit:</span> $1.32 / 100 g

                    </span>

                    <span class="sale-qty hidden">

		  		<span class="sr-only">Sale Price Per Unit:</span> $1.32 / 100 g

                    </span>

                    <span class="secondary-qty hidden">

	  	<span class="secondary-qty-text"></span>
                    </span>
                </div>
            </div>

        </div>
        <form class="form-product  quickview-btn-simple" data-product-id="20979866_EA" data-min-qty="1.0" data-max-qty="999.0" data-unit-type="ea" data-cart-qty="1" data-default-qty="1" novalidate="novalidate" promoCode="" promoNumber="" data-is-customized="false" data-cart-url="/cart/product/20979866_EA" data-csrf-token="5582ec01-90c0-448b-b4f7-e2cf68d9f8a0" data-is-weighted-product="false">

            <div class="module-add-to-cart " data-change-type="plus" data-auto-edit="true" data-auto-add="true" data-cart-ajax-url="/cart/updateCart">
                <div class="wrapper-add-to-cart-btn">
                    <div class="module-add-to-cart-button-small">
                        <button type="button" class="btn btn-secondary btn-add-to-cart " data-auid="add-to-cart-button" data-has-pts-badge="false" aria-label="Add Potato Chips, Smokin BBQ to cart">
                            <span class="icon-cart"></span>
                            <span class="add-to-cart-text">
											Add</span>
                        </button>
                        <button type="button" class="btn btn-secondary btn-edit-cart hidden " aria-label="Edit Cart">
                            <span class="qty-in-cart"></span>
                            <span class="edit-cart-text">
											<spring code="product.edit.text" />"
										</span>
                        </button>
                        <div class="add-list-parent add-list-module  bottom-add-list-module ">
                            <button class="btn btn-inline-link btn-save-to-list  dark is-btn-animated" data-login-url="/account/login?productCode=20979866_EA" data-ajax-url="/restful/lists/all?productCode=20979866_EA" data-user-guest="Y" data-user-guest="Y" data-product-code="20979866_EA" data-delete-item="false" aria-label="Add Potato Chips, Smokin BBQ to a List">
                                <span class="glyphicon glyphicon-th-list"></span>
                                <div class="list-cta-text  is-btn-animated">Add to List</div>
                            </button>

                            <!-- this is the list HTML   -->
                            <div class="save-to-list-popup  is-btn-animated animation-up dark" data-save-to-list-error="Can not get lists at this time. Please try again later." data-product-name="Potato Chips, Smokin BBQ">
                                <div class="inner-container">
                                </div>

                            </div>
                        </div>

                    </div>
                </div>
            </div>

            <div class="module-plus-minus-buttons small hidden ">
                <button type="button" class="btn cart-change-qty" data-change-type="minus" data-auid="decrease-product-quantity" alt="Minus" aria-label="Minus">
                    <span class="icon-minimize"></span>
                </button>
                <div class="plus-minus-input-wrapper">
                    <input class="input-qty cart-change-qty" aria-label="Enter manual quantity" type="text" name="qty" title="Change quantity in cart" data-unit-type="ea" value="1ea" data-change-type="equals" maxlength="7">

                    <span class="input-qty-pretty">
							<span class="input-qty-pretty-value">1</span>
                    <span class="input-qty-pretty-unit"></span>
                    </span>
                </div>

                <button type="button" class="btn cart-change-qty" data-change-type="plus" data-auid="increase-product-quantity" alt="Plus" aria-label="Plus">
                    <span class="icon-plus-sign"></span>
                </button>

                <p class="deal-limit-reached hidden">Deal Limit Reached</p>

                <div class="tooltip-qty-error tooltip-qty-limit hidden">
                    <p>
                        Limit to &nbsp; 999 &nbsp;each&nbsp; per customer.</p>
                </div>
                <div class="tooltip-qty-error tooltip-round-error hidden">
                    <p>
                        We do not have this in the weight you wanted. We've rounded your order to the nearest weight increment we stock.</p>
                </div>
            </div>
        </form>

        <!-- End Template: AddToCartSmall -->

    </div>
</div>
<div class="item">

    <div class="module-grocery-product quickview-simple  clicked" data-quickview-ajax-url="/p/20148817_EA/quickViewProduct" data-product-id="20148817_EA" data-product-price="$2.98">

        <span class="subtitle"></span>

        <div class="product-page-hotspot">
            <div class="product-cell quickview-button">
                <div class="product-image ">

                    <img src="https://assets.shop.loblaws.ca/products/20148817/b1/en/front/20148817_front_a01.png" onerror="this.src='https://assets.shop.loblaws.ca/products/NoImage/b1/en/front/NoImage_front_a01_@2.png';" alt="Tortilla Chips, Large Rounds" />

                    <div class="hover-text-container">
                        <button href="#" tabindex="0" class="hover-text " aria-label="Quick View for Tortilla Chips, Large Rounds.">Quick View</button>
                    </div>
                </div>
            </div>

            <div class="product-in-cart">
                <div class="wrapper-product-in-cart">
                    <span>
	  			    In Cart
	  		    </span>
                </div>
            </div>

            <div class="product-info">
                <div class="product-name-wrapper">
                    <a href="/Food/Pantry/Chips-%26-Salty-Snacks/Tortilla-Chips/Tortilla-Chips%2C-Large-Rounds/p/20148817_EA" class="product-name" aria-label="Product page for Tortilla Chips, Large Rounds">
                        <span class="js-product-entry-brand">President's Choice&nbsp;</span>

                        <span class="js-product-entry-name">Tortilla Chips, Large Rounds</span>

                        <span class="js-product-entry-size-detail">(340 g)</span>

                    </a>
                </div>

                <span class="ad-match-badge  hidden">Ad Match</span>

                <div class="price">
                    <div class="price-wrapper no-discount  ">
                        <span class="reg-price  " aria-label="Regular Price: $2.98">
					    <span class="reg-price-text">$2.98</span>

                        <sup class="reg-price-unit">ea</sup>
                        </span>
                        <span class="sale-price hidden" aria-label="Sale Price:">
					    <span class="sale-price-text"></span>
                        <sup class="sale-price-unit">ea</sup>
                        </span>

                        <span class="secondary-price hidden">

					    <span class="secondary-price-text" aria-label="Secondary Price:"></span>
                        </span>
                    </div>
                </div>

                <div class="qty">
                    <span class="reg-qty  ">

		  		<span class="sr-only">Sale Price Per Unit:</span> $0.88 / 100 g

                    </span>

                    <span class="sale-qty hidden">

		  		<span class="sr-only">Sale Price Per Unit:</span> $0.88 / 100 g

                    </span>

                    <span class="secondary-qty hidden">

	  	<span class="secondary-qty-text"></span>
                    </span>
                </div>
            </div>

        </div>
        <form class="form-product  quickview-btn-simple" data-product-id="20148817_EA" data-min-qty="1.0" data-max-qty="999.0" data-unit-type="ea" data-cart-qty="1" data-default-qty="1" novalidate="novalidate" promoCode="" promoNumber="" data-is-customized="false" data-cart-url="/cart/product/20148817_EA" data-csrf-token="5582ec01-90c0-448b-b4f7-e2cf68d9f8a0" data-is-weighted-product="false">

            <div class="module-add-to-cart " data-change-type="plus" data-auto-edit="true" data-auto-add="true" data-cart-ajax-url="/cart/updateCart">
                <div class="wrapper-add-to-cart-btn">
                    <div class="module-add-to-cart-button-small">
                        <button type="button" class="btn btn-secondary btn-add-to-cart " data-auid="add-to-cart-button" data-has-pts-badge="false" aria-label="Add Tortilla Chips, Large Rounds to cart">
                            <span class="icon-cart"></span>
                            <span class="add-to-cart-text">
											Add</span>
                        </button>
                        <button type="button" class="btn btn-secondary btn-edit-cart hidden " aria-label="Edit Cart">
                            <span class="qty-in-cart"></span>
                            <span class="edit-cart-text">
											<spring code="product.edit.text" />"
										</span>
                        </button>
                        <div class="add-list-parent add-list-module  bottom-add-list-module ">
                            <button class="btn btn-inline-link btn-save-to-list  dark is-btn-animated" data-login-url="/account/login?productCode=20148817_EA" data-ajax-url="/restful/lists/all?productCode=20148817_EA" data-user-guest="Y" data-user-guest="Y" data-product-code="20148817_EA" data-delete-item="false" aria-label="Add Tortilla Chips, Large Rounds to a List">
                                <span class="glyphicon glyphicon-th-list"></span>
                                <div class="list-cta-text  is-btn-animated">Add to List</div>
                            </button>

                            <!-- this is the list HTML   -->
                            <div class="save-to-list-popup  is-btn-animated animation-up dark" data-save-to-list-error="Can not get lists at this time. Please try again later." data-product-name="Tortilla Chips, Large Rounds">
                                <div class="inner-container">
                                </div>

                            </div>
                        </div>

                    </div>
                </div>
            </div>

            <div class="module-plus-minus-buttons small hidden ">
                <button type="button" class="btn cart-change-qty" data-change-type="minus" data-auid="decrease-product-quantity" alt="Minus" aria-label="Minus">
                    <span class="icon-minimize"></span>
                </button>
                <div class="plus-minus-input-wrapper">
                    <input class="input-qty cart-change-qty" aria-label="Enter manual quantity" type="text" name="qty" title="Change quantity in cart" data-unit-type="ea" value="1ea" data-change-type="equals" maxlength="7">

                    <span class="input-qty-pretty">
							<span class="input-qty-pretty-value">1</span>
                    <span class="input-qty-pretty-unit"></span>
                    </span>
                </div>

                <button type="button" class="btn cart-change-qty" data-change-type="plus" data-auid="increase-product-quantity" alt="Plus" aria-label="Plus">
                    <span class="icon-plus-sign"></span>
                </button>

                <p class="deal-limit-reached hidden">Deal Limit Reached</p>

                <div class="tooltip-qty-error tooltip-qty-limit hidden">
                    <p>
                        Limit to &nbsp; 999 &nbsp;each&nbsp; per customer.</p>
                </div>
                <div class="tooltip-qty-error tooltip-round-error hidden">
                    <p>
                        We do not have this in the weight you wanted. We've rounded your order to the nearest weight increment we stock.</p>
                </div>
            </div>
        </form>

        <!-- End Template: AddToCartSmall -->

    </div>
</div>
<div class="item">

    <div class="module-grocery-product quickview-simple  clicked" data-quickview-ajax-url="/p/20138370_EA/quickViewProduct" data-product-id="20138370_EA" data-product-price="$1.28">

        <span class="subtitle"></span>

        <div class="product-page-hotspot">
            <div class="product-cell quickview-button">
                <div class="product-image ">

                    <img src="https://assets.shop.loblaws.ca/products/20138370/b1/en/front/20138370_front_a01.png" onerror="this.src='https://assets.shop.loblaws.ca/products/NoImage/b1/en/front/NoImage_front_a01_@2.png';" alt="Shrimp Chips" />

                    <div class="hover-text-container">
                        <button href="#" tabindex="0" class="hover-text " aria-label="Quick View for Shrimp Chips.">Quick View</button>
                    </div>
                </div>
            </div>

            <div class="product-in-cart">
                <div class="wrapper-product-in-cart">
                    <span>
	  			    In Cart
	  		    </span>
                </div>
            </div>

            <div class="product-info">
                <div class="product-name-wrapper">
                    <a href="/Food/Pantry/Chips-%26-Salty-Snacks/Potato-Chips/Shrimp-Chips/p/20138370_EA" class="product-name" aria-label="Product page for Shrimp Chips">
                        <span class="js-product-entry-brand">Nong Shim&nbsp;</span>

                        <span class="js-product-entry-name">Shrimp Chips</span>

                        <span class="js-product-entry-size-detail">(45 g)</span>

                    </a>
                </div>

                <span class="ad-match-badge  hidden">Ad Match</span>

                <div class="price">
                    <div class="price-wrapper no-discount  ">
                        <span class="reg-price  " aria-label="Regular Price: $1.28">
					    <span class="reg-price-text">$1.28</span>

                        <sup class="reg-price-unit">ea</sup>
                        </span>
                        <span class="sale-price hidden" aria-label="Sale Price:">
					    <span class="sale-price-text"></span>
                        <sup class="sale-price-unit">ea</sup>
                        </span>

                        <span class="secondary-price hidden">

					    <span class="secondary-price-text" aria-label="Secondary Price:"></span>
                        </span>
                    </div>
                </div>

                <div class="qty">
                    <span class="reg-qty  ">

		  		<span class="sr-only">Sale Price Per Unit:</span> $2.84 / 100 g

                    </span>

                    <span class="sale-qty hidden">

		  		<span class="sr-only">Sale Price Per Unit:</span> $2.84 / 100 g

                    </span>

                    <span class="secondary-qty hidden">

	  	<span class="secondary-qty-text"></span>
                    </span>
                </div>
            </div>

        </div>
        <form class="form-product  quickview-btn-simple" data-product-id="20138370_EA" data-min-qty="1.0" data-max-qty="999.0" data-unit-type="ea" data-cart-qty="1" data-default-qty="1" novalidate="novalidate" promoCode="" promoNumber="" data-is-customized="false" data-cart-url="/cart/product/20138370_EA" data-csrf-token="5582ec01-90c0-448b-b4f7-e2cf68d9f8a0" data-is-weighted-product="false">

            <div class="module-add-to-cart " data-change-type="plus" data-auto-edit="true" data-auto-add="true" data-cart-ajax-url="/cart/updateCart">
                <div class="wrapper-add-to-cart-btn">
                    <div class="module-add-to-cart-button-small">
                        <button type="button" class="btn btn-secondary btn-add-to-cart " data-auid="add-to-cart-button" data-has-pts-badge="false" aria-label="Add Shrimp Chips to cart">
                            <span class="icon-cart"></span>
                            <span class="add-to-cart-text">
											Add</span>
                        </button>
                        <button type="button" class="btn btn-secondary btn-edit-cart hidden " aria-label="Edit Cart">
                            <span class="qty-in-cart"></span>
                            <span class="edit-cart-text">
											<spring code="product.edit.text" />"
										</span>
                        </button>
                        <div class="add-list-parent add-list-module  bottom-add-list-module ">
                            <button class="btn btn-inline-link btn-save-to-list  dark is-btn-animated" data-login-url="/account/login?productCode=20138370_EA" data-ajax-url="/restful/lists/all?productCode=20138370_EA" data-user-guest="Y" data-user-guest="Y" data-product-code="20138370_EA" data-delete-item="false" aria-label="Add Shrimp Chips to a List">
                                <span class="glyphicon glyphicon-th-list"></span>
                                <div class="list-cta-text  is-btn-animated">Add to List</div>
                            </button>

                            <!-- this is the list HTML   -->
                            <div class="save-to-list-popup  is-btn-animated animation-up dark" data-save-to-list-error="Can not get lists at this time. Please try again later." data-product-name="Shrimp Chips">
                                <div class="inner-container">
                                </div>

                            </div>
                        </div>

                    </div>
                </div>
            </div>

            <div class="module-plus-minus-buttons small hidden ">
                <button type="button" class="btn cart-change-qty" data-change-type="minus" data-auid="decrease-product-quantity" alt="Minus" aria-label="Minus">
                    <span class="icon-minimize"></span>
                </button>
                <div class="plus-minus-input-wrapper">
                    <input class="input-qty cart-change-qty" aria-label="Enter manual quantity" type="text" name="qty" title="Change quantity in cart" data-unit-type="ea" value="1ea" data-change-type="equals" maxlength="7">

                    <span class="input-qty-pretty">
							<span class="input-qty-pretty-value">1</span>
                    <span class="input-qty-pretty-unit"></span>
                    </span>
                </div>

                <button type="button" class="btn cart-change-qty" data-change-type="plus" data-auid="increase-product-quantity" alt="Plus" aria-label="Plus">
                    <span class="icon-plus-sign"></span>
                </button>

                <p class="deal-limit-reached hidden">Deal Limit Reached</p>

                <div class="tooltip-qty-error tooltip-qty-limit hidden">
                    <p>
                        Limit to &nbsp; 999 &nbsp;each&nbsp; per customer.</p>
                </div>
                <div class="tooltip-qty-error tooltip-round-error hidden">
                    <p>
                        We do not have this in the weight you wanted. We've rounded your order to the nearest weight increment we stock.</p>
                </div>
            </div>
        </form>

        <!-- End Template: AddToCartSmall -->

    </div>
</div>
<div class="item">

    <div class="module-grocery-product quickview-simple  clicked" data-quickview-ajax-url="/p/20301951005_EA/quickViewProduct" data-product-id="20301951005_EA" data-product-price="$3.97">

        <span class="subtitle"></span>

        <div class="product-page-hotspot">
            <div class="product-cell quickview-button">
                <div class="product-image ">

                    <img src="https://assets.shop.loblaws.ca/products/20301951005/b1/en/front/20301951005_front_a01.png" onerror="this.src='https://assets.shop.loblaws.ca/products/NoImage/b1/en/front/NoImage_front_a01_@2.png';" alt="Kettle Cooked Potato Chips, Jalapeo" />

                    <div class="hover-text-container">
                        <button href="#" tabindex="0" class="hover-text " aria-label="Quick View for Kettle Cooked Potato Chips, Jalapeo.">Quick View</button>
                    </div>
                </div>
            </div>

            <div class="product-in-cart">
                <div class="wrapper-product-in-cart">
                    <span>
	  			    In Cart
	  		    </span>
                </div>
            </div>

            <div class="product-info">
                <div class="product-name-wrapper">
                    <a href="/Food/Pantry/Chips-%26-Salty-Snacks/Potato-Chips/Kettle-Cooked-Potato-Chips%2C-Jalape%C3%B1o/p/20301951005_EA" class="product-name" aria-label="Product page for Kettle Cooked Potato Chips, Jalapeo">
                        <span class="js-product-entry-brand">Miss Vickies&nbsp;</span>

                        <span class="js-product-entry-name">Kettle Cooked Potato Chips, Jalapeo</span>

                        <span class="js-product-entry-size-detail">(220 g)</span>

                    </a>
                </div>

                <span class="ad-match-badge  hidden">Ad Match</span>

                <div class="price">
                    <div class="price-wrapper no-discount  ">
                        <span class="reg-price  " aria-label="Regular Price: $3.97">
					    <span class="reg-price-text">$3.97</span>

                        <sup class="reg-price-unit">ea</sup>
                        </span>
                        <span class="sale-price hidden" aria-label="Sale Price:">
					    <span class="sale-price-text"></span>
                        <sup class="sale-price-unit">ea</sup>
                        </span>

                        <span class="secondary-price hidden">

					    <span class="secondary-price-text" aria-label="Secondary Price:"></span>
                        </span>
                    </div>
                </div>

                <div class="qty">
                    <span class="reg-qty  ">

		  		<span class="sr-only">Sale Price Per Unit:</span> $1.80 / 100 g

                    </span>

                    <span class="sale-qty hidden">

		  		<span class="sr-only">Sale Price Per Unit:</span> $1.80 / 100 g

                    </span>

                    <span class="secondary-qty hidden">

	  	<span class="secondary-qty-text"></span>
                    </span>
                </div>
            </div>

        </div>
        <form class="form-product  quickview-btn-simple" data-product-id="20301951005_EA" data-min-qty="1.0" data-max-qty="999.0" data-unit-type="ea" data-cart-qty="1" data-default-qty="1" novalidate="novalidate" promoCode="" promoNumber="" data-is-customized="false" data-cart-url="/cart/product/20301951005_EA" data-csrf-token="5582ec01-90c0-448b-b4f7-e2cf68d9f8a0" data-is-weighted-product="false">

            <div class="module-add-to-cart " data-change-type="plus" data-auto-edit="true" data-auto-add="true" data-cart-ajax-url="/cart/updateCart">
                <div class="wrapper-add-to-cart-btn">
                    <div class="module-add-to-cart-button-small">
                        <button type="button" class="btn btn-secondary btn-add-to-cart " data-auid="add-to-cart-button" data-has-pts-badge="false" aria-label="Add Kettle Cooked Potato Chips, Jalapeo to cart">
                            <span class="icon-cart"></span>
                            <span class="add-to-cart-text">
											Add</span>
                        </button>
                        <button type="button" class="btn btn-secondary btn-edit-cart hidden " aria-label="Edit Cart">
                            <span class="qty-in-cart"></span>
                            <span class="edit-cart-text">
											<spring code="product.edit.text" />"
										</span>
                        </button>
                        <div class="add-list-parent add-list-module  bottom-add-list-module ">
                            <button class="btn btn-inline-link btn-save-to-list  dark is-btn-animated" data-login-url="/account/login?productCode=20301951005_EA" data-ajax-url="/restful/lists/all?productCode=20301951005_EA" data-user-guest="Y" data-user-guest="Y" data-product-code="20301951005_EA" data-delete-item="false" aria-label="Add Kettle Cooked Potato Chips, Jalapeo to a List">
                                <span class="glyphicon glyphicon-th-list"></span>
                                <div class="list-cta-text  is-btn-animated">Add to List</div>
                            </button>

                            <!-- this is the list HTML   -->
                            <div class="save-to-list-popup  is-btn-animated animation-up dark" data-save-to-list-error="Can not get lists at this time. Please try again later." data-product-name="Kettle Cooked Potato Chips, Jalapeo">
                                <div class="inner-container">
                                </div>

                            </div>
                        </div>

                    </div>
                </div>
            </div>

            <div class="module-plus-minus-buttons small hidden ">
                <button type="button" class="btn cart-change-qty" data-change-type="minus" data-auid="decrease-product-quantity" alt="Minus" aria-label="Minus">
                    <span class="icon-minimize"></span>
                </button>
                <div class="plus-minus-input-wrapper">
                    <input class="input-qty cart-change-qty" aria-label="Enter manual quantity" type="text" name="qty" title="Change quantity in cart" data-unit-type="ea" value="1ea" data-change-type="equals" maxlength="7">

                    <span class="input-qty-pretty">
							<span class="input-qty-pretty-value">1</span>
                    <span class="input-qty-pretty-unit"></span>
                    </span>
                </div>

                <button type="button" class="btn cart-change-qty" data-change-type="plus" data-auid="increase-product-quantity" alt="Plus" aria-label="Plus">
                    <span class="icon-plus-sign"></span>
                </button>

                <p class="deal-limit-reached hidden">Deal Limit Reached</p>

                <div class="tooltip-qty-error tooltip-qty-limit hidden">
                    <p>
                        Limit to &nbsp; 999 &nbsp;each&nbsp; per customer.</p>
                </div>
                <div class="tooltip-qty-error tooltip-round-error hidden">
                    <p>
                        We do not have this in the weight you wanted. We've rounded your order to the nearest weight increment we stock.</p>
                </div>
            </div>
        </form>

        <!-- End Template: AddToCartSmall -->

    </div>
</div>
<div class="item">

    <div class="module-grocery-product quickview-simple  clicked" data-quickview-ajax-url="/p/20840911007_EA/quickViewProduct" data-product-id="20840911007_EA" data-product-price="$1.68">

        <span class="subtitle">New</span>

        <div class="product-page-hotspot">
            <div class="product-cell quickview-button">
                <div class="product-image ">

                    <img src="https://assets.shop.loblaws.ca/products/20840911007/b1/en/front/20840911007_front_a01.png" onerror="this.src='https://assets.shop.loblaws.ca/products/NoImage/b1/en/front/NoImage_front_a01_@2.png';" alt="Loads of Jalapeo Popper Flavour Rippled Potato Chips" />

                    <span class="sticker deal">
	  				        <span class="deal-badge">

	  				            <span class="module-deal-badge module-deal-badge-grid simple-save-unit "
	  						        data-deal-type="SAVE $0.20"
	  						        data-ajax-promo-url="/simpleDeal/deals/product-tile?productCode=20840911007_EA"
	  						        data-deal-id="20840911007_EA">
	  						        <span class="deal-type">SAVE $0.20</span>

                    <span class="deal-expiry">
		Exp. 01/03
	</span>

                    </span>
                    </span>
                    </span>

                    <div class="hover-text-container">
                        <button href="#" tabindex="0" class="hover-text " aria-label="Quick View for Loads of Jalapeo Popper Flavour Rippled Potato Chips.">Quick View</button>
                    </div>
                </div>
            </div>

            <div class="product-in-cart">
                <div class="wrapper-product-in-cart">
                    <span>
	  			    In Cart
	  		    </span>
                </div>
            </div>

            <div class="product-info">
                <div class="product-name-wrapper">
                    <a href="/Food/Pantry/Chips-%26-Salty-Snacks/Potato-Chips/President%27s-Choice-Loads-of-Jalape%C3%B1o-Popper-Flavour-Rippled-Potato-Chips/p/20840911007_EA" class="product-name" aria-label="Product page for Loads of Jalapeo Popper Flavour Rippled Potato Chips">
                        <span class="js-product-entry-brand">President's Choice&nbsp;</span>

                        <span class="js-product-entry-name">Loads of Jalapeo Popper Flavour Rippled Potato Chips</span>

                        <span class="js-product-entry-size-detail">(200 g)</span>

                    </a>
                </div>

                <span class="ad-match-badge  hidden">Ad Match</span>

                <div class="price">
                    <div class="price-wrapper discount promo-alert ">
                        <span class="reg-price  price-alert" aria-label="Regular Price: $1.68">
					    <span class="reg-price-text">$1.68</span>

                        <sup class="reg-price-unit">ea</sup>
                        </span>
                        <span class="sale-price hidden" aria-label="Sale Price:">
					    <span class="sale-price-text"></span>
                        <sup class="sale-price-unit">ea</sup>
                        </span>

                        <span class="old-price" aria-label="Original Price: $1.88">
						    <span class="old-price-text">$1.88</span>
                        </span>

                        <span class="secondary-price hidden">

					    <span class="secondary-price-text" aria-label="Secondary Price:"></span>
                        </span>
                    </div>
                </div>

                <div class="qty">
                    <span class="reg-qty  price-alert">

		  		<span class="sr-only">Sale Price Per Unit:</span> $0.84 / 100 g

                    </span>

                    <span class="sale-qty hidden">

		  		<span class="sr-only">Sale Price Per Unit:</span> $0.84 / 100 g

                    </span>

                    <span class="secondary-qty hidden">

	  	<span class="secondary-qty-text"></span>
                    </span>
                </div>
            </div>

        </div>
        <form class="form-product  quickview-btn-simple" data-product-id="20840911007_EA" data-min-qty="1.0" data-max-qty="999.0" data-unit-type="ea" data-cart-qty="1" data-default-qty="1" novalidate="novalidate" promoCode="" promoNumber="" data-is-customized="false" data-cart-url="/cart/product/20840911007_EA" data-csrf-token="5582ec01-90c0-448b-b4f7-e2cf68d9f8a0" data-is-weighted-product="false">

            <div class="module-add-to-cart " data-change-type="plus" data-auto-edit="true" data-auto-add="true" data-cart-ajax-url="/cart/updateCart">
                <div class="wrapper-add-to-cart-btn">
                    <div class="module-add-to-cart-button-small">
                        <button type="button" class="btn btn-secondary btn-add-to-cart " data-auid="add-to-cart-button" data-has-pts-badge="false" aria-label="Add Loads of Jalapeo Popper Flavour Rippled Potato Chips to cart">
                            <span class="icon-cart"></span>
                            <span class="add-to-cart-text">
											Add</span>
                        </button>
                        <button type="button" class="btn btn-secondary btn-edit-cart hidden " aria-label="Edit Cart">
                            <span class="qty-in-cart"></span>
                            <span class="edit-cart-text">
											<spring code="product.edit.text" />"
										</span>
                        </button>
                        <div class="add-list-parent add-list-module  bottom-add-list-module ">
                            <button class="btn btn-inline-link btn-save-to-list  dark is-btn-animated" data-login-url="/account/login?productCode=20840911007_EA" data-ajax-url="/restful/lists/all?productCode=20840911007_EA" data-user-guest="Y" data-user-guest="Y" data-product-code="20840911007_EA" data-delete-item="false" aria-label="Add Loads of Jalapeo Popper Flavour Rippled Potato Chips to a List">
                                <span class="glyphicon glyphicon-th-list"></span>
                                <div class="list-cta-text  is-btn-animated">Add to List</div>
                            </button>

                            <!-- this is the list HTML   -->
                            <div class="save-to-list-popup  is-btn-animated animation-up dark" data-save-to-list-error="Can not get lists at this time. Please try again later." data-product-name="Loads of Jalapeo Popper Flavour Rippled Potato Chips">
                                <div class="inner-container">
                                </div>

                            </div>
                        </div>

                    </div>
                </div>
            </div>

            <div class="module-plus-minus-buttons small hidden ">
                <button type="button" class="btn cart-change-qty" data-change-type="minus" data-auid="decrease-product-quantity" alt="Minus" aria-label="Minus">
                    <span class="icon-minimize"></span>
                </button>
                <div class="plus-minus-input-wrapper">
                    <input class="input-qty cart-change-qty" aria-label="Enter manual quantity" type="text" name="qty" title="Change quantity in cart" data-unit-type="ea" value="1ea" data-change-type="equals" maxlength="7">

                    <span class="input-qty-pretty">
							<span class="input-qty-pretty-value">1</span>
                    <span class="input-qty-pretty-unit"></span>
                    </span>
                </div>

                <button type="button" class="btn cart-change-qty" data-change-type="plus" data-auid="increase-product-quantity" alt="Plus" aria-label="Plus">
                    <span class="icon-plus-sign"></span>
                </button>

                <p class="deal-limit-reached hidden">Deal Limit Reached</p>

                <div class="tooltip-qty-error tooltip-qty-limit hidden">
                    <p>
                        Limit to &nbsp; 999 &nbsp;each&nbsp; per customer.</p>
                </div>
                <div class="tooltip-qty-error tooltip-round-error hidden">
                    <p>
                        We do not have this in the weight you wanted. We've rounded your order to the nearest weight increment we stock.</p>
                </div>
            </div>
        </form>

        <!-- End Template: AddToCartSmall -->

    </div>
</div>
<div class="item">

    <div class="module-grocery-product quickview-simple  clicked" data-quickview-ajax-url="/p/20137362_EA/quickViewProduct" data-product-id="20137362_EA" data-product-price="$4.58">

        <span class="subtitle"></span>

        <div class="product-page-hotspot">
            <div class="product-cell quickview-button">
                <div class="product-image ">

                    <img src="https://assets.shop.loblaws.ca/products/20137362/b1/en/front/20137362_front_a01.png" onerror="this.src='https://assets.shop.loblaws.ca/products/NoImage/b1/en/front/NoImage_front_a01_@2.png';" alt="Puffs Cheese Flavoured Snacks, Cheese" />

                    <div class="hover-text-container">
                        <button href="#" tabindex="0" class="hover-text " aria-label="Quick View for Puffs Cheese Flavoured Snacks, Cheese.">Quick View</button>
                    </div>
                </div>
            </div>

            <div class="product-in-cart">
                <div class="wrapper-product-in-cart">
                    <span>
	  			    In Cart
	  		    </span>
                </div>
            </div>

            <div class="product-info">
                <div class="product-name-wrapper">
                    <a href="/Food/Pantry/Chips-%26-Salty-Snacks/Pretzels-%26-Snack-Mixes/Puffs-Cheese-Flavoured-Snacks%2C-Cheese/p/20137362_EA" class="product-name" aria-label="Product page for Puffs Cheese Flavoured Snacks, Cheese">

                        <span class="js-product-entry-name">Puffs Cheese Flavoured Snacks, Cheese</span>

                        <span class="js-product-entry-size-detail">(425 g)</span>

                    </a>
                </div>

                <span class="ad-match-badge  hidden">Ad Match</span>

                <div class="price">
                    <div class="price-wrapper no-discount  ">
                        <span class="reg-price  " aria-label="Regular Price: $4.58">
					    <span class="reg-price-text">$4.58</span>

                        <sup class="reg-price-unit">ea</sup>
                        </span>
                        <span class="sale-price hidden" aria-label="Sale Price:">
					    <span class="sale-price-text"></span>
                        <sup class="sale-price-unit">ea</sup>
                        </span>

                        <span class="secondary-price hidden">

					    <span class="secondary-price-text" aria-label="Secondary Price:"></span>
                        </span>
                    </div>
                </div>

                <div class="qty">
                    <span class="reg-qty  ">

		  		<span class="sr-only">Sale Price Per Unit:</span> $1.08 / 100 g

                    </span>

                    <span class="sale-qty hidden">

		  		<span class="sr-only">Sale Price Per Unit:</span> $1.08 / 100 g

                    </span>

                    <span class="secondary-qty hidden">

	  	<span class="secondary-qty-text"></span>
                    </span>
                </div>
            </div>

        </div>
        <form class="form-product  quickview-btn-simple" data-product-id="20137362_EA" data-min-qty="1.0" data-max-qty="999.0" data-unit-type="ea" data-cart-qty="1" data-default-qty="1" novalidate="novalidate" promoCode="" promoNumber="" data-is-customized="false" data-cart-url="/cart/product/20137362_EA" data-csrf-token="5582ec01-90c0-448b-b4f7-e2cf68d9f8a0" data-is-weighted-product="false">

            <div class="module-add-to-cart " data-change-type="plus" data-auto-edit="true" data-auto-add="true" data-cart-ajax-url="/cart/updateCart">
                <div class="wrapper-add-to-cart-btn">
                    <div class="module-add-to-cart-button-small">
                        <button type="button" class="btn btn-secondary btn-add-to-cart " data-auid="add-to-cart-button" data-has-pts-badge="false" aria-label="Add Puffs Cheese Flavoured Snacks, Cheese to cart">
                            <span class="icon-cart"></span>
                            <span class="add-to-cart-text">
											Add</span>
                        </button>
                        <button type="button" class="btn btn-secondary btn-edit-cart hidden " aria-label="Edit Cart">
                            <span class="qty-in-cart"></span>
                            <span class="edit-cart-text">
											<spring code="product.edit.text" />"
										</span>
                        </button>
                        <div class="add-list-parent add-list-module  bottom-add-list-module ">
                            <button class="btn btn-inline-link btn-save-to-list  dark is-btn-animated" data-login-url="/account/login?productCode=20137362_EA" data-ajax-url="/restful/lists/all?productCode=20137362_EA" data-user-guest="Y" data-user-guest="Y" data-product-code="20137362_EA" data-delete-item="false" aria-label="Add Puffs Cheese Flavoured Snacks, Cheese to a List">
                                <span class="glyphicon glyphicon-th-list"></span>
                                <div class="list-cta-text  is-btn-animated">Add to List</div>
                            </button>

                            <!-- this is the list HTML   -->
                            <div class="save-to-list-popup  is-btn-animated animation-up dark" data-save-to-list-error="Can not get lists at this time. Please try again later." data-product-name="Puffs Cheese Flavoured Snacks, Cheese">
                                <div class="inner-container">
                                </div>

                            </div>
                        </div>

                    </div>
                </div>
            </div>

            <div class="module-plus-minus-buttons small hidden ">
                <button type="button" class="btn cart-change-qty" data-change-type="minus" data-auid="decrease-product-quantity" alt="Minus" aria-label="Minus">
                    <span class="icon-minimize"></span>
                </button>
                <div class="plus-minus-input-wrapper">
                    <input class="input-qty cart-change-qty" aria-label="Enter manual quantity" type="text" name="qty" title="Change quantity in cart" data-unit-type="ea" value="1ea" data-change-type="equals" maxlength="7">

                    <span class="input-qty-pretty">
							<span class="input-qty-pretty-value">1</span>
                    <span class="input-qty-pretty-unit"></span>
                    </span>
                </div>

                <button type="button" class="btn cart-change-qty" data-change-type="plus" data-auid="increase-product-quantity" alt="Plus" aria-label="Plus">
                    <span class="icon-plus-sign"></span>
                </button>

                <p class="deal-limit-reached hidden">Deal Limit Reached</p>

                <div class="tooltip-qty-error tooltip-qty-limit hidden">
                    <p>
                        Limit to &nbsp; 999 &nbsp;each&nbsp; per customer.</p>
                </div>
                <div class="tooltip-qty-error tooltip-round-error hidden">
                    <p>
                        We do not have this in the weight you wanted. We've rounded your order to the nearest weight increment we stock.</p>
                </div>
            </div>
        </form>

        <!-- End Template: AddToCartSmall -->

    </div>
</div>
<div class="item">

    <div class="module-grocery-product quickview-simple  clicked" data-quickview-ajax-url="/p/21074322_EA/quickViewProduct" data-product-id="21074322_EA" data-product-price="$2.98">

        <span class="subtitle"></span>

        <div class="product-page-hotspot">
            <div class="product-cell quickview-button">
                <div class="product-image ">

                    <img src="https://assets.shop.loblaws.ca/products/21074322/b1/en/front/21074322_front_a01.png" onerror="this.src='https://assets.shop.loblaws.ca/products/NoImage/b1/en/front/NoImage_front_a01_@2.png';" alt="Mega Can Sour Cream & Onion Flavour" />

                    <div class="hover-text-container">
                        <button href="#" tabindex="0" class="hover-text " aria-label="Quick View for Mega Can Sour Cream & Onion Flavour.">Quick View</button>
                    </div>
                </div>
            </div>

            <div class="product-in-cart">
                <div class="wrapper-product-in-cart">
                    <span>
	  			    In Cart
	  		    </span>
                </div>
            </div>

            <div class="product-info">
                <div class="product-name-wrapper">
                    <a href="/Food/Pantry/Chips-%26-Salty-Snacks/Potato-Chips/Pringles-Mega-Can-Sour-Cream-%26-Onion-Flavour/p/21074322_EA" class="product-name" aria-label="Product page for Mega Can Sour Cream & Onion Flavour">
                        <span class="js-product-entry-brand">Pringles&nbsp;</span>

                        <span class="js-product-entry-name">Mega Can Sour Cream & Onion Flavour</span>

                        <span class="js-product-entry-size-detail">(202 g)</span>

                    </a>
                </div>

                <span class="ad-match-badge  hidden">Ad Match</span>

                <div class="price">
                    <div class="price-wrapper no-discount  ">
                        <span class="reg-price  " aria-label="Regular Price: $2.98">
					    <span class="reg-price-text">$2.98</span>

                        <sup class="reg-price-unit">ea</sup>
                        </span>
                        <span class="sale-price hidden" aria-label="Sale Price:">
					    <span class="sale-price-text"></span>
                        <sup class="sale-price-unit">ea</sup>
                        </span>

                        <span class="secondary-price hidden">

					    <span class="secondary-price-text" aria-label="Secondary Price:"></span>
                        </span>
                    </div>
                </div>

                <div class="qty">
                    <span class="reg-qty  ">

		  		<span class="sr-only">Sale Price Per Unit:</span> $1.48 / 100 g

                    </span>

                    <span class="sale-qty hidden">

		  		<span class="sr-only">Sale Price Per Unit:</span> $1.48 / 100 g

                    </span>

                    <span class="secondary-qty hidden">

	  	<span class="secondary-qty-text"></span>
                    </span>
                </div>
            </div>

        </div>
        <form class="form-product  quickview-btn-simple" data-product-id="21074322_EA" data-min-qty="1.0" data-max-qty="999.0" data-unit-type="ea" data-cart-qty="1" data-default-qty="1" novalidate="novalidate" promoCode="" promoNumber="" data-is-customized="false" data-cart-url="/cart/product/21074322_EA" data-csrf-token="5582ec01-90c0-448b-b4f7-e2cf68d9f8a0" data-is-weighted-product="false">

            <div class="module-add-to-cart " data-change-type="plus" data-auto-edit="true" data-auto-add="true" data-cart-ajax-url="/cart/updateCart">
                <div class="wrapper-add-to-cart-btn">
                    <div class="module-add-to-cart-button-small">
                        <button type="button" class="btn btn-secondary btn-add-to-cart " data-auid="add-to-cart-button" data-has-pts-badge="false" aria-label="Add Mega Can Sour Cream & Onion Flavour to cart">
                            <span class="icon-cart"></span>
                            <span class="add-to-cart-text">
											Add</span>
                        </button>
                        <button type="button" class="btn btn-secondary btn-edit-cart hidden " aria-label="Edit Cart">
                            <span class="qty-in-cart"></span>
                            <span class="edit-cart-text">
											<spring code="product.edit.text" />"
										</span>
                        </button>
                        <div class="add-list-parent add-list-module  bottom-add-list-module ">
                            <button class="btn btn-inline-link btn-save-to-list  dark is-btn-animated" data-login-url="/account/login?productCode=21074322_EA" data-ajax-url="/restful/lists/all?productCode=21074322_EA" data-user-guest="Y" data-user-guest="Y" data-product-code="21074322_EA" data-delete-item="false" aria-label="Add Mega Can Sour Cream & Onion Flavour to a List">
                                <span class="glyphicon glyphicon-th-list"></span>
                                <div class="list-cta-text  is-btn-animated">Add to List</div>
                            </button>

                            <!-- this is the list HTML   -->
                            <div class="save-to-list-popup  is-btn-animated animation-up dark" data-save-to-list-error="Can not get lists at this time. Please try again later." data-product-name="Mega Can Sour Cream & Onion Flavour">
                                <div class="inner-container">
                                </div>

                            </div>
                        </div>

                    </div>
                </div>
            </div>

            <div class="module-plus-minus-buttons small hidden ">
                <button type="button" class="btn cart-change-qty" data-change-type="minus" data-auid="decrease-product-quantity" alt="Minus" aria-label="Minus">
                    <span class="icon-minimize"></span>
                </button>
                <div class="plus-minus-input-wrapper">
                    <input class="input-qty cart-change-qty" aria-label="Enter manual quantity" type="text" name="qty" title="Change quantity in cart" data-unit-type="ea" value="1ea" data-change-type="equals" maxlength="7">

                    <span class="input-qty-pretty">
							<span class="input-qty-pretty-value">1</span>
                    <span class="input-qty-pretty-unit"></span>
                    </span>
                </div>

                <button type="button" class="btn cart-change-qty" data-change-type="plus" data-auid="increase-product-quantity" alt="Plus" aria-label="Plus">
                    <span class="icon-plus-sign"></span>
                </button>

                <p class="deal-limit-reached hidden">Deal Limit Reached</p>

                <div class="tooltip-qty-error tooltip-qty-limit hidden">
                    <p>
                        Limit to &nbsp; 999 &nbsp;each&nbsp; per customer.</p>
                </div>
                <div class="tooltip-qty-error tooltip-round-error hidden">
                    <p>
                        We do not have this in the weight you wanted. We've rounded your order to the nearest weight increment we stock.</p>
                </div>
            </div>
        </form>

        <!-- End Template: AddToCartSmall -->

    </div>
</div>
<div class="item">

    <div class="module-grocery-product quickview-simple  clicked" data-quickview-ajax-url="/p/20662251_EA/quickViewProduct" data-product-id="20662251_EA" data-product-price="$3.28">

        <span class="subtitle"></span>

        <div class="product-page-hotspot">
            <div class="product-cell quickview-button">
                <div class="product-image ">

                    <img src="https://assets.shop.loblaws.ca/products/20662251/b1/en/front/20662251_front_a01.png" onerror="this.src='https://assets.shop.loblaws.ca/products/NoImage/b1/en/front/NoImage_front_a01_@2.png';" alt="Restaurante Multigrain Bites" />

                    <div class="hover-text-container">
                        <button href="#" tabindex="0" class="hover-text " aria-label="Quick View for Restaurante Multigrain Bites.">Quick View</button>
                    </div>
                </div>
            </div>

            <div class="product-in-cart">
                <div class="wrapper-product-in-cart">
                    <span>
	  			    In Cart
	  		    </span>
                </div>
            </div>

            <div class="product-info">
                <div class="product-name-wrapper">
                    <a href="/Food/Pantry/Chips-%26-Salty-Snacks/Pretzels-%26-Snack-Mixes/Old-Dutch-RESTAURANTE-Restaurante-Multigrain-Bites/p/20662251_EA" class="product-name" aria-label="Product page for Restaurante Multigrain Bites">
                        <span class="js-product-entry-brand">Old Dutch&nbsp;</span>

                        <span class="js-product-entry-name">Restaurante Multigrain Bites</span>

                        <span class="js-product-entry-size-detail">(290 g)</span>

                    </a>
                </div>

                <span class="ad-match-badge  hidden">Ad Match</span>

                <div class="price">
                    <div class="price-wrapper no-discount  ">
                        <span class="reg-price  " aria-label="Regular Price: $3.28">
					    <span class="reg-price-text">$3.28</span>

                        <sup class="reg-price-unit">ea</sup>
                        </span>
                        <span class="sale-price hidden" aria-label="Sale Price:">
					    <span class="sale-price-text"></span>
                        <sup class="sale-price-unit">ea</sup>
                        </span>

                        <span class="secondary-price hidden">

					    <span class="secondary-price-text" aria-label="Secondary Price:"></span>
                        </span>
                    </div>
                </div>

                <div class="qty">
                    <span class="reg-qty  ">

		  		<span class="sr-only">Sale Price Per Unit:</span> $1.13 / 100 g

                    </span>

                    <span class="sale-qty hidden">

		  		<span class="sr-only">Sale Price Per Unit:</span> $1.13 / 100 g

                    </span>

                    <span class="secondary-qty hidden">

	  	<span class="secondary-qty-text"></span>
                    </span>
                </div>
            </div>

        </div>
        <form class="form-product  quickview-btn-simple" data-product-id="20662251_EA" data-min-qty="1.0" data-max-qty="999.0" data-unit-type="ea" data-cart-qty="1" data-default-qty="1" novalidate="novalidate" promoCode="" promoNumber="" data-is-customized="false" data-cart-url="/cart/product/20662251_EA" data-csrf-token="5582ec01-90c0-448b-b4f7-e2cf68d9f8a0" data-is-weighted-product="false">

            <div class="module-add-to-cart " data-change-type="plus" data-auto-edit="true" data-auto-add="true" data-cart-ajax-url="/cart/updateCart">
                <div class="wrapper-add-to-cart-btn">
                    <div class="module-add-to-cart-button-small">
                        <button type="button" class="btn btn-secondary btn-add-to-cart " data-auid="add-to-cart-button" data-has-pts-badge="false" aria-label="Add Restaurante Multigrain Bites to cart">
                            <span class="icon-cart"></span>
                            <span class="add-to-cart-text">
											Add</span>
                        </button>
                        <button type="button" class="btn btn-secondary btn-edit-cart hidden " aria-label="Edit Cart">
                            <span class="qty-in-cart"></span>
                            <span class="edit-cart-text">
											<spring code="product.edit.text" />"
										</span>
                        </button>
                        <div class="add-list-parent add-list-module  bottom-add-list-module ">
                            <button class="btn btn-inline-link btn-save-to-list  dark is-btn-animated" data-login-url="/account/login?productCode=20662251_EA" data-ajax-url="/restful/lists/all?productCode=20662251_EA" data-user-guest="Y" data-user-guest="Y" data-product-code="20662251_EA" data-delete-item="false" aria-label="Add Restaurante Multigrain Bites to a List">
                                <span class="glyphicon glyphicon-th-list"></span>
                                <div class="list-cta-text  is-btn-animated">Add to List</div>
                            </button>

                            <!-- this is the list HTML   -->
                            <div class="save-to-list-popup  is-btn-animated animation-up dark" data-save-to-list-error="Can not get lists at this time. Please try again later." data-product-name="Restaurante Multigrain Bites">
                                <div class="inner-container">
                                </div>

                            </div>
                        </div>

                    </div>
                </div>
            </div>

            <div class="module-plus-minus-buttons small hidden ">
                <button type="button" class="btn cart-change-qty" data-change-type="minus" data-auid="decrease-product-quantity" alt="Minus" aria-label="Minus">
                    <span class="icon-minimize"></span>
                </button>
                <div class="plus-minus-input-wrapper">
                    <input class="input-qty cart-change-qty" aria-label="Enter manual quantity" type="text" name="qty" title="Change quantity in cart" data-unit-type="ea" value="1ea" data-change-type="equals" maxlength="7">

                    <span class="input-qty-pretty">
							<span class="input-qty-pretty-value">1</span>
                    <span class="input-qty-pretty-unit"></span>
                    </span>
                </div>

                <button type="button" class="btn cart-change-qty" data-change-type="plus" data-auid="increase-product-quantity" alt="Plus" aria-label="Plus">
                    <span class="icon-plus-sign"></span>
                </button>

                <p class="deal-limit-reached hidden">Deal Limit Reached</p>

                <div class="tooltip-qty-error tooltip-qty-limit hidden">
                    <p>
                        Limit to &nbsp; 999 &nbsp;each&nbsp; per customer.</p>
                </div>
                <div class="tooltip-qty-error tooltip-round-error hidden">
                    <p>
                        We do not have this in the weight you wanted. We've rounded your order to the nearest weight increment we stock.</p>
                </div>
            </div>
        </form>

        <!-- End Template: AddToCartSmall -->

    </div>
</div>
<div class="item">

    <div class="module-grocery-product quickview-simple  clicked" data-quickview-ajax-url="/p/20532912_EA/quickViewProduct" data-product-id="20532912_EA" data-product-price="$1.97">

        <span class="subtitle"></span>

        <div class="product-page-hotspot">
            <div class="product-cell quickview-button">
                <div class="product-image ">

                    <img src="https://assets.shop.loblaws.ca/products/20532912/b1/en/front/20532912_front_a01.png" onerror="this.src='https://assets.shop.loblaws.ca/products/NoImage/b1/en/front/NoImage_front_a01_@2.png';" alt="Corn Snacks, Original" />

                    <span class="sticker deal">
	  				        <span class="deal-badge">

	  				            <span class="module-deal-badge module-deal-badge-grid simple-save-unit "
	  						        data-deal-type="$1.97 LIMIT 2"
	  						        data-ajax-promo-url="/simpleDeal/deals/product-tile?productCode=20532912_EA"
	  						        data-deal-id="20532912_EA">
	  						        <span class="deal-type">$1.97 LIMIT 2</span>

                    <span class="deal-expiry">
		Exp. 12/20
	</span>

                    </span>
                    </span>
                    </span>

                    <div class="hover-text-container">
                        <button href="#" tabindex="0" class="hover-text " aria-label="Quick View for Corn Snacks, Original.">Quick View</button>
                    </div>
                </div>
            </div>

            <div class="product-in-cart">
                <div class="wrapper-product-in-cart">
                    <span>
	  			    In Cart
	  		    </span>
                </div>
            </div>

            <div class="product-info">
                <div class="product-name-wrapper">
                    <a href="/Food/Pantry/Chips-%26-Salty-Snacks/Pretzels-%26-Snack-Mixes/Bugles-BUGLES-Corn-Snacks%2C-Original/p/20532912_EA" class="product-name" aria-label="Product page for Corn Snacks, Original">
                        <span class="js-product-entry-brand">Bugles&nbsp;</span>

                        <span class="js-product-entry-name">Corn Snacks, Original</span>

                        <span class="js-product-entry-size-detail">(213 g)</span>

                    </a>
                </div>

                <span class="ad-match-badge  hidden">Ad Match</span>

                <div class="price">
                    <div class="price-wrapper no-discount promo-alert ">
                        <span class="reg-price  price-alert" aria-label="Regular Price: $1.97">
					    <span class="reg-price-text">$1.97</span>

                        <sup class="reg-price-unit">ea</sup>
                        </span>
                        <span class="sale-price hidden" aria-label="Sale Price:">
					    <span class="sale-price-text"></span>
                        <sup class="sale-price-unit">ea</sup>
                        </span>

                        <span class="secondary-price hidden">

					    <span class="secondary-price-text" aria-label="Secondary Price:"></span>
                        </span>
                    </div>
                </div>

                <div class="qty">
                    <span class="reg-qty  price-alert">

		  		<span class="sr-only">Sale Price Per Unit:</span> $0.92 / 100 g

                    </span>

                    <span class="sale-qty hidden">

		  		<span class="sr-only">Sale Price Per Unit:</span> $0.92 / 100 g

                    </span>

                    <span class="secondary-qty hidden">

	  	<span class="secondary-qty-text"></span>
                    </span>
                </div>
            </div>

        </div>
        <form class="form-product  quickview-btn-simple" data-product-id="20532912_EA" data-min-qty="1.0" data-max-qty="999.0" data-unit-type="ea" data-cart-qty="1" data-default-qty="1" novalidate="novalidate" promoCode="" promoNumber="" data-is-customized="false" data-cart-url="/cart/product/20532912_EA" data-csrf-token="5582ec01-90c0-448b-b4f7-e2cf68d9f8a0" data-is-weighted-product="false">

            <div class="module-add-to-cart " data-change-type="plus" data-auto-edit="true" data-auto-add="true" data-cart-ajax-url="/cart/updateCart">
                <div class="wrapper-add-to-cart-btn">
                    <div class="module-add-to-cart-button-small">
                        <button type="button" class="btn btn-secondary btn-add-to-cart " data-auid="add-to-cart-button" data-has-pts-badge="false" aria-label="Add Corn Snacks, Original to cart">
                            <span class="icon-cart"></span>
                            <span class="add-to-cart-text">
											Add</span>
                        </button>
                        <button type="button" class="btn btn-secondary btn-edit-cart hidden " aria-label="Edit Cart">
                            <span class="qty-in-cart"></span>
                            <span class="edit-cart-text">
											<spring code="product.edit.text" />"
										</span>
                        </button>
                        <div class="add-list-parent add-list-module  bottom-add-list-module ">
                            <button class="btn btn-inline-link btn-save-to-list  dark is-btn-animated" data-login-url="/account/login?productCode=20532912_EA" data-ajax-url="/restful/lists/all?productCode=20532912_EA" data-user-guest="Y" data-user-guest="Y" data-product-code="20532912_EA" data-delete-item="false" aria-label="Add Corn Snacks, Original to a List">
                                <span class="glyphicon glyphicon-th-list"></span>
                                <div class="list-cta-text  is-btn-animated">Add to List</div>
                            </button>

                            <!-- this is the list HTML   -->
                            <div class="save-to-list-popup  is-btn-animated animation-up dark" data-save-to-list-error="Can not get lists at this time. Please try again later." data-product-name="Corn Snacks, Original">
                                <div class="inner-container">
                                </div>

                            </div>
                        </div>

                    </div>
                </div>
            </div>

            <div class="module-plus-minus-buttons small hidden ">
                <button type="button" class="btn cart-change-qty" data-change-type="minus" data-auid="decrease-product-quantity" alt="Minus" aria-label="Minus">
                    <span class="icon-minimize"></span>
                </button>
                <div class="plus-minus-input-wrapper">
                    <input class="input-qty cart-change-qty" aria-label="Enter manual quantity" type="text" name="qty" title="Change quantity in cart" data-unit-type="ea" value="1ea" data-change-type="equals" maxlength="7">

                    <span class="input-qty-pretty">
							<span class="input-qty-pretty-value">1</span>
                    <span class="input-qty-pretty-unit"></span>
                    </span>
                </div>

                <button type="button" class="btn cart-change-qty" data-change-type="plus" data-auid="increase-product-quantity" alt="Plus" aria-label="Plus">
                    <span class="icon-plus-sign"></span>
                </button>

                <p class="deal-limit-reached hidden">Deal Limit Reached</p>

                <div class="tooltip-qty-error tooltip-qty-limit hidden">
                    <p>
                        Limit to &nbsp; 999 &nbsp;each&nbsp; per customer.</p>
                </div>
                <div class="tooltip-qty-error tooltip-round-error hidden">
                    <p>
                        We do not have this in the weight you wanted. We've rounded your order to the nearest weight increment we stock.</p>
                </div>
            </div>
        </form>

        <!-- End Template: AddToCartSmall -->

    </div>
</div>
<div class="item">

    <div class="module-grocery-product quickview-simple  clicked" data-quickview-ajax-url="/p/20298997001_EA/quickViewProduct" data-product-id="20298997001_EA" data-product-price="$2.48">

        <span class="subtitle"></span>

        <div class="product-page-hotspot">
            <div class="product-cell quickview-button">
                <div class="product-image ">

                    <img src="https://assets.shop.loblaws.ca/products/20298997001/b1/en/front/20298997001_front_a01.png" onerror="this.src='https://assets.shop.loblaws.ca/products/NoImage/b1/en/front/NoImage_front_a01_@2.png';" alt="Potato Chips, Sea Salt" />

                    <span class="sticker deal">
	  				        <span class="deal-badge">

	  				            <span class="module-deal-badge module-deal-badge-grid simple-save-unit "
	  						        data-deal-type="$2.48 LIMIT 4"
	  						        data-ajax-promo-url="/simpleDeal/deals/product-tile?productCode=20298997001_EA"
	  						        data-deal-id="20298997001_EA">
	  						        <span class="deal-type">$2.48 LIMIT 4</span>

                    <span class="deal-expiry">
		Exp. 12/20
	</span>

                    </span>
                    </span>
                    </span>

                    <div class="hover-text-container">
                        <button href="#" tabindex="0" class="hover-text " aria-label="Quick View for Potato Chips, Sea Salt.">Quick View</button>
                    </div>
                </div>
            </div>

            <div class="product-in-cart">
                <div class="wrapper-product-in-cart">
                    <span>
	  			    In Cart
	  		    </span>
                </div>
            </div>

            <div class="product-info">
                <div class="product-name-wrapper">
                    <a href="/Food/Natural-%26-Organic/Pantry/Snacks-%26-Candy/Potato-Chips%2C-Sea-Salt/p/20298997001_EA" class="product-name" aria-label="Product page for Potato Chips, Sea Salt">
                        <span class="js-product-entry-brand">Kettle&nbsp;</span>

                        <span class="js-product-entry-name">Potato Chips, Sea Salt</span>

                        <span class="js-product-entry-size-detail">(220 g)</span>

                    </a>
                </div>

                <span class="ad-match-badge  hidden">Ad Match</span>

                <div class="price">
                    <div class="price-wrapper no-discount promo-alert ">
                        <span class="reg-price  price-alert" aria-label="Regular Price: $2.48">
					    <span class="reg-price-text">$2.48</span>

                        <sup class="reg-price-unit">ea</sup>
                        </span>
                        <span class="sale-price hidden" aria-label="Sale Price:">
					    <span class="sale-price-text"></span>
                        <sup class="sale-price-unit">ea</sup>
                        </span>

                        <span class="secondary-price hidden">

					    <span class="secondary-price-text" aria-label="Secondary Price:"></span>
                        </span>
                    </div>
                </div>

                <div class="qty">
                    <span class="reg-qty  price-alert">

		  		<span class="sr-only">Sale Price Per Unit:</span> $1.13 / 100 g

                    </span>

                    <span class="sale-qty hidden">

		  		<span class="sr-only">Sale Price Per Unit:</span> $1.13 / 100 g

                    </span>

                    <span class="secondary-qty hidden">

	  	<span class="secondary-qty-text"></span>
                    </span>
                </div>
            </div>

        </div>
        <form class="form-product  quickview-btn-simple" data-product-id="20298997001_EA" data-min-qty="1.0" data-max-qty="999.0" data-unit-type="ea" data-cart-qty="1" data-default-qty="1" novalidate="novalidate" promoCode="" promoNumber="" data-is-customized="false" data-cart-url="/cart/product/20298997001_EA" data-csrf-token="5582ec01-90c0-448b-b4f7-e2cf68d9f8a0" data-is-weighted-product="false">

            <div class="module-add-to-cart " data-change-type="plus" data-auto-edit="true" data-auto-add="true" data-cart-ajax-url="/cart/updateCart">
                <div class="wrapper-add-to-cart-btn">
                    <div class="module-add-to-cart-button-small">
                        <button type="button" class="btn btn-secondary btn-add-to-cart " data-auid="add-to-cart-button" data-has-pts-badge="false" aria-label="Add Potato Chips, Sea Salt to cart">
                            <span class="icon-cart"></span>
                            <span class="add-to-cart-text">
											Add</span>
                        </button>
                        <button type="button" class="btn btn-secondary btn-edit-cart hidden " aria-label="Edit Cart">
                            <span class="qty-in-cart"></span>
                            <span class="edit-cart-text">
											<spring code="product.edit.text" />"
										</span>
                        </button>
                        <div class="add-list-parent add-list-module  bottom-add-list-module ">
                            <button class="btn btn-inline-link btn-save-to-list  dark is-btn-animated" data-login-url="/account/login?productCode=20298997001_EA" data-ajax-url="/restful/lists/all?productCode=20298997001_EA" data-user-guest="Y" data-user-guest="Y" data-product-code="20298997001_EA" data-delete-item="false" aria-label="Add Potato Chips, Sea Salt to a List">
                                <span class="glyphicon glyphicon-th-list"></span>
                                <div class="list-cta-text  is-btn-animated">Add to List</div>
                            </button>

                            <!-- this is the list HTML   -->
                            <div class="save-to-list-popup  is-btn-animated animation-up dark" data-save-to-list-error="Can not get lists at this time. Please try again later." data-product-name="Potato Chips, Sea Salt">
                                <div class="inner-container">
                                </div>

                            </div>
                        </div>

                    </div>
                </div>
            </div>

            <div class="module-plus-minus-buttons small hidden ">
                <button type="button" class="btn cart-change-qty" data-change-type="minus" data-auid="decrease-product-quantity" alt="Minus" aria-label="Minus">
                    <span class="icon-minimize"></span>
                </button>
                <div class="plus-minus-input-wrapper">
                    <input class="input-qty cart-change-qty" aria-label="Enter manual quantity" type="text" name="qty" title="Change quantity in cart" data-unit-type="ea" value="1ea" data-change-type="equals" maxlength="7">

                    <span class="input-qty-pretty">
							<span class="input-qty-pretty-value">1</span>
                    <span class="input-qty-pretty-unit"></span>
                    </span>
                </div>

                <button type="button" class="btn cart-change-qty" data-change-type="plus" data-auid="increase-product-quantity" alt="Plus" aria-label="Plus">
                    <span class="icon-plus-sign"></span>
                </button>

                <p class="deal-limit-reached hidden">Deal Limit Reached</p>

                <div class="tooltip-qty-error tooltip-qty-limit hidden">
                    <p>
                        Limit to &nbsp; 999 &nbsp;each&nbsp; per customer.</p>
                </div>
                <div class="tooltip-qty-error tooltip-round-error hidden">
                    <p>
                        We do not have this in the weight you wanted. We've rounded your order to the nearest weight increment we stock.</p>
                </div>
            </div>
        </form>

        <!-- End Template: AddToCartSmall -->

    </div>
</div>
<div class="item">

    <div class="module-grocery-product quickview-simple  clicked" data-quickview-ajax-url="/p/20757154_EA/quickViewProduct" data-product-id="20757154_EA" data-product-price="$6.98">

        <span class="subtitle"></span>

        <div class="product-page-hotspot">
            <div class="product-cell quickview-button">
                <div class="product-image ">

                    <img src="https://assets.shop.loblaws.ca/products/20757154/b1/en/front/20757154_front_a01.png" onerror="this.src='https://assets.shop.loblaws.ca/products/NoImage/b1/en/front/NoImage_front_a01_@2.png';" alt="Tortilla Chips, Variety" />

                    <div class="hover-text-container">
                        <button href="#" tabindex="0" class="hover-text " aria-label="Quick View for Tortilla Chips, Variety.">Quick View</button>
                    </div>
                </div>
            </div>

            <div class="product-in-cart">
                <div class="wrapper-product-in-cart">
                    <span>
	  			    In Cart
	  		    </span>
                </div>
            </div>

            <div class="product-info">
                <div class="product-name-wrapper">
                    <a href="/Food/Pantry/Chips-%26-Salty-Snacks/Potato-Chips/Tortilla-Chips%2C-Variety/p/20757154_EA" class="product-name" aria-label="Product page for Tortilla Chips, Variety">
                        <span class="js-product-entry-brand">Doritos&nbsp;</span>

                        <span class="js-product-entry-name">Tortilla Chips, Variety</span>

                        <span class="js-product-entry-size-detail">(504 g)</span>

                    </a>
                </div>

                <span class="ad-match-badge  hidden">Ad Match</span>

                <div class="price">
                    <div class="price-wrapper no-discount  ">
                        <span class="reg-price  " aria-label="Regular Price: $6.98">
					    <span class="reg-price-text">$6.98</span>

                        <sup class="reg-price-unit">ea</sup>
                        </span>
                        <span class="sale-price hidden" aria-label="Sale Price:">
					    <span class="sale-price-text"></span>
                        <sup class="sale-price-unit">ea</sup>
                        </span>

                        <span class="secondary-price hidden">

					    <span class="secondary-price-text" aria-label="Secondary Price:"></span>
                        </span>
                    </div>
                </div>

                <div class="qty">
                    <span class="reg-qty  ">

		  		<span class="sr-only">Sale Price Per Unit:</span> $1.38 / 100 g

                    </span>

                    <span class="sale-qty hidden">

		  		<span class="sr-only">Sale Price Per Unit:</span> $1.38 / 100 g

                    </span>

                    <span class="secondary-qty hidden">

	  	<span class="secondary-qty-text"></span>
                    </span>
                </div>
            </div>

        </div>
        <form class="form-product  quickview-btn-simple" data-product-id="20757154_EA" data-min-qty="1.0" data-max-qty="999.0" data-unit-type="ea" data-cart-qty="1" data-default-qty="1" novalidate="novalidate" promoCode="" promoNumber="" data-is-customized="false" data-cart-url="/cart/product/20757154_EA" data-csrf-token="5582ec01-90c0-448b-b4f7-e2cf68d9f8a0" data-is-weighted-product="false">

            <div class="module-add-to-cart " data-change-type="plus" data-auto-edit="true" data-auto-add="true" data-cart-ajax-url="/cart/updateCart">
                <div class="wrapper-add-to-cart-btn">
                    <div class="module-add-to-cart-button-small">
                        <button type="button" class="btn btn-secondary btn-add-to-cart " data-auid="add-to-cart-button" data-has-pts-badge="false" aria-label="Add Tortilla Chips, Variety to cart">
                            <span class="icon-cart"></span>
                            <span class="add-to-cart-text">
											Add</span>
                        </button>
                        <button type="button" class="btn btn-secondary btn-edit-cart hidden " aria-label="Edit Cart">
                            <span class="qty-in-cart"></span>
                            <span class="edit-cart-text">
											<spring code="product.edit.text" />"
										</span>
                        </button>
                        <div class="add-list-parent add-list-module  bottom-add-list-module ">
                            <button class="btn btn-inline-link btn-save-to-list  dark is-btn-animated" data-login-url="/account/login?productCode=20757154_EA" data-ajax-url="/restful/lists/all?productCode=20757154_EA" data-user-guest="Y" data-user-guest="Y" data-product-code="20757154_EA" data-delete-item="false" aria-label="Add Tortilla Chips, Variety to a List">
                                <span class="glyphicon glyphicon-th-list"></span>
                                <div class="list-cta-text  is-btn-animated">Add to List</div>
                            </button>

                            <!-- this is the list HTML   -->
                            <div class="save-to-list-popup  is-btn-animated animation-up dark" data-save-to-list-error="Can not get lists at this time. Please try again later." data-product-name="Tortilla Chips, Variety">
                                <div class="inner-container">
                                </div>

                            </div>
                        </div>

                    </div>
                </div>
            </div>

            <div class="module-plus-minus-buttons small hidden ">
                <button type="button" class="btn cart-change-qty" data-change-type="minus" data-auid="decrease-product-quantity" alt="Minus" aria-label="Minus">
                    <span class="icon-minimize"></span>
                </button>
                <div class="plus-minus-input-wrapper">
                    <input class="input-qty cart-change-qty" aria-label="Enter manual quantity" type="text" name="qty" title="Change quantity in cart" data-unit-type="ea" value="1ea" data-change-type="equals" maxlength="7">

                    <span class="input-qty-pretty">
							<span class="input-qty-pretty-value">1</span>
                    <span class="input-qty-pretty-unit"></span>
                    </span>
                </div>

                <button type="button" class="btn cart-change-qty" data-change-type="plus" data-auid="increase-product-quantity" alt="Plus" aria-label="Plus">
                    <span class="icon-plus-sign"></span>
                </button>

                <p class="deal-limit-reached hidden">Deal Limit Reached</p>

                <div class="tooltip-qty-error tooltip-qty-limit hidden">
                    <p>
                        Limit to &nbsp; 999 &nbsp;each&nbsp; per customer.</p>
                </div>
                <div class="tooltip-qty-error tooltip-round-error hidden">
                    <p>
                        We do not have this in the weight you wanted. We've rounded your order to the nearest weight increment we stock.</p>
                </div>
            </div>
        </form>

        <!-- End Template: AddToCartSmall -->

    </div>
</div>
<div class="item">

    <div class="module-grocery-product quickview-simple  clicked" data-quickview-ajax-url="/p/20772003_EA/quickViewProduct" data-product-id="20772003_EA" data-product-price="$1.98">

        <span class="subtitle"></span>

        <div class="product-page-hotspot">
            <div class="product-cell quickview-button">
                <div class="product-image ">

                    <img src="https://assets.shop.loblaws.ca/products/20772003/b1/en/front/20772003_front_a01.png" onerror="this.src='https://assets.shop.loblaws.ca/products/NoImage/b1/en/front/NoImage_front_a01_@2.png';" alt="Potato Chips, Wild Onion & Yogurt" />

                    <span class="sticker deal">
	  				        <span class="deal-badge">

	  				            <span class="module-deal-badge module-deal-badge-grid simple-save-unit "
	  						        data-deal-type="$1.98 LIMIT 6"
	  						        data-ajax-promo-url="/simpleDeal/deals/product-tile?productCode=20772003_EA"
	  						        data-deal-id="20772003_EA">
	  						        <span class="deal-type">$1.98 LIMIT 6</span>

                    <span class="deal-expiry">
		Exp. 01/03
	</span>

                    </span>
                    </span>
                    </span>

                    <div class="hover-text-container">
                        <button href="#" tabindex="0" class="hover-text " aria-label="Quick View for Potato Chips, Wild Onion & Yogurt.">Quick View</button>
                    </div>
                </div>
            </div>

            <div class="product-in-cart">
                <div class="wrapper-product-in-cart">
                    <span>
	  			    In Cart
	  		    </span>
                </div>
            </div>

            <div class="product-info">
                <div class="product-name-wrapper">
                    <a href="/Food/Pantry/Chips-%26-Salty-Snacks/Potato-Chips/Hardbite-Potato-Chips%2C-Wild-Onion-%26-Yogurt/p/20772003_EA" class="product-name" aria-label="Product page for Potato Chips, Wild Onion & Yogurt">

                        <span class="js-product-entry-name">Potato Chips, Wild Onion & Yogurt</span>

                        <span class="js-product-entry-size-detail">(150 g)</span>

                    </a>
                </div>

                <span class="ad-match-badge  hidden">Ad Match</span>

                <div class="price">
                    <div class="price-wrapper no-discount promo-alert ">
                        <span class="reg-price  price-alert" aria-label="Regular Price: $1.98">
					    <span class="reg-price-text">$1.98</span>

                        <sup class="reg-price-unit">ea</sup>
                        </span>
                        <span class="sale-price hidden" aria-label="Sale Price:">
					    <span class="sale-price-text"></span>
                        <sup class="sale-price-unit">ea</sup>
                        </span>

                        <span class="secondary-price hidden">

					    <span class="secondary-price-text" aria-label="Secondary Price:"></span>
                        </span>
                    </div>
                </div>

                <div class="qty">
                    <span class="reg-qty  price-alert">

		  		<span class="sr-only">Sale Price Per Unit:</span> $1.32 / 100 g

                    </span>

                    <span class="sale-qty hidden">

		  		<span class="sr-only">Sale Price Per Unit:</span> $1.32 / 100 g

                    </span>

                    <span class="secondary-qty hidden">

	  	<span class="secondary-qty-text"></span>
                    </span>
                </div>
            </div>

        </div>
        <form class="form-product  quickview-btn-simple" data-product-id="20772003_EA" data-min-qty="1.0" data-max-qty="999.0" data-unit-type="ea" data-cart-qty="1" data-default-qty="1" novalidate="novalidate" promoCode="" promoNumber="" data-is-customized="false" data-cart-url="/cart/product/20772003_EA" data-csrf-token="5582ec01-90c0-448b-b4f7-e2cf68d9f8a0" data-is-weighted-product="false">

            <div class="module-add-to-cart " data-change-type="plus" data-auto-edit="true" data-auto-add="true" data-cart-ajax-url="/cart/updateCart">
                <div class="wrapper-add-to-cart-btn">
                    <div class="module-add-to-cart-button-small">
                        <button type="button" class="btn btn-secondary btn-add-to-cart " data-auid="add-to-cart-button" data-has-pts-badge="false" aria-label="Add Potato Chips, Wild Onion & Yogurt to cart">
                            <span class="icon-cart"></span>
                            <span class="add-to-cart-text">
											Add</span>
                        </button>
                        <button type="button" class="btn btn-secondary btn-edit-cart hidden " aria-label="Edit Cart">
                            <span class="qty-in-cart"></span>
                            <span class="edit-cart-text">
											<spring code="product.edit.text" />"
										</span>
                        </button>
                        <div class="add-list-parent add-list-module  bottom-add-list-module ">
                            <button class="btn btn-inline-link btn-save-to-list  dark is-btn-animated" data-login-url="/account/login?productCode=20772003_EA" data-ajax-url="/restful/lists/all?productCode=20772003_EA" data-user-guest="Y" data-user-guest="Y" data-product-code="20772003_EA" data-delete-item="false" aria-label="Add Potato Chips, Wild Onion & Yogurt to a List">
                                <span class="glyphicon glyphicon-th-list"></span>
                                <div class="list-cta-text  is-btn-animated">Add to List</div>
                            </button>

                            <!-- this is the list HTML   -->
                            <div class="save-to-list-popup  is-btn-animated animation-up dark" data-save-to-list-error="Can not get lists at this time. Please try again later." data-product-name="Potato Chips, Wild Onion & Yogurt">
                                <div class="inner-container">
                                </div>

                            </div>
                        </div>

                    </div>
                </div>
            </div>

            <div class="module-plus-minus-buttons small hidden ">
                <button type="button" class="btn cart-change-qty" data-change-type="minus" data-auid="decrease-product-quantity" alt="Minus" aria-label="Minus">
                    <span class="icon-minimize"></span>
                </button>
                <div class="plus-minus-input-wrapper">
                    <input class="input-qty cart-change-qty" aria-label="Enter manual quantity" type="text" name="qty" title="Change quantity in cart" data-unit-type="ea" value="1ea" data-change-type="equals" maxlength="7">

                    <span class="input-qty-pretty">
							<span class="input-qty-pretty-value">1</span>
                    <span class="input-qty-pretty-unit"></span>
                    </span>
                </div>

                <button type="button" class="btn cart-change-qty" data-change-type="plus" data-auid="increase-product-quantity" alt="Plus" aria-label="Plus">
                    <span class="icon-plus-sign"></span>
                </button>

                <p class="deal-limit-reached hidden">Deal Limit Reached</p>

                <div class="tooltip-qty-error tooltip-qty-limit hidden">
                    <p>
                        Limit to &nbsp; 999 &nbsp;each&nbsp; per customer.</p>
                </div>
                <div class="tooltip-qty-error tooltip-round-error hidden">
                    <p>
                        We do not have this in the weight you wanted. We've rounded your order to the nearest weight increment we stock.</p>
                </div>
            </div>
        </form>

        <!-- End Template: AddToCartSmall -->

    </div>
</div>
<div class="item">

    <div class="module-grocery-product quickview-simple  clicked" data-quickview-ajax-url="/p/20978992_EA/quickViewProduct" data-product-id="20978992_EA" data-product-price="$3.98">

        <span class="subtitle"></span>

        <div class="product-page-hotspot">
            <div class="product-cell quickview-button">
                <div class="product-image ">

                    <img src="https://assets.shop.loblaws.ca/products/20978992/b1/en/front/20978992_front_a01.png" onerror="this.src='https://assets.shop.loblaws.ca/products/NoImage/b1/en/front/NoImage_front_a01_@2.png';" alt="Tortilla Chips, Thin & Crispy Sea Salt" />

                    <span class="sticker deal">
	  				        <span class="deal-badge">

	  				            <span class="module-deal-badge module-deal-badge-grid simple-save-unit "
	  						        data-deal-type="$3.98 LIMIT 4"
	  						        data-ajax-promo-url="/simpleDeal/deals/product-tile?productCode=20978992_EA"
	  						        data-deal-id="20978992_EA">
	  						        <span class="deal-type">$3.98 LIMIT 4</span>

                    <span class="deal-expiry">
		Exp. 12/27
	</span>

                    </span>
                    </span>
                    </span>

                    <div class="hover-text-container">
                        <button href="#" tabindex="0" class="hover-text " aria-label="Quick View for Tortilla Chips, Thin & Crispy Sea Salt.">Quick View</button>
                    </div>
                </div>
            </div>

            <div class="product-in-cart">
                <div class="wrapper-product-in-cart">
                    <span>
	  			    In Cart
	  		    </span>
                </div>
            </div>

            <div class="product-info">
                <div class="product-name-wrapper">
                    <a href="/Food/Pantry/Chips-%26-Salty-Snacks/Potato-Chips/Que-Pasa-Tortilla-Chips%2C-Thin-%26-Crispy-Sea-Salt/p/20978992_EA" class="product-name" aria-label="Product page for Tortilla Chips, Thin & Crispy Sea Salt">
                        <span class="js-product-entry-brand">Que Pasa&nbsp;</span>

                        <span class="js-product-entry-name">Tortilla Chips, Thin & Crispy Sea Salt</span>

                        <span class="js-product-entry-size-detail">(300 g)</span>

                    </a>
                </div>

                <span class="ad-match-badge  hidden">Ad Match</span>

                <div class="price">
                    <div class="price-wrapper no-discount promo-alert ">
                        <span class="reg-price  price-alert" aria-label="Regular Price: $3.98">
					    <span class="reg-price-text">$3.98</span>

                        <sup class="reg-price-unit">ea</sup>
                        </span>
                        <span class="sale-price hidden" aria-label="Sale Price:">
					    <span class="sale-price-text"></span>
                        <sup class="sale-price-unit">ea</sup>
                        </span>

                        <span class="secondary-price hidden">

					    <span class="secondary-price-text" aria-label="Secondary Price:"></span>
                        </span>
                    </div>
                </div>

                <div class="qty">
                    <span class="reg-qty  price-alert">

		  		<span class="sr-only">Sale Price Per Unit:</span> $1.33 / 100 g

                    </span>

                    <span class="sale-qty hidden">

		  		<span class="sr-only">Sale Price Per Unit:</span> $1.33 / 100 g

                    </span>

                    <span class="secondary-qty hidden">

	  	<span class="secondary-qty-text"></span>
                    </span>
                </div>
            </div>

        </div>
        <form class="form-product  quickview-btn-simple" data-product-id="20978992_EA" data-min-qty="1.0" data-max-qty="999.0" data-unit-type="ea" data-cart-qty="1" data-default-qty="1" novalidate="novalidate" promoCode="" promoNumber="" data-is-customized="false" data-cart-url="/cart/product/20978992_EA" data-csrf-token="5582ec01-90c0-448b-b4f7-e2cf68d9f8a0" data-is-weighted-product="false">

            <div class="module-add-to-cart " data-change-type="plus" data-auto-edit="true" data-auto-add="true" data-cart-ajax-url="/cart/updateCart">
                <div class="wrapper-add-to-cart-btn">
                    <div class="module-add-to-cart-button-small">
                        <button type="button" class="btn btn-secondary btn-add-to-cart " data-auid="add-to-cart-button" data-has-pts-badge="false" aria-label="Add Tortilla Chips, Thin & Crispy Sea Salt to cart">
                            <span class="icon-cart"></span>
                            <span class="add-to-cart-text">
											Add</span>
                        </button>
                        <button type="button" class="btn btn-secondary btn-edit-cart hidden " aria-label="Edit Cart">
                            <span class="qty-in-cart"></span>
                            <span class="edit-cart-text">
											<spring code="product.edit.text" />"
										</span>
                        </button>
                        <div class="add-list-parent add-list-module  bottom-add-list-module ">
                            <button class="btn btn-inline-link btn-save-to-list  dark is-btn-animated" data-login-url="/account/login?productCode=20978992_EA" data-ajax-url="/restful/lists/all?productCode=20978992_EA" data-user-guest="Y" data-user-guest="Y" data-product-code="20978992_EA" data-delete-item="false" aria-label="Add Tortilla Chips, Thin & Crispy Sea Salt to a List">
                                <span class="glyphicon glyphicon-th-list"></span>
                                <div class="list-cta-text  is-btn-animated">Add to List</div>
                            </button>

                            <!-- this is the list HTML   -->
                            <div class="save-to-list-popup  is-btn-animated animation-up dark" data-save-to-list-error="Can not get lists at this time. Please try again later." data-product-name="Tortilla Chips, Thin & Crispy Sea Salt">
                                <div class="inner-container">
                                </div>

                            </div>
                        </div>

                    </div>
                </div>
            </div>

            <div class="module-plus-minus-buttons small hidden ">
                <button type="button" class="btn cart-change-qty" data-change-type="minus" data-auid="decrease-product-quantity" alt="Minus" aria-label="Minus">
                    <span class="icon-minimize"></span>
                </button>
                <div class="plus-minus-input-wrapper">
                    <input class="input-qty cart-change-qty" aria-label="Enter manual quantity" type="text" name="qty" title="Change quantity in cart" data-unit-type="ea" value="1ea" data-change-type="equals" maxlength="7">

                    <span class="input-qty-pretty">
							<span class="input-qty-pretty-value">1</span>
                    <span class="input-qty-pretty-unit"></span>
                    </span>
                </div>

                <button type="button" class="btn cart-change-qty" data-change-type="plus" data-auid="increase-product-quantity" alt="Plus" aria-label="Plus">
                    <span class="icon-plus-sign"></span>
                </button>

                <p class="deal-limit-reached hidden">Deal Limit Reached</p>

                <div class="tooltip-qty-error tooltip-qty-limit hidden">
                    <p>
                        Limit to &nbsp; 999 &nbsp;each&nbsp; per customer.</p>
                </div>
                <div class="tooltip-qty-error tooltip-round-error hidden">
                    <p>
                        We do not have this in the weight you wanted. We've rounded your order to the nearest weight increment we stock.</p>
                </div>
            </div>
        </form>

        <!-- End Template: AddToCartSmall -->

    </div>
</div>
<div class="item">

    <div class="module-grocery-product quickview-simple  clicked" data-quickview-ajax-url="/p/20972784_EA/quickViewProduct" data-product-id="20972784_EA" data-product-price="$4.58">

        <span class="subtitle"></span>

        <div class="product-page-hotspot">
            <div class="product-cell quickview-button">
                <div class="product-image ">

                    <img src="https://assets.shop.loblaws.ca/products/20972784/b1/en/front/20972784_front_a01.png" onerror="this.src='https://assets.shop.loblaws.ca/products/NoImage/b1/en/front/NoImage_front_a01_@2.png';" alt="Potato Chips, All Dressed" />

                    <div class="hover-text-container">
                        <button href="#" tabindex="0" class="hover-text " aria-label="Quick View for Potato Chips, All Dressed.">Quick View</button>
                    </div>
                </div>
            </div>

            <div class="product-in-cart">
                <div class="wrapper-product-in-cart">
                    <span>
	  			    In Cart
	  		    </span>
                </div>
            </div>

            <div class="product-info">
                <div class="product-name-wrapper">
                    <a href="/Food/Pantry/Chips-%26-Salty-Snacks/Potato-Chips/Ruffles-Potato-Chips%2C-All-Dressed/p/20972784_EA" class="product-name" aria-label="Product page for Potato Chips, All Dressed">

                        <span class="js-product-entry-name">Potato Chips, All Dressed</span>

                        <span class="js-product-entry-size-detail">(380 g)</span>

                    </a>
                </div>

                <span class="ad-match-badge  hidden">Ad Match</span>

                <div class="price">
                    <div class="price-wrapper no-discount  ">
                        <span class="reg-price  " aria-label="Regular Price: $4.58">
					    <span class="reg-price-text">$4.58</span>

                        <sup class="reg-price-unit">ea</sup>
                        </span>
                        <span class="sale-price hidden" aria-label="Sale Price:">
					    <span class="sale-price-text"></span>
                        <sup class="sale-price-unit">ea</sup>
                        </span>

                        <span class="secondary-price hidden">

					    <span class="secondary-price-text" aria-label="Secondary Price:"></span>
                        </span>
                    </div>
                </div>

                <div class="qty">
                    <span class="reg-qty  ">

		  		<span class="sr-only">Sale Price Per Unit:</span> $1.21 / 100 g

                    </span>

                    <span class="sale-qty hidden">

		  		<span class="sr-only">Sale Price Per Unit:</span> $1.21 / 100 g

                    </span>

                    <span class="secondary-qty hidden">

	  	<span class="secondary-qty-text"></span>
                    </span>
                </div>
            </div>

        </div>
        <form class="form-product  quickview-btn-simple" data-product-id="20972784_EA" data-min-qty="1.0" data-max-qty="999.0" data-unit-type="ea" data-cart-qty="1" data-default-qty="1" novalidate="novalidate" promoCode="" promoNumber="" data-is-customized="false" data-cart-url="/cart/product/20972784_EA" data-csrf-token="5582ec01-90c0-448b-b4f7-e2cf68d9f8a0" data-is-weighted-product="false">

            <div class="module-add-to-cart " data-change-type="plus" data-auto-edit="true" data-auto-add="true" data-cart-ajax-url="/cart/updateCart">
                <div class="wrapper-add-to-cart-btn">
                    <div class="module-add-to-cart-button-small">
                        <button type="button" class="btn btn-secondary btn-add-to-cart " data-auid="add-to-cart-button" data-has-pts-badge="false" aria-label="Add Potato Chips, All Dressed to cart">
                            <span class="icon-cart"></span>
                            <span class="add-to-cart-text">
											Add</span>
                        </button>
                        <button type="button" class="btn btn-secondary btn-edit-cart hidden " aria-label="Edit Cart">
                            <span class="qty-in-cart"></span>
                            <span class="edit-cart-text">
											<spring code="product.edit.text" />"
										</span>
                        </button>
                        <div class="add-list-parent add-list-module  bottom-add-list-module ">
                            <button class="btn btn-inline-link btn-save-to-list  dark is-btn-animated" data-login-url="/account/login?productCode=20972784_EA" data-ajax-url="/restful/lists/all?productCode=20972784_EA" data-user-guest="Y" data-user-guest="Y" data-product-code="20972784_EA" data-delete-item="false" aria-label="Add Potato Chips, All Dressed to a List">
                                <span class="glyphicon glyphicon-th-list"></span>
                                <div class="list-cta-text  is-btn-animated">Add to List</div>
                            </button>

                            <!-- this is the list HTML   -->
                            <div class="save-to-list-popup  is-btn-animated animation-up dark" data-save-to-list-error="Can not get lists at this time. Please try again later." data-product-name="Potato Chips, All Dressed">
                                <div class="inner-container">
                                </div>

                            </div>
                        </div>

                    </div>
                </div>
            </div>

            <div class="module-plus-minus-buttons small hidden ">
                <button type="button" class="btn cart-change-qty" data-change-type="minus" data-auid="decrease-product-quantity" alt="Minus" aria-label="Minus">
                    <span class="icon-minimize"></span>
                </button>
                <div class="plus-minus-input-wrapper">
                    <input class="input-qty cart-change-qty" aria-label="Enter manual quantity" type="text" name="qty" title="Change quantity in cart" data-unit-type="ea" value="1ea" data-change-type="equals" maxlength="7">

                    <span class="input-qty-pretty">
							<span class="input-qty-pretty-value">1</span>
                    <span class="input-qty-pretty-unit"></span>
                    </span>
                </div>

                <button type="button" class="btn cart-change-qty" data-change-type="plus" data-auid="increase-product-quantity" alt="Plus" aria-label="Plus">
                    <span class="icon-plus-sign"></span>
                </button>

                <p class="deal-limit-reached hidden">Deal Limit Reached</p>

                <div class="tooltip-qty-error tooltip-qty-limit hidden">
                    <p>
                        Limit to &nbsp; 999 &nbsp;each&nbsp; per customer.</p>
                </div>
                <div class="tooltip-qty-error tooltip-round-error hidden">
                    <p>
                        We do not have this in the weight you wanted. We've rounded your order to the nearest weight increment we stock.</p>
                </div>
            </div>
        </form>

        <!-- End Template: AddToCartSmall -->

    </div>
</div>
<div class="item">

    <div class="module-grocery-product quickview-simple  clicked" data-quickview-ajax-url="/p/21059718_EA/quickViewProduct" data-product-id="21059718_EA" data-product-price="$3.67">

        <span class="subtitle"></span>

        <div class="product-page-hotspot">
            <div class="product-cell quickview-button">
                <div class="product-image ">

                    <img src="https://assets.shop.loblaws.ca/products/21059718/b1/en/front/21059718_front_a01.png" onerror="this.src='https://assets.shop.loblaws.ca/products/NoImage/b1/en/front/NoImage_front_a01_@2.png';" alt="Multigrain Snacks, French Onion" />

                    <span class="sticker deal">
	  				        <span class="deal-badge">

	  				            <span class="module-deal-badge module-deal-badge-grid simple-save-unit "
	  						        data-deal-type="2 FOR $6.66"
	  						        data-ajax-promo-url="/simpleDeal/deals/product-tile?productCode=21059718_EA"
	  						        data-deal-id="21059718_EA">
	  						        <span class="deal-type">2 FOR $6.66</span>

                    <span class="deal-expiry">
		Exp. 12/31
	</span>

                    </span>
                    </span>
                    </span>

                    <div class="hover-text-container">
                        <button href="#" tabindex="0" class="hover-text " aria-label="Quick View for Multigrain Snacks, French Onion.">Quick View</button>
                    </div>
                </div>
            </div>

            <div class="product-in-cart">
                <div class="wrapper-product-in-cart">
                    <span>
	  			    In Cart
	  		    </span>
                </div>
            </div>

            <div class="product-info">
                <div class="product-name-wrapper">
                    <a href="/Food/Pantry/Chips-%26-Salty-Snacks/Pretzels-%26-Snack-Mixes/Sunchips-Multigrain-Snacks%2C-French-Onion/p/21059718_EA" class="product-name" aria-label="Product page for Multigrain Snacks, French Onion">
                        <span class="js-product-entry-brand">Sunchips&nbsp;</span>

                        <span class="js-product-entry-name">Multigrain Snacks, French Onion</span>

                        <span class="js-product-entry-size-detail">(225 g)</span>

                    </a>
                </div>

                <span class="ad-match-badge  hidden">Ad Match</span>

                <div class="price">
                    <div class="price-wrapper no-discount  ">
                        <span class="reg-price  " aria-label="Regular Price: $3.67">
					    <span class="reg-price-text">$3.67</span>

                        <sup class="reg-price-unit">ea</sup>
                        </span>
                        <span class="sale-price hidden" aria-label="Sale Price:">
					    <span class="sale-price-text"></span>
                        <sup class="sale-price-unit">ea</sup>
                        </span>

                        <span class="secondary-price hidden">

					    <span class="secondary-price-text" aria-label="Secondary Price:"></span>
                        </span>
                    </div>
                </div>

                <div class="qty">
                    <span class="reg-qty  ">

		  		<span class="sr-only">Sale Price Per Unit:</span> $1.63 / 100 g

                    </span>

                    <span class="sale-qty hidden">

		  		<span class="sr-only">Sale Price Per Unit:</span> $1.63 / 100 g

                    </span>

                    <span class="secondary-qty hidden">

	  	<span class="secondary-qty-text"></span>
                    </span>
                </div>
            </div>

        </div>
        <form class="form-product  quickview-btn-simple" data-product-id="21059718_EA" data-min-qty="1.0" data-max-qty="999.0" data-unit-type="ea" data-cart-qty="1" data-default-qty="1" novalidate="novalidate" promoCode="" promoNumber="" data-is-customized="false" data-cart-url="/cart/product/21059718_EA" data-csrf-token="5582ec01-90c0-448b-b4f7-e2cf68d9f8a0" data-is-weighted-product="false">

            <div class="module-add-to-cart " data-change-type="plus" data-auto-edit="true" data-auto-add="true" data-cart-ajax-url="/cart/updateCart">
                <div class="wrapper-add-to-cart-btn">
                    <div class="module-add-to-cart-button-small">
                        <button type="button" class="btn btn-secondary btn-add-to-cart " data-auid="add-to-cart-button" data-has-pts-badge="false" aria-label="Add Multigrain Snacks, French Onion to cart">
                            <span class="icon-cart"></span>
                            <span class="add-to-cart-text">
											Add</span>
                        </button>
                        <button type="button" class="btn btn-secondary btn-edit-cart hidden " aria-label="Edit Cart">
                            <span class="qty-in-cart"></span>
                            <span class="edit-cart-text">
											<spring code="product.edit.text" />"
										</span>
                        </button>
                        <div class="add-list-parent add-list-module  bottom-add-list-module ">
                            <button class="btn btn-inline-link btn-save-to-list  dark is-btn-animated" data-login-url="/account/login?productCode=21059718_EA" data-ajax-url="/restful/lists/all?productCode=21059718_EA" data-user-guest="Y" data-user-guest="Y" data-product-code="21059718_EA" data-delete-item="false" aria-label="Add Multigrain Snacks, French Onion to a List">
                                <span class="glyphicon glyphicon-th-list"></span>
                                <div class="list-cta-text  is-btn-animated">Add to List</div>
                            </button>

                            <!-- this is the list HTML   -->
                            <div class="save-to-list-popup  is-btn-animated animation-up dark" data-save-to-list-error="Can not get lists at this time. Please try again later." data-product-name="Multigrain Snacks, French Onion">
                                <div class="inner-container">
                                </div>

                            </div>
                        </div>

                    </div>
                </div>
            </div>

            <div class="module-plus-minus-buttons small hidden ">
                <button type="button" class="btn cart-change-qty" data-change-type="minus" data-auid="decrease-product-quantity" alt="Minus" aria-label="Minus">
                    <span class="icon-minimize"></span>
                </button>
                <div class="plus-minus-input-wrapper">
                    <input class="input-qty cart-change-qty" aria-label="Enter manual quantity" type="text" name="qty" title="Change quantity in cart" data-unit-type="ea" value="1ea" data-change-type="equals" maxlength="7">

                    <span class="input-qty-pretty">
							<span class="input-qty-pretty-value">1</span>
                    <span class="input-qty-pretty-unit"></span>
                    </span>
                </div>

                <button type="button" class="btn cart-change-qty" data-change-type="plus" data-auid="increase-product-quantity" alt="Plus" aria-label="Plus">
                    <span class="icon-plus-sign"></span>
                </button>

                <p class="deal-limit-reached hidden">Deal Limit Reached</p>

                <div class="tooltip-qty-error tooltip-qty-limit hidden">
                    <p>
                        Limit to &nbsp; 999 &nbsp;each&nbsp; per customer.</p>
                </div>
                <div class="tooltip-qty-error tooltip-round-error hidden">
                    <p>
                        We do not have this in the weight you wanted. We've rounded your order to the nearest weight increment we stock.</p>
                </div>
            </div>
        </form>

        <!-- End Template: AddToCartSmall -->

    </div>
</div>
<div class="item">

    <div class="module-grocery-product quickview-simple  clicked" data-quickview-ajax-url="/p/20972847_EA/quickViewProduct" data-product-id="20972847_EA" data-product-price="$4.58">

        <span class="subtitle"></span>

        <div class="product-page-hotspot">
            <div class="product-cell quickview-button">
                <div class="product-image ">

                    <img src="https://assets.shop.loblaws.ca/products/20972847/b1/en/front/20972847_front_a01.png" onerror="this.src='https://assets.shop.loblaws.ca/products/NoImage/b1/en/front/NoImage_front_a01_@2.png';" alt="Tortilla Chips, Nacho Cheese" />

                    <div class="hover-text-container">
                        <button href="#" tabindex="0" class="hover-text " aria-label="Quick View for Tortilla Chips, Nacho Cheese.">Quick View</button>
                    </div>
                </div>
            </div>

            <div class="product-in-cart">
                <div class="wrapper-product-in-cart">
                    <span>
	  			    In Cart
	  		    </span>
                </div>
            </div>

            <div class="product-info">
                <div class="product-name-wrapper">
                    <a href="/Food/Pantry/Chips-%26-Salty-Snacks/Potato-Chips/Doritos-Tortilla-Chips%2C-Nacho-Cheese/p/20972847_EA" class="product-name" aria-label="Product page for Tortilla Chips, Nacho Cheese">
                        <span class="js-product-entry-brand">Doritos&nbsp;</span>

                        <span class="js-product-entry-name">Tortilla Chips, Nacho Cheese</span>

                        <span class="js-product-entry-size-detail">(400 g)</span>

                    </a>
                </div>

                <span class="ad-match-badge  hidden">Ad Match</span>

                <div class="price">
                    <div class="price-wrapper no-discount  ">
                        <span class="reg-price  " aria-label="Regular Price: $4.58">
					    <span class="reg-price-text">$4.58</span>

                        <sup class="reg-price-unit">ea</sup>
                        </span>
                        <span class="sale-price hidden" aria-label="Sale Price:">
					    <span class="sale-price-text"></span>
                        <sup class="sale-price-unit">ea</sup>
                        </span>

                        <span class="secondary-price hidden">

					    <span class="secondary-price-text" aria-label="Secondary Price:"></span>
                        </span>
                    </div>
                </div>

                <div class="qty">
                    <span class="reg-qty  ">

		  		<span class="sr-only">Sale Price Per Unit:</span> $1.15 / 100 g

                    </span>

                    <span class="sale-qty hidden">

		  		<span class="sr-only">Sale Price Per Unit:</span> $1.15 / 100 g

                    </span>

                    <span class="secondary-qty hidden">

	  	<span class="secondary-qty-text"></span>
                    </span>
                </div>
            </div>

        </div>
        <form class="form-product  quickview-btn-simple" data-product-id="20972847_EA" data-min-qty="1.0" data-max-qty="999.0" data-unit-type="ea" data-cart-qty="1" data-default-qty="1" novalidate="novalidate" promoCode="" promoNumber="" data-is-customized="false" data-cart-url="/cart/product/20972847_EA" data-csrf-token="5582ec01-90c0-448b-b4f7-e2cf68d9f8a0" data-is-weighted-product="false">

            <div class="module-add-to-cart " data-change-type="plus" data-auto-edit="true" data-auto-add="true" data-cart-ajax-url="/cart/updateCart">
                <div class="wrapper-add-to-cart-btn">
                    <div class="module-add-to-cart-button-small">
                        <button type="button" class="btn btn-secondary btn-add-to-cart " data-auid="add-to-cart-button" data-has-pts-badge="false" aria-label="Add Tortilla Chips, Nacho Cheese to cart">
                            <span class="icon-cart"></span>
                            <span class="add-to-cart-text">
											Add</span>
                        </button>
                        <button type="button" class="btn btn-secondary btn-edit-cart hidden " aria-label="Edit Cart">
                            <span class="qty-in-cart"></span>
                            <span class="edit-cart-text">
											<spring code="product.edit.text" />"
										</span>
                        </button>
                        <div class="add-list-parent add-list-module  bottom-add-list-module ">
                            <button class="btn btn-inline-link btn-save-to-list  dark is-btn-animated" data-login-url="/account/login?productCode=20972847_EA" data-ajax-url="/restful/lists/all?productCode=20972847_EA" data-user-guest="Y" data-user-guest="Y" data-product-code="20972847_EA" data-delete-item="false" aria-label="Add Tortilla Chips, Nacho Cheese to a List">
                                <span class="glyphicon glyphicon-th-list"></span>
                                <div class="list-cta-text  is-btn-animated">Add to List</div>
                            </button>

                            <!-- this is the list HTML   -->
                            <div class="save-to-list-popup  is-btn-animated animation-up dark" data-save-to-list-error="Can not get lists at this time. Please try again later." data-product-name="Tortilla Chips, Nacho Cheese">
                                <div class="inner-container">
                                </div>

                            </div>
                        </div>

                    </div>
                </div>
            </div>

            <div class="module-plus-minus-buttons small hidden ">
                <button type="button" class="btn cart-change-qty" data-change-type="minus" data-auid="decrease-product-quantity" alt="Minus" aria-label="Minus">
                    <span class="icon-minimize"></span>
                </button>
                <div class="plus-minus-input-wrapper">
                    <input class="input-qty cart-change-qty" aria-label="Enter manual quantity" type="text" name="qty" title="Change quantity in cart" data-unit-type="ea" value="1ea" data-change-type="equals" maxlength="7">

                    <span class="input-qty-pretty">
							<span class="input-qty-pretty-value">1</span>
                    <span class="input-qty-pretty-unit"></span>
                    </span>
                </div>

                <button type="button" class="btn cart-change-qty" data-change-type="plus" data-auid="increase-product-quantity" alt="Plus" aria-label="Plus">
                    <span class="icon-plus-sign"></span>
                </button>

                <p class="deal-limit-reached hidden">Deal Limit Reached</p>

                <div class="tooltip-qty-error tooltip-qty-limit hidden">
                    <p>
                        Limit to &nbsp; 999 &nbsp;each&nbsp; per customer.</p>
                </div>
                <div class="tooltip-qty-error tooltip-round-error hidden">
                    <p>
                        We do not have this in the weight you wanted. We've rounded your order to the nearest weight increment we stock.</p>
                </div>
            </div>
        </form>

        <!-- End Template: AddToCartSmall -->

    </div>
</div>
<div class="item">

    <div class="module-grocery-product quickview-simple  clicked" data-quickview-ajax-url="/p/20964371_EA/quickViewProduct" data-product-id="20964371_EA" data-product-price="$2.47">

        <span class="subtitle"></span>

        <div class="product-page-hotspot">
            <div class="product-cell quickview-button">
                <div class="product-image ">

                    <img src="https://assets.shop.loblaws.ca/products/20964371/b1/en/front/20964371_front_a01.png" onerror="this.src='https://assets.shop.loblaws.ca/products/NoImage/b1/en/front/NoImage_front_a01_@2.png';" alt="Potato Chips, Ketchup" />

                    <span class="sticker deal">
	  				    <span class="deal-badge">
	  					    <span class="module-deal-badge module-deal-badge-feature flyer expires undefined">
	  						    <span class="deal-type">
								    Flyer<br />
	  							    Item
	  						    </span>

                    <span class="deal-expiry">
		Exp. 12/19
	</span>

                    </span>
                    </span>
                    </span>

                    <div class="hover-text-container">
                        <button href="#" tabindex="0" class="hover-text " aria-label="Quick View for Potato Chips, Ketchup.">Quick View</button>
                    </div>
                </div>
            </div>

            <div class="product-in-cart">
                <div class="wrapper-product-in-cart">
                    <span>
	  			    In Cart
	  		    </span>
                </div>
            </div>

            <div class="product-info">
                <div class="product-name-wrapper">
                    <a href="/Food/Pantry/Chips-%26-Salty-Snacks/Potato-Chips/Lay%27s-Potato-Chips%2C-Ketchup/p/20964371_EA" class="product-name" aria-label="Product page for Potato Chips, Ketchup">
                        <span class="js-product-entry-brand">Lay's&nbsp;</span>

                        <span class="js-product-entry-name">Potato Chips, Ketchup</span>

                        <span class="js-product-entry-size-detail">(255 g)</span>

                    </a>
                </div>

                <span class="ad-match-badge  hidden">Ad Match</span>

                <div class="price">
                    <div class="price-wrapper no-discount  ">
                        <span class="reg-price  " aria-label="Regular Price: $2.47">
					    <span class="reg-price-text">$2.47</span>

                        <sup class="reg-price-unit">ea</sup>
                        </span>
                        <span class="sale-price hidden" aria-label="Sale Price:">
					    <span class="sale-price-text"></span>
                        <sup class="sale-price-unit">ea</sup>
                        </span>

                        <span class="secondary-price hidden">

					    <span class="secondary-price-text" aria-label="Secondary Price:"></span>
                        </span>
                    </div>
                </div>

                <div class="qty">
                    <span class="reg-qty  ">

		  		<span class="sr-only">Sale Price Per Unit:</span> $0.97 / 100 g

                    </span>

                    <span class="sale-qty hidden">

		  		<span class="sr-only">Sale Price Per Unit:</span> $0.97 / 100 g

                    </span>

                    <span class="secondary-qty hidden">

	  	<span class="secondary-qty-text"></span>
                    </span>
                </div>
            </div>

        </div>
        <form class="form-product  quickview-btn-simple" data-product-id="20964371_EA" data-min-qty="1.0" data-max-qty="999.0" data-unit-type="ea" data-cart-qty="1" data-default-qty="1" novalidate="novalidate" promoCode="" promoNumber="" data-is-customized="false" data-cart-url="/cart/product/20964371_EA" data-csrf-token="5582ec01-90c0-448b-b4f7-e2cf68d9f8a0" data-is-weighted-product="false">

            <div class="module-add-to-cart " data-change-type="plus" data-auto-edit="true" data-auto-add="true" data-cart-ajax-url="/cart/updateCart">
                <div class="wrapper-add-to-cart-btn">
                    <div class="module-add-to-cart-button-small">
                        <button type="button" class="btn btn-secondary btn-add-to-cart " data-auid="add-to-cart-button" data-has-pts-badge="false" aria-label="Add Potato Chips, Ketchup to cart">
                            <span class="icon-cart"></span>
                            <span class="add-to-cart-text">
											Add</span>
                        </button>
                        <button type="button" class="btn btn-secondary btn-edit-cart hidden " aria-label="Edit Cart">
                            <span class="qty-in-cart"></span>
                            <span class="edit-cart-text">
											<spring code="product.edit.text" />"
										</span>
                        </button>
                        <div class="add-list-parent add-list-module  bottom-add-list-module ">
                            <button class="btn btn-inline-link btn-save-to-list  dark is-btn-animated" data-login-url="/account/login?productCode=20964371_EA" data-ajax-url="/restful/lists/all?productCode=20964371_EA" data-user-guest="Y" data-user-guest="Y" data-product-code="20964371_EA" data-delete-item="false" aria-label="Add Potato Chips, Ketchup to a List">
                                <span class="glyphicon glyphicon-th-list"></span>
                                <div class="list-cta-text  is-btn-animated">Add to List</div>
                            </button>

                            <!-- this is the list HTML   -->
                            <div class="save-to-list-popup  is-btn-animated animation-up dark" data-save-to-list-error="Can not get lists at this time. Please try again later." data-product-name="Potato Chips, Ketchup">
                                <div class="inner-container">
                                </div>

                            </div>
                        </div>

                    </div>
                </div>
            </div>

            <div class="module-plus-minus-buttons small hidden ">
                <button type="button" class="btn cart-change-qty" data-change-type="minus" data-auid="decrease-product-quantity" alt="Minus" aria-label="Minus">
                    <span class="icon-minimize"></span>
                </button>
                <div class="plus-minus-input-wrapper">
                    <input class="input-qty cart-change-qty" aria-label="Enter manual quantity" type="text" name="qty" title="Change quantity in cart" data-unit-type="ea" value="1ea" data-change-type="equals" maxlength="7">

                    <span class="input-qty-pretty">
							<span class="input-qty-pretty-value">1</span>
                    <span class="input-qty-pretty-unit"></span>
                    </span>
                </div>

                <button type="button" class="btn cart-change-qty" data-change-type="plus" data-auid="increase-product-quantity" alt="Plus" aria-label="Plus">
                    <span class="icon-plus-sign"></span>
                </button>

                <p class="deal-limit-reached hidden">Deal Limit Reached</p>

                <div class="tooltip-qty-error tooltip-qty-limit hidden">
                    <p>
                        Limit to &nbsp; 999 &nbsp;each&nbsp; per customer.</p>
                </div>
                <div class="tooltip-qty-error tooltip-round-error hidden">
                    <p>
                        We do not have this in the weight you wanted. We've rounded your order to the nearest weight increment we stock.</p>
                </div>
            </div>
        </form>

        <!-- End Template: AddToCartSmall -->

    </div>
</div>
<div class="item">

    <div class="module-grocery-product quickview-simple  clicked" data-quickview-ajax-url="/p/20788073002_EA/quickViewProduct" data-product-id="20788073002_EA" data-product-price="$3.18">

        <span class="subtitle"></span>

        <div class="product-page-hotspot">
            <div class="product-cell quickview-button">
                <div class="product-image ">

                    <img src="https://assets.shop.loblaws.ca/products/20788073002/b1/en/front/20788073002_front_a01.png" onerror="this.src='https://assets.shop.loblaws.ca/products/NoImage/b1/en/front/NoImage_front_a01_@2.png';" alt="Wavy Potato Chips, Ketchup" />

                    <span class="sticker deal">
	  				    <span class="deal-badge">
	  					    <span class="module-deal-badge module-deal-badge-feature flyer expires undefined">
	  						    <span class="deal-type">
								    Flyer<br />
	  							    Item
	  						    </span>

                    <span class="deal-expiry">
		Exp. 12/19
	</span>

                    </span>
                    </span>
                    </span>

                    <div class="hover-text-container">
                        <button href="#" tabindex="0" class="hover-text " aria-label="Quick View for Wavy Potato Chips, Ketchup.">Quick View</button>
                    </div>
                </div>
            </div>

            <div class="product-in-cart">
                <div class="wrapper-product-in-cart">
                    <span>
	  			    In Cart
	  		    </span>
                </div>
            </div>

            <div class="product-info">
                <div class="product-name-wrapper">
                    <a href="/Food/Pantry/Chips-%26-Salty-Snacks/Potato-Chips/Lay%27s-WAVY-Wavy-Potato-Chips%2C-Ketchup/p/20788073002_EA" class="product-name" aria-label="Product page for Wavy Potato Chips, Ketchup">
                        <span class="js-product-entry-brand">Lay's&nbsp;</span>

                        <span class="js-product-entry-name">Wavy Potato Chips, Ketchup</span>

                        <span class="js-product-entry-size-detail">(255 g)</span>

                    </a>
                </div>

                <span class="ad-match-badge  hidden">Ad Match</span>

                <div class="price">
                    <div class="price-wrapper no-discount  ">
                        <span class="reg-price  " aria-label="Regular Price: $3.18">
					    <span class="reg-price-text">$3.18</span>

                        <sup class="reg-price-unit">ea</sup>
                        </span>
                        <span class="sale-price hidden" aria-label="Sale Price:">
					    <span class="sale-price-text"></span>
                        <sup class="sale-price-unit">ea</sup>
                        </span>

                        <span class="secondary-price hidden">

					    <span class="secondary-price-text" aria-label="Secondary Price:"></span>
                        </span>
                    </div>
                </div>

                <div class="qty">
                    <span class="reg-qty  ">

		  		<span class="sr-only">Sale Price Per Unit:</span> $1.25 / 100 g

                    </span>

                    <span class="sale-qty hidden">

		  		<span class="sr-only">Sale Price Per Unit:</span> $1.25 / 100 g

                    </span>

                    <span class="secondary-qty hidden">

	  	<span class="secondary-qty-text"></span>
                    </span>
                </div>
            </div>

        </div>
        <form class="form-product  quickview-btn-simple" data-product-id="20788073002_EA" data-min-qty="1.0" data-max-qty="999.0" data-unit-type="ea" data-cart-qty="1" data-default-qty="1" novalidate="novalidate" promoCode="" promoNumber="" data-is-customized="false" data-cart-url="/cart/product/20788073002_EA" data-csrf-token="5582ec01-90c0-448b-b4f7-e2cf68d9f8a0" data-is-weighted-product="false">

            <div class="module-add-to-cart " data-change-type="plus" data-auto-edit="true" data-auto-add="true" data-cart-ajax-url="/cart/updateCart">
                <div class="wrapper-add-to-cart-btn">
                    <div class="module-add-to-cart-button-small">
                        <button type="button" class="btn btn-secondary btn-add-to-cart " data-auid="add-to-cart-button" data-has-pts-badge="false" aria-label="Add Wavy Potato Chips, Ketchup to cart">
                            <span class="icon-cart"></span>
                            <span class="add-to-cart-text">
											Add</span>
                        </button>
                        <button type="button" class="btn btn-secondary btn-edit-cart hidden " aria-label="Edit Cart">
                            <span class="qty-in-cart"></span>
                            <span class="edit-cart-text">
											<spring code="product.edit.text" />"
										</span>
                        </button>
                        <div class="add-list-parent add-list-module  bottom-add-list-module ">
                            <button class="btn btn-inline-link btn-save-to-list  dark is-btn-animated" data-login-url="/account/login?productCode=20788073002_EA" data-ajax-url="/restful/lists/all?productCode=20788073002_EA" data-user-guest="Y" data-user-guest="Y" data-product-code="20788073002_EA" data-delete-item="false" aria-label="Add Wavy Potato Chips, Ketchup to a List">
                                <span class="glyphicon glyphicon-th-list"></span>
                                <div class="list-cta-text  is-btn-animated">Add to List</div>
                            </button>

                            <!-- this is the list HTML   -->
                            <div class="save-to-list-popup  is-btn-animated animation-up dark" data-save-to-list-error="Can not get lists at this time. Please try again later." data-product-name="Wavy Potato Chips, Ketchup">
                                <div class="inner-container">
                                </div>

                            </div>
                        </div>

                    </div>
                </div>
            </div>

            <div class="module-plus-minus-buttons small hidden ">
                <button type="button" class="btn cart-change-qty" data-change-type="minus" data-auid="decrease-product-quantity" alt="Minus" aria-label="Minus">
                    <span class="icon-minimize"></span>
                </button>
                <div class="plus-minus-input-wrapper">
                    <input class="input-qty cart-change-qty" aria-label="Enter manual quantity" type="text" name="qty" title="Change quantity in cart" data-unit-type="ea" value="1ea" data-change-type="equals" maxlength="7">

                    <span class="input-qty-pretty">
							<span class="input-qty-pretty-value">1</span>
                    <span class="input-qty-pretty-unit"></span>
                    </span>
                </div>

                <button type="button" class="btn cart-change-qty" data-change-type="plus" data-auid="increase-product-quantity" alt="Plus" aria-label="Plus">
                    <span class="icon-plus-sign"></span>
                </button>

                <p class="deal-limit-reached hidden">Deal Limit Reached</p>

                <div class="tooltip-qty-error tooltip-qty-limit hidden">
                    <p>
                        Limit to &nbsp; 999 &nbsp;each&nbsp; per customer.</p>
                </div>
                <div class="tooltip-qty-error tooltip-round-error hidden">
                    <p>
                        We do not have this in the weight you wanted. We've rounded your order to the nearest weight increment we stock.</p>
                </div>
            </div>
        </form>

        <!-- End Template: AddToCartSmall -->

    </div>
</div>
<div class="item">

    <div class="module-grocery-product quickview-simple  clicked" data-quickview-ajax-url="/p/20503479001_EA/quickViewProduct" data-product-id="20503479001_EA" data-product-price="$3.28">

        <span class="subtitle"></span>

        <div class="product-page-hotspot">
            <div class="product-cell quickview-button">
                <div class="product-image ">

                    <img src="https://assets.shop.loblaws.ca/products/20503479001/b1/en/front/20503479001_front_a01.png" onerror="this.src='https://assets.shop.loblaws.ca/products/NoImage/b1/en/front/NoImage_front_a01_@2.png';" alt="Dutch Crunch Kettle Chips, Original" />

                    <div class="hover-text-container">
                        <button href="#" tabindex="0" class="hover-text " aria-label="Quick View for Dutch Crunch Kettle Chips, Original.">Quick View</button>
                    </div>
                </div>
            </div>

            <div class="product-in-cart">
                <div class="wrapper-product-in-cart">
                    <span>
	  			    In Cart
	  		    </span>
                </div>
            </div>

            <div class="product-info">
                <div class="product-name-wrapper">
                    <a href="/Food/Pantry/Chips-%26-Salty-Snacks/Potato-Chips/Dutch-Crunch-Kettle-Chips%2C-Original/p/20503479001_EA" class="product-name" aria-label="Product page for Dutch Crunch Kettle Chips, Original">
                        <span class="js-product-entry-brand">Old Dutch&nbsp;</span>

                        <span class="js-product-entry-subbrand">DUTCH CRUNCH&nbsp;</span>

                        <span class="js-product-entry-name">Dutch Crunch Kettle Chips, Original</span>

                        <span class="js-product-entry-size-detail">(200 g)</span>

                    </a>
                </div>

                <span class="ad-match-badge  hidden">Ad Match</span>

                <div class="price">
                    <div class="price-wrapper no-discount  ">
                        <span class="reg-price  " aria-label="Regular Price: $3.28">
					    <span class="reg-price-text">$3.28</span>

                        <sup class="reg-price-unit">ea</sup>
                        </span>
                        <span class="sale-price hidden" aria-label="Sale Price:">
					    <span class="sale-price-text"></span>
                        <sup class="sale-price-unit">ea</sup>
                        </span>

                        <span class="secondary-price hidden">

					    <span class="secondary-price-text" aria-label="Secondary Price:"></span>
                        </span>
                    </div>
                </div>

                <div class="qty">
                    <span class="reg-qty  ">

		  		<span class="sr-only">Sale Price Per Unit:</span> $1.64 / 100 g

                    </span>

                    <span class="sale-qty hidden">

		  		<span class="sr-only">Sale Price Per Unit:</span> $1.64 / 100 g

                    </span>

                    <span class="secondary-qty hidden">

	  	<span class="secondary-qty-text"></span>
                    </span>
                </div>
            </div>

        </div>
        <form class="form-product  quickview-btn-simple" data-product-id="20503479001_EA" data-min-qty="1.0" data-max-qty="999.0" data-unit-type="ea" data-cart-qty="1" data-default-qty="1" novalidate="novalidate" promoCode="" promoNumber="" data-is-customized="false" data-cart-url="/cart/product/20503479001_EA" data-csrf-token="5582ec01-90c0-448b-b4f7-e2cf68d9f8a0" data-is-weighted-product="false">

            <div class="module-add-to-cart " data-change-type="plus" data-auto-edit="true" data-auto-add="true" data-cart-ajax-url="/cart/updateCart">
                <div class="wrapper-add-to-cart-btn">
                    <div class="module-add-to-cart-button-small">
                        <button type="button" class="btn btn-secondary btn-add-to-cart " data-auid="add-to-cart-button" data-has-pts-badge="false" aria-label="Add Dutch Crunch Kettle Chips, Original to cart">
                            <span class="icon-cart"></span>
                            <span class="add-to-cart-text">
											Add</span>
                        </button>
                        <button type="button" class="btn btn-secondary btn-edit-cart hidden " aria-label="Edit Cart">
                            <span class="qty-in-cart"></span>
                            <span class="edit-cart-text">
											<spring code="product.edit.text" />"
										</span>
                        </button>
                        <div class="add-list-parent add-list-module  bottom-add-list-module ">
                            <button class="btn btn-inline-link btn-save-to-list  dark is-btn-animated" data-login-url="/account/login?productCode=20503479001_EA" data-ajax-url="/restful/lists/all?productCode=20503479001_EA" data-user-guest="Y" data-user-guest="Y" data-product-code="20503479001_EA" data-delete-item="false" aria-label="Add Dutch Crunch Kettle Chips, Original to a List">
                                <span class="glyphicon glyphicon-th-list"></span>
                                <div class="list-cta-text  is-btn-animated">Add to List</div>
                            </button>

                            <!-- this is the list HTML   -->
                            <div class="save-to-list-popup  is-btn-animated animation-up dark" data-save-to-list-error="Can not get lists at this time. Please try again later." data-product-name="Dutch Crunch Kettle Chips, Original">
                                <div class="inner-container">
                                </div>

                            </div>
                        </div>

                    </div>
                </div>
            </div>

            <div class="module-plus-minus-buttons small hidden ">
                <button type="button" class="btn cart-change-qty" data-change-type="minus" data-auid="decrease-product-quantity" alt="Minus" aria-label="Minus">
                    <span class="icon-minimize"></span>
                </button>
                <div class="plus-minus-input-wrapper">
                    <input class="input-qty cart-change-qty" aria-label="Enter manual quantity" type="text" name="qty" title="Change quantity in cart" data-unit-type="ea" value="1ea" data-change-type="equals" maxlength="7">

                    <span class="input-qty-pretty">
							<span class="input-qty-pretty-value">1</span>
                    <span class="input-qty-pretty-unit"></span>
                    </span>
                </div>

                <button type="button" class="btn cart-change-qty" data-change-type="plus" data-auid="increase-product-quantity" alt="Plus" aria-label="Plus">
                    <span class="icon-plus-sign"></span>
                </button>

                <p class="deal-limit-reached hidden">Deal Limit Reached</p>

                <div class="tooltip-qty-error tooltip-qty-limit hidden">
                    <p>
                        Limit to &nbsp; 999 &nbsp;each&nbsp; per customer.</p>
                </div>
                <div class="tooltip-qty-error tooltip-round-error hidden">
                    <p>
                        We do not have this in the weight you wanted. We've rounded your order to the nearest weight increment we stock.</p>
                </div>
            </div>
        </form>

        <!-- End Template: AddToCartSmall -->

    </div>
</div>
<div class="item">

    <div class="module-grocery-product quickview-simple  clicked" data-quickview-ajax-url="/p/20797306001_EA/quickViewProduct" data-product-id="20797306001_EA" data-product-price="$1.69">

        <span class="subtitle"></span>

        <div class="product-page-hotspot">
            <div class="product-cell quickview-button">
                <div class="product-image ">

                    <img src="https://assets.shop.loblaws.ca/products/20797306001/b1/en/front/20797306001_front_a01.png" onerror="this.src='https://assets.shop.loblaws.ca/products/NoImage/b1/en/front/NoImage_front_a01_@2.png';" alt="Potato Chips, Classic" />

                    <div class="hover-text-container">
                        <button href="#" tabindex="0" class="hover-text " aria-label="Quick View for Potato Chips, Classic.">Quick View</button>
                    </div>
                </div>
            </div>

            <div class="product-in-cart">
                <div class="wrapper-product-in-cart">
                    <span>
	  			    In Cart
	  		    </span>
                </div>
            </div>

            <div class="product-info">
                <div class="product-name-wrapper">
                    <a href="/Food/Pantry/Chips-%26-Salty-Snacks/Potato-Chips/Potato-Chips%2C-Classic/p/20797306001_EA" class="product-name" aria-label="Product page for Potato Chips, Classic">
                        <span class="js-product-entry-brand">Lay's&nbsp;</span>

                        <span class="js-product-entry-name">Potato Chips, Classic</span>

                        <span class="js-product-entry-size-detail">(66 g)</span>

                    </a>
                </div>

                <span class="ad-match-badge  hidden">Ad Match</span>

                <div class="price">
                    <div class="price-wrapper no-discount  ">
                        <span class="reg-price  " aria-label="Regular Price: $1.69">
					    <span class="reg-price-text">$1.69</span>

                        <sup class="reg-price-unit">ea</sup>
                        </span>
                        <span class="sale-price hidden" aria-label="Sale Price:">
					    <span class="sale-price-text"></span>
                        <sup class="sale-price-unit">ea</sup>
                        </span>

                        <span class="secondary-price hidden">

					    <span class="secondary-price-text" aria-label="Secondary Price:"></span>
                        </span>
                    </div>
                </div>

                <div class="qty">
                    <span class="reg-qty  ">

		  		<span class="sr-only">Sale Price Per Unit:</span> $2.56 / 100 g

                    </span>

                    <span class="sale-qty hidden">

		  		<span class="sr-only">Sale Price Per Unit:</span> $2.56 / 100 g

                    </span>

                    <span class="secondary-qty hidden">

	  	<span class="secondary-qty-text"></span>
                    </span>
                </div>
            </div>

        </div>
        <form class="form-product  quickview-btn-simple" data-product-id="20797306001_EA" data-min-qty="1.0" data-max-qty="999.0" data-unit-type="ea" data-cart-qty="1" data-default-qty="1" novalidate="novalidate" promoCode="" promoNumber="" data-is-customized="false" data-cart-url="/cart/product/20797306001_EA" data-csrf-token="5582ec01-90c0-448b-b4f7-e2cf68d9f8a0" data-is-weighted-product="false">

            <div class="module-add-to-cart " data-change-type="plus" data-auto-edit="true" data-auto-add="true" data-cart-ajax-url="/cart/updateCart">
                <div class="wrapper-add-to-cart-btn">
                    <div class="module-add-to-cart-button-small">
                        <button type="button" class="btn btn-secondary btn-add-to-cart " data-auid="add-to-cart-button" data-has-pts-badge="false" aria-label="Add Potato Chips, Classic to cart">
                            <span class="icon-cart"></span>
                            <span class="add-to-cart-text">
											Add</span>
                        </button>
                        <button type="button" class="btn btn-secondary btn-edit-cart hidden " aria-label="Edit Cart">
                            <span class="qty-in-cart"></span>
                            <span class="edit-cart-text">
											<spring code="product.edit.text" />"
										</span>
                        </button>
                        <div class="add-list-parent add-list-module  bottom-add-list-module ">
                            <button class="btn btn-inline-link btn-save-to-list  dark is-btn-animated" data-login-url="/account/login?productCode=20797306001_EA" data-ajax-url="/restful/lists/all?productCode=20797306001_EA" data-user-guest="Y" data-user-guest="Y" data-product-code="20797306001_EA" data-delete-item="false" aria-label="Add Potato Chips, Classic to a List">
                                <span class="glyphicon glyphicon-th-list"></span>
                                <div class="list-cta-text  is-btn-animated">Add to List</div>
                            </button>

                            <!-- this is the list HTML   -->
                            <div class="save-to-list-popup  is-btn-animated animation-up dark" data-save-to-list-error="Can not get lists at this time. Please try again later." data-product-name="Potato Chips, Classic">
                                <div class="inner-container">
                                </div>

                            </div>
                        </div>

                    </div>
                </div>
            </div>

            <div class="module-plus-minus-buttons small hidden ">
                <button type="button" class="btn cart-change-qty" data-change-type="minus" data-auid="decrease-product-quantity" alt="Minus" aria-label="Minus">
                    <span class="icon-minimize"></span>
                </button>
                <div class="plus-minus-input-wrapper">
                    <input class="input-qty cart-change-qty" aria-label="Enter manual quantity" type="text" name="qty" title="Change quantity in cart" data-unit-type="ea" value="1ea" data-change-type="equals" maxlength="7">

                    <span class="input-qty-pretty">
							<span class="input-qty-pretty-value">1</span>
                    <span class="input-qty-pretty-unit"></span>
                    </span>
                </div>

                <button type="button" class="btn cart-change-qty" data-change-type="plus" data-auid="increase-product-quantity" alt="Plus" aria-label="Plus">
                    <span class="icon-plus-sign"></span>
                </button>

                <p class="deal-limit-reached hidden">Deal Limit Reached</p>

                <div class="tooltip-qty-error tooltip-qty-limit hidden">
                    <p>
                        Limit to &nbsp; 999 &nbsp;each&nbsp; per customer.</p>
                </div>
                <div class="tooltip-qty-error tooltip-round-error hidden">
                    <p>
                        We do not have this in the weight you wanted. We've rounded your order to the nearest weight increment we stock.</p>
                </div>
            </div>
        </form>

        <!-- End Template: AddToCartSmall -->

    </div>
</div>
<div class="item">

    <div class="module-grocery-product quickview-simple  clicked" data-quickview-ajax-url="/p/20946463_EA/quickViewProduct" data-product-id="20946463_EA" data-product-price="$1.28">

        <span class="subtitle"></span>

        <div class="product-page-hotspot">
            <div class="product-cell quickview-button">
                <div class="product-image ">

                    <img src="https://assets.shop.loblaws.ca/products/20946463/b1/en/front/20946463_front_a01.png" onerror="this.src='https://assets.shop.loblaws.ca/products/NoImage/b1/en/front/NoImage_front_a01_@2.png';" alt="Potato Crisps, BBQ" />

                    <span class="sticker deal">
	  				        <span class="deal-badge">

	  				            <span class="module-deal-badge module-deal-badge-grid simple-save-unit "
	  						        data-deal-type="3 FOR $3.45"
	  						        data-ajax-promo-url="/simpleDeal/deals/product-tile?productCode=20946463_EA"
	  						        data-deal-id="20946463_EA">
	  						        <span class="deal-type">3 FOR $3.45</span>

                    <span class="deal-expiry">
		Exp. 12/31
	</span>

                    </span>
                    </span>
                    </span>

                    <div class="hover-text-container">
                        <button href="#" tabindex="0" class="hover-text " aria-label="Quick View for Potato Crisps, BBQ.">Quick View</button>
                    </div>
                </div>
            </div>

            <div class="product-in-cart">
                <div class="wrapper-product-in-cart">
                    <span>
	  			    In Cart
	  		    </span>
                </div>
            </div>

            <div class="product-info">
                <div class="product-name-wrapper">
                    <a href="/Food/Pantry/Chips-%26-Salty-Snacks/Potato-Chips/No-Name-Potato-Crisps%2C-BBQ/p/20946463_EA" class="product-name" aria-label="Product page for Potato Crisps, BBQ">
                        <span class="js-product-entry-brand">No Name&nbsp;</span>

                        <span class="js-product-entry-name">Potato Crisps, BBQ</span>

                        <span class="js-product-entry-size-detail">(142 g)</span>

                    </a>
                </div>

                <span class="ad-match-badge  hidden">Ad Match</span>

                <div class="price">
                    <div class="price-wrapper no-discount  ">
                        <span class="reg-price  " aria-label="Regular Price: $1.28">
					    <span class="reg-price-text">$1.28</span>

                        <sup class="reg-price-unit">ea</sup>
                        </span>
                        <span class="sale-price hidden" aria-label="Sale Price:">
					    <span class="sale-price-text"></span>
                        <sup class="sale-price-unit">ea</sup>
                        </span>

                        <span class="secondary-price hidden">

					    <span class="secondary-price-text" aria-label="Secondary Price:"></span>
                        </span>
                    </div>
                </div>

                <div class="qty">
                    <span class="reg-qty  ">

		  		<span class="sr-only">Sale Price Per Unit:</span> $0.90 / 100 g

                    </span>

                    <span class="sale-qty hidden">

		  		<span class="sr-only">Sale Price Per Unit:</span> $0.90 / 100 g

                    </span>

                    <span class="secondary-qty hidden">

	  	<span class="secondary-qty-text"></span>
                    </span>
                </div>
            </div>

        </div>
        <form class="form-product  quickview-btn-simple" data-product-id="20946463_EA" data-min-qty="1.0" data-max-qty="999.0" data-unit-type="ea" data-cart-qty="1" data-default-qty="1" novalidate="novalidate" promoCode="" promoNumber="" data-is-customized="false" data-cart-url="/cart/product/20946463_EA" data-csrf-token="5582ec01-90c0-448b-b4f7-e2cf68d9f8a0" data-is-weighted-product="false">

            <div class="module-add-to-cart " data-change-type="plus" data-auto-edit="true" data-auto-add="true" data-cart-ajax-url="/cart/updateCart">
                <div class="wrapper-add-to-cart-btn">
                    <div class="module-add-to-cart-button-small">
                        <button type="button" class="btn btn-secondary btn-add-to-cart " data-auid="add-to-cart-button" data-has-pts-badge="false" aria-label="Add Potato Crisps, BBQ to cart">
                            <span class="icon-cart"></span>
                            <span class="add-to-cart-text">
											Add</span>
                        </button>
                        <button type="button" class="btn btn-secondary btn-edit-cart hidden " aria-label="Edit Cart">
                            <span class="qty-in-cart"></span>
                            <span class="edit-cart-text">
											<spring code="product.edit.text" />"
										</span>
                        </button>
                        <div class="add-list-parent add-list-module  bottom-add-list-module ">
                            <button class="btn btn-inline-link btn-save-to-list  dark is-btn-animated" data-login-url="/account/login?productCode=20946463_EA" data-ajax-url="/restful/lists/all?productCode=20946463_EA" data-user-guest="Y" data-user-guest="Y" data-product-code="20946463_EA" data-delete-item="false" aria-label="Add Potato Crisps, BBQ to a List">
                                <span class="glyphicon glyphicon-th-list"></span>
                                <div class="list-cta-text  is-btn-animated">Add to List</div>
                            </button>

                            <!-- this is the list HTML   -->
                            <div class="save-to-list-popup  is-btn-animated animation-up dark" data-save-to-list-error="Can not get lists at this time. Please try again later." data-product-name="Potato Crisps, BBQ">
                                <div class="inner-container">
                                </div>

                            </div>
                        </div>

                    </div>
                </div>
            </div>

            <div class="module-plus-minus-buttons small hidden ">
                <button type="button" class="btn cart-change-qty" data-change-type="minus" data-auid="decrease-product-quantity" alt="Minus" aria-label="Minus">
                    <span class="icon-minimize"></span>
                </button>
                <div class="plus-minus-input-wrapper">
                    <input class="input-qty cart-change-qty" aria-label="Enter manual quantity" type="text" name="qty" title="Change quantity in cart" data-unit-type="ea" value="1ea" data-change-type="equals" maxlength="7">

                    <span class="input-qty-pretty">
							<span class="input-qty-pretty-value">1</span>
                    <span class="input-qty-pretty-unit"></span>
                    </span>
                </div>

                <button type="button" class="btn cart-change-qty" data-change-type="plus" data-auid="increase-product-quantity" alt="Plus" aria-label="Plus">
                    <span class="icon-plus-sign"></span>
                </button>

                <p class="deal-limit-reached hidden">Deal Limit Reached</p>

                <div class="tooltip-qty-error tooltip-qty-limit hidden">
                    <p>
                        Limit to &nbsp; 999 &nbsp;each&nbsp; per customer.</p>
                </div>
                <div class="tooltip-qty-error tooltip-round-error hidden">
                    <p>
                        We do not have this in the weight you wanted. We've rounded your order to the nearest weight increment we stock.</p>
                </div>
            </div>
        </form>

        <!-- End Template: AddToCartSmall -->

    </div>
</div>
<div class="item">

    <div class="module-grocery-product quickview-simple  clicked" data-quickview-ajax-url="/p/21028591_EA/quickViewProduct" data-product-id="21028591_EA" data-product-price="$3.28">

        <span class="subtitle"></span>

        <div class="product-page-hotspot">
            <div class="product-cell quickview-button">
                <div class="product-image ">

                    <img src="https://assets.shop.loblaws.ca/products/21028591/b1/en/front/21028591_front_a01.png" onerror="this.src='https://assets.shop.loblaws.ca/products/NoImage/b1/en/front/NoImage_front_a01_@2.png';" alt="Ridges Potato Chips, Tangy BBQ" />

                    <span class="sticker deal">
	  				        <span class="deal-badge">

	  				            <span class="module-deal-badge module-deal-badge-grid simple-save-unit "
	  						        data-deal-type="2 FOR $5.90"
	  						        data-ajax-promo-url="/simpleDeal/deals/product-tile?productCode=21028591_EA"
	  						        data-deal-id="21028591_EA">
	  						        <span class="deal-type">2 FOR $5.90</span>

                    <span class="deal-expiry">
		Exp. 12/31
	</span>

                    </span>
                    </span>
                    </span>

                    <div class="hover-text-container">
                        <button href="#" tabindex="0" class="hover-text " aria-label="Quick View for Ridges Potato Chips, Tangy BBQ.">Quick View</button>
                    </div>
                </div>
            </div>

            <div class="product-in-cart">
                <div class="wrapper-product-in-cart">
                    <span>
	  			    In Cart
	  		    </span>
                </div>
            </div>

            <div class="product-info">
                <div class="product-name-wrapper">
                    <a href="/Food/Pantry/Chips-%26-Salty-Snacks/Potato-Chips/Popchips-Ridges-Potato-Chips%2C-Tangy-BBQ/p/21028591_EA" class="product-name" aria-label="Product page for Ridges Potato Chips, Tangy BBQ">
                        <span class="js-product-entry-brand">Popchips&nbsp;</span>

                        <span class="js-product-entry-name">Ridges Potato Chips, Tangy BBQ</span>

                        <span class="js-product-entry-size-detail">(85 g)</span>

                    </a>
                </div>

                <span class="ad-match-badge  hidden">Ad Match</span>

                <div class="price">
                    <div class="price-wrapper no-discount  ">
                        <span class="reg-price  " aria-label="Regular Price: $3.28">
					    <span class="reg-price-text">$3.28</span>

                        <sup class="reg-price-unit">ea</sup>
                        </span>
                        <span class="sale-price hidden" aria-label="Sale Price:">
					    <span class="sale-price-text"></span>
                        <sup class="sale-price-unit">ea</sup>
                        </span>

                        <span class="secondary-price hidden">

					    <span class="secondary-price-text" aria-label="Secondary Price:"></span>
                        </span>
                    </div>
                </div>

                <div class="qty">
                    <span class="reg-qty  ">

		  		<span class="sr-only">Sale Price Per Unit:</span> $3.86 / 100 g

                    </span>

                    <span class="sale-qty hidden">

		  		<span class="sr-only">Sale Price Per Unit:</span> $3.86 / 100 g

                    </span>

                    <span class="secondary-qty hidden">

	  	<span class="secondary-qty-text"></span>
                    </span>
                </div>
            </div>

        </div>
        <form class="form-product  quickview-btn-simple" data-product-id="21028591_EA" data-min-qty="1.0" data-max-qty="999.0" data-unit-type="ea" data-cart-qty="1" data-default-qty="1" novalidate="novalidate" promoCode="" promoNumber="" data-is-customized="false" data-cart-url="/cart/product/21028591_EA" data-csrf-token="5582ec01-90c0-448b-b4f7-e2cf68d9f8a0" data-is-weighted-product="false">

            <div class="module-add-to-cart " data-change-type="plus" data-auto-edit="true" data-auto-add="true" data-cart-ajax-url="/cart/updateCart">
                <div class="wrapper-add-to-cart-btn">
                    <div class="module-add-to-cart-button-small">
                        <button type="button" class="btn btn-secondary btn-add-to-cart " data-auid="add-to-cart-button" data-has-pts-badge="false" aria-label="Add Ridges Potato Chips, Tangy BBQ to cart">
                            <span class="icon-cart"></span>
                            <span class="add-to-cart-text">
											Add</span>
                        </button>
                        <button type="button" class="btn btn-secondary btn-edit-cart hidden " aria-label="Edit Cart">
                            <span class="qty-in-cart"></span>
                            <span class="edit-cart-text">
											<spring code="product.edit.text" />"
										</span>
                        </button>
                        <div class="add-list-parent add-list-module  bottom-add-list-module ">
                            <button class="btn btn-inline-link btn-save-to-list  dark is-btn-animated" data-login-url="/account/login?productCode=21028591_EA" data-ajax-url="/restful/lists/all?productCode=21028591_EA" data-user-guest="Y" data-user-guest="Y" data-product-code="21028591_EA" data-delete-item="false" aria-label="Add Ridges Potato Chips, Tangy BBQ to a List">
                                <span class="glyphicon glyphicon-th-list"></span>
                                <div class="list-cta-text  is-btn-animated">Add to List</div>
                            </button>

                            <!-- this is the list HTML   -->
                            <div class="save-to-list-popup  is-btn-animated animation-up dark" data-save-to-list-error="Can not get lists at this time. Please try again later." data-product-name="Ridges Potato Chips, Tangy BBQ">
                                <div class="inner-container">
                                </div>

                            </div>
                        </div>

                    </div>
                </div>
            </div>

            <div class="module-plus-minus-buttons small hidden ">
                <button type="button" class="btn cart-change-qty" data-change-type="minus" data-auid="decrease-product-quantity" alt="Minus" aria-label="Minus">
                    <span class="icon-minimize"></span>
                </button>
                <div class="plus-minus-input-wrapper">
                    <input class="input-qty cart-change-qty" aria-label="Enter manual quantity" type="text" name="qty" title="Change quantity in cart" data-unit-type="ea" value="1ea" data-change-type="equals" maxlength="7">

                    <span class="input-qty-pretty">
							<span class="input-qty-pretty-value">1</span>
                    <span class="input-qty-pretty-unit"></span>
                    </span>
                </div>

                <button type="button" class="btn cart-change-qty" data-change-type="plus" data-auid="increase-product-quantity" alt="Plus" aria-label="Plus">
                    <span class="icon-plus-sign"></span>
                </button>

                <p class="deal-limit-reached hidden">Deal Limit Reached</p>

                <div class="tooltip-qty-error tooltip-qty-limit hidden">
                    <p>
                        Limit to &nbsp; 999 &nbsp;each&nbsp; per customer.</p>
                </div>
                <div class="tooltip-qty-error tooltip-round-error hidden">
                    <p>
                        We do not have this in the weight you wanted. We've rounded your order to the nearest weight increment we stock.</p>
                </div>
            </div>
        </form>

        <!-- End Template: AddToCartSmall -->

    </div>
</div>
<div class="item">

    <div class="module-grocery-product quickview-simple  clicked" data-quickview-ajax-url="/p/20810497001_EA/quickViewProduct" data-product-id="20810497001_EA" data-product-price="$1.68">

        <span class="subtitle"></span>

        <div class="product-page-hotspot">
            <div class="product-cell quickview-button">
                <div class="product-image ">

                    <img src="https://assets.shop.loblaws.ca/products/20810497001/b1/en/front/20810497001_front_a01.png" onerror="this.src='https://assets.shop.loblaws.ca/products/NoImage/b1/en/front/NoImage_front_a01_@2.png';" alt="Kettle Cooked Potato Chips, Original" />

                    <span class="sticker deal">
	  				        <span class="deal-badge">

	  				            <span class="module-deal-badge module-deal-badge-grid simple-save-unit "
	  						        data-deal-type="SAVE $0.80"
	  						        data-ajax-promo-url="/simpleDeal/deals/product-tile?productCode=20810497001_EA"
	  						        data-deal-id="20810497001_EA">
	  						        <span class="deal-type">SAVE $0.80</span>

                    <span class="deal-expiry">
		Exp. 01/03
	</span>

                    </span>
                    </span>
                    </span>

                    <div class="hover-text-container">
                        <button href="#" tabindex="0" class="hover-text " aria-label="Quick View for Kettle Cooked Potato Chips, Original.">Quick View</button>
                    </div>
                </div>
            </div>

            <div class="product-in-cart">
                <div class="wrapper-product-in-cart">
                    <span>
	  			    In Cart
	  		    </span>
                </div>
            </div>

            <div class="product-info">
                <div class="product-name-wrapper">
                    <a href="/Food/Pantry/Chips-%26-Salty-Snacks/Potato-Chips/Kettle-Cooked-Potato-Chips%2C-Original/p/20810497001_EA" class="product-name" aria-label="Product page for Kettle Cooked Potato Chips, Original">
                        <span class="js-product-entry-brand">President's Choice&nbsp;</span>

                        <span class="js-product-entry-name">Kettle Cooked Potato Chips, Original</span>

                        <span class="js-product-entry-size-detail">(220 g)</span>

                    </a>
                </div>

                <span class="ad-match-badge  hidden">Ad Match</span>

                <div class="price">
                    <div class="price-wrapper discount promo-alert ">
                        <span class="reg-price  price-alert" aria-label="Regular Price: $1.68">
					    <span class="reg-price-text">$1.68</span>

                        <sup class="reg-price-unit">ea</sup>
                        </span>
                        <span class="sale-price hidden" aria-label="Sale Price:">
					    <span class="sale-price-text"></span>
                        <sup class="sale-price-unit">ea</sup>
                        </span>

                        <span class="old-price" aria-label="Original Price: $2.48">
						    <span class="old-price-text">$2.48</span>
                        </span>

                        <span class="secondary-price hidden">

					    <span class="secondary-price-text" aria-label="Secondary Price:"></span>
                        </span>
                    </div>
                </div>

                <div class="qty">
                    <span class="reg-qty  price-alert">

		  		<span class="sr-only">Sale Price Per Unit:</span> $0.76 / 100 g

                    </span>

                    <span class="sale-qty hidden">

		  		<span class="sr-only">Sale Price Per Unit:</span> $0.76 / 100 g

                    </span>

                    <span class="secondary-qty hidden">

	  	<span class="secondary-qty-text"></span>
                    </span>
                </div>
            </div>

        </div>
        <form class="form-product  quickview-btn-simple" data-product-id="20810497001_EA" data-min-qty="1.0" data-max-qty="999.0" data-unit-type="ea" data-cart-qty="1" data-default-qty="1" novalidate="novalidate" promoCode="" promoNumber="" data-is-customized="false" data-cart-url="/cart/product/20810497001_EA" data-csrf-token="5582ec01-90c0-448b-b4f7-e2cf68d9f8a0" data-is-weighted-product="false">

            <div class="module-add-to-cart " data-change-type="plus" data-auto-edit="true" data-auto-add="true" data-cart-ajax-url="/cart/updateCart">
                <div class="wrapper-add-to-cart-btn">
                    <div class="module-add-to-cart-button-small">
                        <button type="button" class="btn btn-secondary btn-add-to-cart " data-auid="add-to-cart-button" data-has-pts-badge="false" aria-label="Add Kettle Cooked Potato Chips, Original to cart">
                            <span class="icon-cart"></span>
                            <span class="add-to-cart-text">
											Add</span>
                        </button>
                        <button type="button" class="btn btn-secondary btn-edit-cart hidden " aria-label="Edit Cart">
                            <span class="qty-in-cart"></span>
                            <span class="edit-cart-text">
											<spring code="product.edit.text" />"
										</span>
                        </button>
                        <div class="add-list-parent add-list-module  bottom-add-list-module ">
                            <button class="btn btn-inline-link btn-save-to-list  dark is-btn-animated" data-login-url="/account/login?productCode=20810497001_EA" data-ajax-url="/restful/lists/all?productCode=20810497001_EA" data-user-guest="Y" data-user-guest="Y" data-product-code="20810497001_EA" data-delete-item="false" aria-label="Add Kettle Cooked Potato Chips, Original to a List">
                                <span class="glyphicon glyphicon-th-list"></span>
                                <div class="list-cta-text  is-btn-animated">Add to List</div>
                            </button>

                            <!-- this is the list HTML   -->
                            <div class="save-to-list-popup  is-btn-animated animation-up dark" data-save-to-list-error="Can not get lists at this time. Please try again later." data-product-name="Kettle Cooked Potato Chips, Original">
                                <div class="inner-container">
                                </div>

                            </div>
                        </div>

                    </div>
                </div>
            </div>

            <div class="module-plus-minus-buttons small hidden ">
                <button type="button" class="btn cart-change-qty" data-change-type="minus" data-auid="decrease-product-quantity" alt="Minus" aria-label="Minus">
                    <span class="icon-minimize"></span>
                </button>
                <div class="plus-minus-input-wrapper">
                    <input class="input-qty cart-change-qty" aria-label="Enter manual quantity" type="text" name="qty" title="Change quantity in cart" data-unit-type="ea" value="1ea" data-change-type="equals" maxlength="7">

                    <span class="input-qty-pretty">
							<span class="input-qty-pretty-value">1</span>
                    <span class="input-qty-pretty-unit"></span>
                    </span>
                </div>

                <button type="button" class="btn cart-change-qty" data-change-type="plus" data-auid="increase-product-quantity" alt="Plus" aria-label="Plus">
                    <span class="icon-plus-sign"></span>
                </button>

                <p class="deal-limit-reached hidden">Deal Limit Reached</p>

                <div class="tooltip-qty-error tooltip-qty-limit hidden">
                    <p>
                        Limit to &nbsp; 999 &nbsp;each&nbsp; per customer.</p>
                </div>
                <div class="tooltip-qty-error tooltip-round-error hidden">
                    <p>
                        We do not have this in the weight you wanted. We've rounded your order to the nearest weight increment we stock.</p>
                </div>
            </div>
        </form>

        <!-- End Template: AddToCartSmall -->

    </div>
</div>
<div class="item">

    <div class="module-grocery-product quickview-simple  clicked" data-quickview-ajax-url="/p/20943744_EA/quickViewProduct" data-product-id="20943744_EA" data-product-price="$3.18">

        <span class="subtitle"></span>

        <div class="product-page-hotspot">
            <div class="product-cell quickview-button">
                <div class="product-image ">

                    <img src="https://assets.shop.loblaws.ca/products/20943744/b1/en/front/20943744_front_a01.png" onerror="this.src='https://assets.shop.loblaws.ca/products/NoImage/b1/en/front/NoImage_front_a01_@2.png';" alt="Tortilla Chips, Sweet Chili Heat!" />

                    <div class="hover-text-container">
                        <button href="#" tabindex="0" class="hover-text " aria-label="Quick View for Tortilla Chips, Sweet Chili Heat!.">Quick View</button>
                    </div>
                </div>
            </div>

            <div class="product-in-cart">
                <div class="wrapper-product-in-cart">
                    <span>
	  			    In Cart
	  		    </span>
                </div>
            </div>

            <div class="product-info">
                <div class="product-name-wrapper">
                    <a href="/Food/Pantry/Chips-%26-Salty-Snacks/Pretzels-%26-Snack-Mixes/Doritos-Tortilla-Chips%2C-Sweet-Chili-Heat%21/p/20943744_EA" class="product-name" aria-label="Product page for Tortilla Chips, Sweet Chili Heat!">
                        <span class="js-product-entry-brand">Doritos&nbsp;</span>

                        <span class="js-product-entry-name">Tortilla Chips, Sweet Chili Heat!</span>

                        <span class="js-product-entry-size-detail">(255 g)</span>

                    </a>
                </div>

                <span class="ad-match-badge  hidden">Ad Match</span>

                <div class="price">
                    <div class="price-wrapper no-discount  ">
                        <span class="reg-price  " aria-label="Regular Price: $3.18">
					    <span class="reg-price-text">$3.18</span>

                        <sup class="reg-price-unit">ea</sup>
                        </span>
                        <span class="sale-price hidden" aria-label="Sale Price:">
					    <span class="sale-price-text"></span>
                        <sup class="sale-price-unit">ea</sup>
                        </span>

                        <span class="secondary-price hidden">

					    <span class="secondary-price-text" aria-label="Secondary Price:"></span>
                        </span>
                    </div>
                </div>

                <div class="qty">
                    <span class="reg-qty  ">

		  		<span class="sr-only">Sale Price Per Unit:</span> $1.25 / 100 g

                    </span>

                    <span class="sale-qty hidden">

		  		<span class="sr-only">Sale Price Per Unit:</span> $1.25 / 100 g

                    </span>

                    <span class="secondary-qty hidden">

	  	<span class="secondary-qty-text"></span>
                    </span>
                </div>
            </div>

        </div>
        <form class="form-product  quickview-btn-simple" data-product-id="20943744_EA" data-min-qty="1.0" data-max-qty="999.0" data-unit-type="ea" data-cart-qty="1" data-default-qty="1" novalidate="novalidate" promoCode="" promoNumber="" data-is-customized="false" data-cart-url="/cart/product/20943744_EA" data-csrf-token="5582ec01-90c0-448b-b4f7-e2cf68d9f8a0" data-is-weighted-product="false">

            <div class="module-add-to-cart " data-change-type="plus" data-auto-edit="true" data-auto-add="true" data-cart-ajax-url="/cart/updateCart">
                <div class="wrapper-add-to-cart-btn">
                    <div class="module-add-to-cart-button-small">
                        <button type="button" class="btn btn-secondary btn-add-to-cart " data-auid="add-to-cart-button" data-has-pts-badge="false" aria-label="Add Tortilla Chips, Sweet Chili Heat! to cart">
                            <span class="icon-cart"></span>
                            <span class="add-to-cart-text">
											Add</span>
                        </button>
                        <button type="button" class="btn btn-secondary btn-edit-cart hidden " aria-label="Edit Cart">
                            <span class="qty-in-cart"></span>
                            <span class="edit-cart-text">
											<spring code="product.edit.text" />"
										</span>
                        </button>
                        <div class="add-list-parent add-list-module  bottom-add-list-module ">
                            <button class="btn btn-inline-link btn-save-to-list  dark is-btn-animated" data-login-url="/account/login?productCode=20943744_EA" data-ajax-url="/restful/lists/all?productCode=20943744_EA" data-user-guest="Y" data-user-guest="Y" data-product-code="20943744_EA" data-delete-item="false" aria-label="Add Tortilla Chips, Sweet Chili Heat! to a List">
                                <span class="glyphicon glyphicon-th-list"></span>
                                <div class="list-cta-text  is-btn-animated">Add to List</div>
                            </button>

                            <!-- this is the list HTML   -->
                            <div class="save-to-list-popup  is-btn-animated animation-up dark" data-save-to-list-error="Can not get lists at this time. Please try again later." data-product-name="Tortilla Chips, Sweet Chili Heat!">
                                <div class="inner-container">
                                </div>

                            </div>
                        </div>

                    </div>
                </div>
            </div>

            <div class="module-plus-minus-buttons small hidden ">
                <button type="button" class="btn cart-change-qty" data-change-type="minus" data-auid="decrease-product-quantity" alt="Minus" aria-label="Minus">
                    <span class="icon-minimize"></span>
                </button>
                <div class="plus-minus-input-wrapper">
                    <input class="input-qty cart-change-qty" aria-label="Enter manual quantity" type="text" name="qty" title="Change quantity in cart" data-unit-type="ea" value="1ea" data-change-type="equals" maxlength="7">

                    <span class="input-qty-pretty">
							<span class="input-qty-pretty-value">1</span>
                    <span class="input-qty-pretty-unit"></span>
                    </span>
                </div>

                <button type="button" class="btn cart-change-qty" data-change-type="plus" data-auid="increase-product-quantity" alt="Plus" aria-label="Plus">
                    <span class="icon-plus-sign"></span>
                </button>

                <p class="deal-limit-reached hidden">Deal Limit Reached</p>

                <div class="tooltip-qty-error tooltip-qty-limit hidden">
                    <p>
                        Limit to &nbsp; 999 &nbsp;each&nbsp; per customer.</p>
                </div>
                <div class="tooltip-qty-error tooltip-round-error hidden">
                    <p>
                        We do not have this in the weight you wanted. We've rounded your order to the nearest weight increment we stock.</p>
                </div>
            </div>
        </form>

        <!-- End Template: AddToCartSmall -->

    </div>
</div>
<div class="item">

    <div class="module-grocery-product quickview-simple  clicked" data-quickview-ajax-url="/p/21059715_EA/quickViewProduct" data-product-id="21059715_EA" data-product-price="$3.67">

        <span class="subtitle"></span>

        <div class="product-page-hotspot">
            <div class="product-cell quickview-button">
                <div class="product-image ">

                    <img src="https://assets.shop.loblaws.ca/products/21059715/b1/en/front/21059715_front_a01.png" onerror="this.src='https://assets.shop.loblaws.ca/products/NoImage/b1/en/front/NoImage_front_a01_@2.png';" alt="Multigrain Snacks, Harvest Cheddar" />

                    <span class="sticker deal">
	  				        <span class="deal-badge">

	  				            <span class="module-deal-badge module-deal-badge-grid simple-save-unit "
	  						        data-deal-type="2 FOR $6.66"
	  						        data-ajax-promo-url="/simpleDeal/deals/product-tile?productCode=21059715_EA"
	  						        data-deal-id="21059715_EA">
	  						        <span class="deal-type">2 FOR $6.66</span>

                    <span class="deal-expiry">
		Exp. 12/31
	</span>

                    </span>
                    </span>
                    </span>

                    <div class="hover-text-container">
                        <button href="#" tabindex="0" class="hover-text " aria-label="Quick View for Multigrain Snacks, Harvest Cheddar.">Quick View</button>
                    </div>
                </div>
            </div>

            <div class="product-in-cart">
                <div class="wrapper-product-in-cart">
                    <span>
	  			    In Cart
	  		    </span>
                </div>
            </div>

            <div class="product-info">
                <div class="product-name-wrapper">
                    <a href="/Food/Pantry/Chips-%26-Salty-Snacks/Pretzels-%26-Snack-Mixes/Sunchips-Multigrain-Snacks%2C-Harvest-Cheddar/p/21059715_EA" class="product-name" aria-label="Product page for Multigrain Snacks, Harvest Cheddar">
                        <span class="js-product-entry-brand">Sunchips&nbsp;</span>

                        <span class="js-product-entry-name">Multigrain Snacks, Harvest Cheddar</span>

                        <span class="js-product-entry-size-detail">(225 g)</span>

                    </a>
                </div>

                <span class="ad-match-badge  hidden">Ad Match</span>

                <div class="price">
                    <div class="price-wrapper no-discount  ">
                        <span class="reg-price  " aria-label="Regular Price: $3.67">
					    <span class="reg-price-text">$3.67</span>

                        <sup class="reg-price-unit">ea</sup>
                        </span>
                        <span class="sale-price hidden" aria-label="Sale Price:">
					    <span class="sale-price-text"></span>
                        <sup class="sale-price-unit">ea</sup>
                        </span>

                        <span class="secondary-price hidden">

					    <span class="secondary-price-text" aria-label="Secondary Price:"></span>
                        </span>
                    </div>
                </div>

                <div class="qty">
                    <span class="reg-qty  ">

		  		<span class="sr-only">Sale Price Per Unit:</span> $1.63 / 100 g

                    </span>

                    <span class="sale-qty hidden">

		  		<span class="sr-only">Sale Price Per Unit:</span> $1.63 / 100 g

                    </span>

                    <span class="secondary-qty hidden">

	  	<span class="secondary-qty-text"></span>
                    </span>
                </div>
            </div>

        </div>
        <form class="form-product  quickview-btn-simple" data-product-id="21059715_EA" data-min-qty="1.0" data-max-qty="999.0" data-unit-type="ea" data-cart-qty="1" data-default-qty="1" novalidate="novalidate" promoCode="" promoNumber="" data-is-customized="false" data-cart-url="/cart/product/21059715_EA" data-csrf-token="5582ec01-90c0-448b-b4f7-e2cf68d9f8a0" data-is-weighted-product="false">

            <div class="module-add-to-cart " data-change-type="plus" data-auto-edit="true" data-auto-add="true" data-cart-ajax-url="/cart/updateCart">
                <div class="wrapper-add-to-cart-btn">
                    <div class="module-add-to-cart-button-small">
                        <button type="button" class="btn btn-secondary btn-add-to-cart " data-auid="add-to-cart-button" data-has-pts-badge="false" aria-label="Add Multigrain Snacks, Harvest Cheddar to cart">
                            <span class="icon-cart"></span>
                            <span class="add-to-cart-text">
											Add</span>
                        </button>
                        <button type="button" class="btn btn-secondary btn-edit-cart hidden " aria-label="Edit Cart">
                            <span class="qty-in-cart"></span>
                            <span class="edit-cart-text">
											<spring code="product.edit.text" />"
										</span>
                        </button>
                        <div class="add-list-parent add-list-module  bottom-add-list-module ">
                            <button class="btn btn-inline-link btn-save-to-list  dark is-btn-animated" data-login-url="/account/login?productCode=21059715_EA" data-ajax-url="/restful/lists/all?productCode=21059715_EA" data-user-guest="Y" data-user-guest="Y" data-product-code="21059715_EA" data-delete-item="false" aria-label="Add Multigrain Snacks, Harvest Cheddar to a List">
                                <span class="glyphicon glyphicon-th-list"></span>
                                <div class="list-cta-text  is-btn-animated">Add to List</div>
                            </button>

                            <!-- this is the list HTML   -->
                            <div class="save-to-list-popup  is-btn-animated animation-up dark" data-save-to-list-error="Can not get lists at this time. Please try again later." data-product-name="Multigrain Snacks, Harvest Cheddar">
                                <div class="inner-container">
                                </div>

                            </div>
                        </div>

                    </div>
                </div>
            </div>

            <div class="module-plus-minus-buttons small hidden ">
                <button type="button" class="btn cart-change-qty" data-change-type="minus" data-auid="decrease-product-quantity" alt="Minus" aria-label="Minus">
                    <span class="icon-minimize"></span>
                </button>
                <div class="plus-minus-input-wrapper">
                    <input class="input-qty cart-change-qty" aria-label="Enter manual quantity" type="text" name="qty" title="Change quantity in cart" data-unit-type="ea" value="1ea" data-change-type="equals" maxlength="7">

                    <span class="input-qty-pretty">
							<span class="input-qty-pretty-value">1</span>
                    <span class="input-qty-pretty-unit"></span>
                    </span>
                </div>

                <button type="button" class="btn cart-change-qty" data-change-type="plus" data-auid="increase-product-quantity" alt="Plus" aria-label="Plus">
                    <span class="icon-plus-sign"></span>
                </button>

                <p class="deal-limit-reached hidden">Deal Limit Reached</p>

                <div class="tooltip-qty-error tooltip-qty-limit hidden">
                    <p>
                        Limit to &nbsp; 999 &nbsp;each&nbsp; per customer.</p>
                </div>
                <div class="tooltip-qty-error tooltip-round-error hidden">
                    <p>
                        We do not have this in the weight you wanted. We've rounded your order to the nearest weight increment we stock.</p>
                </div>
            </div>
        </form>

        <!-- End Template: AddToCartSmall -->

    </div>
</div>
<div class="item">

    <div class="module-grocery-product quickview-simple  clicked" data-quickview-ajax-url="/p/20180720_EA/quickViewProduct" data-product-id="20180720_EA" data-product-price="$7.28">

        <span class="subtitle"></span>

        <div class="product-page-hotspot">
            <div class="product-cell quickview-button">
                <div class="product-image ">

                    <img src="https://assets.shop.loblaws.ca/products/20180720/b1/en/front/20180720_front_a01.png" onerror="this.src='https://assets.shop.loblaws.ca/products/NoImage/b1/en/front/NoImage_front_a01_@2.png';" alt="Snacks, Snack Mix Original" />

                    <div class="hover-text-container">
                        <button href="#" tabindex="0" class="hover-text " aria-label="Quick View for Snacks, Snack Mix Original.">Quick View</button>
                    </div>
                </div>
            </div>

            <div class="product-in-cart">
                <div class="wrapper-product-in-cart">
                    <span>
	  			    In Cart
	  		    </span>
                </div>
            </div>

            <div class="product-info">
                <div class="product-name-wrapper">
                    <a href="/Food/Pantry/Chips-%26-Salty-Snacks/Pretzels-%26-Snack-Mixes/Munchies-Snacks%2C-Snack-Mix-Original/p/20180720_EA" class="product-name" aria-label="Product page for Snacks, Snack Mix Original">
                        <span class="js-product-entry-brand">Munchies&nbsp;</span>

                        <span class="js-product-entry-name">Snacks, Snack Mix Original</span>

                        <span class="js-product-entry-size-detail">(1100 g)</span>

                    </a>
                </div>

                <span class="ad-match-badge  hidden">Ad Match</span>

                <div class="price">
                    <div class="price-wrapper no-discount  ">
                        <span class="reg-price  " aria-label="Regular Price: $7.28">
					    <span class="reg-price-text">$7.28</span>

                        <sup class="reg-price-unit">ea</sup>
                        </span>
                        <span class="sale-price hidden" aria-label="Sale Price:">
					    <span class="sale-price-text"></span>
                        <sup class="sale-price-unit">ea</sup>
                        </span>

                        <span class="secondary-price hidden">

					    <span class="secondary-price-text" aria-label="Secondary Price:"></span>
                        </span>
                    </div>
                </div>

                <div class="qty">
                    <span class="reg-qty  ">

		  		<span class="sr-only">Sale Price Per Unit:</span> $0.66 / 100 g

                    </span>

                    <span class="sale-qty hidden">

		  		<span class="sr-only">Sale Price Per Unit:</span> $0.66 / 100 g

                    </span>

                    <span class="secondary-qty hidden">

	  	<span class="secondary-qty-text"></span>
                    </span>
                </div>
            </div>

        </div>
        <form class="form-product  quickview-btn-simple" data-product-id="20180720_EA" data-min-qty="1.0" data-max-qty="999.0" data-unit-type="ea" data-cart-qty="1" data-default-qty="1" novalidate="novalidate" promoCode="" promoNumber="" data-is-customized="false" data-cart-url="/cart/product/20180720_EA" data-csrf-token="5582ec01-90c0-448b-b4f7-e2cf68d9f8a0" data-is-weighted-product="false">

            <div class="module-add-to-cart " data-change-type="plus" data-auto-edit="true" data-auto-add="true" data-cart-ajax-url="/cart/updateCart">
                <div class="wrapper-add-to-cart-btn">
                    <div class="module-add-to-cart-button-small">
                        <button type="button" class="btn btn-secondary btn-add-to-cart " data-auid="add-to-cart-button" data-has-pts-badge="false" aria-label="Add Snacks, Snack Mix Original to cart">
                            <span class="icon-cart"></span>
                            <span class="add-to-cart-text">
											Add</span>
                        </button>
                        <button type="button" class="btn btn-secondary btn-edit-cart hidden " aria-label="Edit Cart">
                            <span class="qty-in-cart"></span>
                            <span class="edit-cart-text">
											<spring code="product.edit.text" />"
										</span>
                        </button>
                        <div class="add-list-parent add-list-module  bottom-add-list-module ">
                            <button class="btn btn-inline-link btn-save-to-list  dark is-btn-animated" data-login-url="/account/login?productCode=20180720_EA" data-ajax-url="/restful/lists/all?productCode=20180720_EA" data-user-guest="Y" data-user-guest="Y" data-product-code="20180720_EA" data-delete-item="false" aria-label="Add Snacks, Snack Mix Original to a List">
                                <span class="glyphicon glyphicon-th-list"></span>
                                <div class="list-cta-text  is-btn-animated">Add to List</div>
                            </button>

                            <!-- this is the list HTML   -->
                            <div class="save-to-list-popup  is-btn-animated animation-up dark" data-save-to-list-error="Can not get lists at this time. Please try again later." data-product-name="Snacks, Snack Mix Original">
                                <div class="inner-container">
                                </div>

                            </div>
                        </div>

                    </div>
                </div>
            </div>

            <div class="module-plus-minus-buttons small hidden ">
                <button type="button" class="btn cart-change-qty" data-change-type="minus" data-auid="decrease-product-quantity" alt="Minus" aria-label="Minus">
                    <span class="icon-minimize"></span>
                </button>
                <div class="plus-minus-input-wrapper">
                    <input class="input-qty cart-change-qty" aria-label="Enter manual quantity" type="text" name="qty" title="Change quantity in cart" data-unit-type="ea" value="1ea" data-change-type="equals" maxlength="7">

                    <span class="input-qty-pretty">
							<span class="input-qty-pretty-value">1</span>
                    <span class="input-qty-pretty-unit"></span>
                    </span>
                </div>

                <button type="button" class="btn cart-change-qty" data-change-type="plus" data-auid="increase-product-quantity" alt="Plus" aria-label="Plus">
                    <span class="icon-plus-sign"></span>
                </button>

                <p class="deal-limit-reached hidden">Deal Limit Reached</p>

                <div class="tooltip-qty-error tooltip-qty-limit hidden">
                    <p>
                        Limit to &nbsp; 999 &nbsp;each&nbsp; per customer.</p>
                </div>
                <div class="tooltip-qty-error tooltip-round-error hidden">
                    <p>
                        We do not have this in the weight you wanted. We've rounded your order to the nearest weight increment we stock.</p>
                </div>
            </div>
        </form>

        <!-- End Template: AddToCartSmall -->

    </div>
</div>
<div class="item">

    <div class="module-grocery-product quickview-simple  clicked" data-quickview-ajax-url="/p/20899063001_EA/quickViewProduct" data-product-id="20899063001_EA" data-product-price="$4.98">

        <span class="subtitle"></span>

        <div class="product-page-hotspot">
            <div class="product-cell quickview-button">
                <div class="product-image ">

                    <img src="https://assets.shop.loblaws.ca/products/20899063001/b1/en/front/20899063001_front_a01.png" onerror="this.src='https://assets.shop.loblaws.ca/products/NoImage/b1/en/front/NoImage_front_a01_@2.png';" alt="Sea Salt Chick Peas Snack" />

                    <div class="hover-text-container">
                        <button href="#" tabindex="0" class="hover-text " aria-label="Quick View for Sea Salt Chick Peas Snack.">Quick View</button>
                    </div>
                </div>
            </div>

            <div class="product-in-cart">
                <div class="wrapper-product-in-cart">
                    <span>
	  			    In Cart
	  		    </span>
                </div>
            </div>

            <div class="product-info">
                <div class="product-name-wrapper">
                    <a href="/Food/Pantry/Chips-%26-Salty-Snacks/Potato-Chips/The-Good-Bean-Sea-Salt-Chick-Peas-Snack/p/20899063001_EA" class="product-name" aria-label="Product page for Sea Salt Chick Peas Snack">
                        <span class="js-product-entry-brand">The Good Bean&nbsp;</span>

                        <span class="js-product-entry-name">Sea Salt Chick Peas Snack</span>

                        <span class="js-product-entry-size-detail">(170 g)</span>

                    </a>
                </div>

                <span class="ad-match-badge  hidden">Ad Match</span>

                <div class="price">
                    <div class="price-wrapper no-discount  ">
                        <span class="reg-price  " aria-label="Regular Price: $4.98">
					    <span class="reg-price-text">$4.98</span>

                        <sup class="reg-price-unit">ea</sup>
                        </span>
                        <span class="sale-price hidden" aria-label="Sale Price:">
					    <span class="sale-price-text"></span>
                        <sup class="sale-price-unit">ea</sup>
                        </span>

                        <span class="secondary-price hidden">

					    <span class="secondary-price-text" aria-label="Secondary Price:"></span>
                        </span>
                    </div>
                </div>

                <div class="qty">
                    <span class="reg-qty  ">

		  		<span class="sr-only">Sale Price Per Unit:</span> $2.93 / 100 g

                    </span>

                    <span class="sale-qty hidden">

		  		<span class="sr-only">Sale Price Per Unit:</span> $2.93 / 100 g

                    </span>

                    <span class="secondary-qty hidden">

	  	<span class="secondary-qty-text"></span>
                    </span>
                </div>
            </div>

        </div>
        <form class="form-product  quickview-btn-simple" data-product-id="20899063001_EA" data-min-qty="1.0" data-max-qty="999.0" data-unit-type="ea" data-cart-qty="1" data-default-qty="1" novalidate="novalidate" promoCode="" promoNumber="" data-is-customized="false" data-cart-url="/cart/product/20899063001_EA" data-csrf-token="5582ec01-90c0-448b-b4f7-e2cf68d9f8a0" data-is-weighted-product="false">

            <div class="module-add-to-cart " data-change-type="plus" data-auto-edit="true" data-auto-add="true" data-cart-ajax-url="/cart/updateCart">
                <div class="wrapper-add-to-cart-btn">
                    <div class="module-add-to-cart-button-small">
                        <button type="button" class="btn btn-secondary btn-add-to-cart " data-auid="add-to-cart-button" data-has-pts-badge="false" aria-label="Add Sea Salt Chick Peas Snack to cart">
                            <span class="icon-cart"></span>
                            <span class="add-to-cart-text">
											Add</span>
                        </button>
                        <button type="button" class="btn btn-secondary btn-edit-cart hidden " aria-label="Edit Cart">
                            <span class="qty-in-cart"></span>
                            <span class="edit-cart-text">
											<spring code="product.edit.text" />"
										</span>
                        </button>
                        <div class="add-list-parent add-list-module  bottom-add-list-module ">
                            <button class="btn btn-inline-link btn-save-to-list  dark is-btn-animated" data-login-url="/account/login?productCode=20899063001_EA" data-ajax-url="/restful/lists/all?productCode=20899063001_EA" data-user-guest="Y" data-user-guest="Y" data-product-code="20899063001_EA" data-delete-item="false" aria-label="Add Sea Salt Chick Peas Snack to a List">
                                <span class="glyphicon glyphicon-th-list"></span>
                                <div class="list-cta-text  is-btn-animated">Add to List</div>
                            </button>

                            <!-- this is the list HTML   -->
                            <div class="save-to-list-popup  is-btn-animated animation-up dark" data-save-to-list-error="Can not get lists at this time. Please try again later." data-product-name="Sea Salt Chick Peas Snack">
                                <div class="inner-container">
                                </div>

                            </div>
                        </div>

                    </div>
                </div>
            </div>

            <div class="module-plus-minus-buttons small hidden ">
                <button type="button" class="btn cart-change-qty" data-change-type="minus" data-auid="decrease-product-quantity" alt="Minus" aria-label="Minus">
                    <span class="icon-minimize"></span>
                </button>
                <div class="plus-minus-input-wrapper">
                    <input class="input-qty cart-change-qty" aria-label="Enter manual quantity" type="text" name="qty" title="Change quantity in cart" data-unit-type="ea" value="1ea" data-change-type="equals" maxlength="7">

                    <span class="input-qty-pretty">
							<span class="input-qty-pretty-value">1</span>
                    <span class="input-qty-pretty-unit"></span>
                    </span>
                </div>

                <button type="button" class="btn cart-change-qty" data-change-type="plus" data-auid="increase-product-quantity" alt="Plus" aria-label="Plus">
                    <span class="icon-plus-sign"></span>
                </button>

                <p class="deal-limit-reached hidden">Deal Limit Reached</p>

                <div class="tooltip-qty-error tooltip-qty-limit hidden">
                    <p>
                        Limit to &nbsp; 999 &nbsp;each&nbsp; per customer.</p>
                </div>
                <div class="tooltip-qty-error tooltip-round-error hidden">
                    <p>
                        We do not have this in the weight you wanted. We've rounded your order to the nearest weight increment we stock.</p>
                </div>
            </div>
        </form>

        <!-- End Template: AddToCartSmall -->

    </div>
</div>
<div class="item">

    <div class="module-grocery-product quickview-simple  clicked" data-quickview-ajax-url="/p/20841921002_EA/quickViewProduct" data-product-id="20841921002_EA" data-product-price="$1.68">

        <span class="subtitle"></span>

        <div class="product-page-hotspot">
            <div class="product-cell quickview-button">
                <div class="product-image ">

                    <img src="https://assets.shop.loblaws.ca/products/20841921002/b1/en/front/20841921002_front_a01.png" onerror="this.src='https://assets.shop.loblaws.ca/products/NoImage/b1/en/front/NoImage_front_a01_@2.png';" alt="Thick Cut Potato Chips, Sour Cream & Dill" />

                    <span class="sticker deal">
	  				        <span class="deal-badge">

	  				            <span class="module-deal-badge module-deal-badge-grid simple-save-unit "
	  						        data-deal-type="SAVE $0.20"
	  						        data-ajax-promo-url="/simpleDeal/deals/product-tile?productCode=20841921002_EA"
	  						        data-deal-id="20841921002_EA">
	  						        <span class="deal-type">SAVE $0.20</span>

                    <span class="deal-expiry">
		Exp. 01/03
	</span>

                    </span>
                    </span>
                    </span>

                    <div class="hover-text-container">
                        <button href="#" tabindex="0" class="hover-text " aria-label="Quick View for Thick Cut Potato Chips, Sour Cream & Dill.">Quick View</button>
                    </div>
                </div>
            </div>

            <div class="product-in-cart">
                <div class="wrapper-product-in-cart">
                    <span>
	  			    In Cart
	  		    </span>
                </div>
            </div>

            <div class="product-info">
                <div class="product-name-wrapper">
                    <a href="/Food/Pantry/Chips-%26-Salty-Snacks/Potato-Chips/President%27s-Choice-Thick-Cut-Potato-Chips%2C-Sour-Cream-%26-Dill/p/20841921002_EA" class="product-name" aria-label="Product page for Thick Cut Potato Chips, Sour Cream & Dill">
                        <span class="js-product-entry-brand">President's Choice&nbsp;</span>

                        <span class="js-product-entry-name">Thick Cut Potato Chips, Sour Cream & Dill</span>

                        <span class="js-product-entry-size-detail">(200 g)</span>

                    </a>
                </div>

                <span class="ad-match-badge  hidden">Ad Match</span>

                <div class="price">
                    <div class="price-wrapper discount promo-alert ">
                        <span class="reg-price  price-alert" aria-label="Regular Price: $1.68">
					    <span class="reg-price-text">$1.68</span>

                        <sup class="reg-price-unit">ea</sup>
                        </span>
                        <span class="sale-price hidden" aria-label="Sale Price:">
					    <span class="sale-price-text"></span>
                        <sup class="sale-price-unit">ea</sup>
                        </span>

                        <span class="old-price" aria-label="Original Price: $1.88">
						    <span class="old-price-text">$1.88</span>
                        </span>

                        <span class="secondary-price hidden">

					    <span class="secondary-price-text" aria-label="Secondary Price:"></span>
                        </span>
                    </div>
                </div>

                <div class="qty">
                    <span class="reg-qty  price-alert">

		  		<span class="sr-only">Sale Price Per Unit:</span> $0.84 / 100 g

                    </span>

                    <span class="sale-qty hidden">

		  		<span class="sr-only">Sale Price Per Unit:</span> $0.84 / 100 g

                    </span>

                    <span class="secondary-qty hidden">

	  	<span class="secondary-qty-text"></span>
                    </span>
                </div>
            </div>

        </div>
        <form class="form-product  quickview-btn-simple" data-product-id="20841921002_EA" data-min-qty="1.0" data-max-qty="999.0" data-unit-type="ea" data-cart-qty="1" data-default-qty="1" novalidate="novalidate" promoCode="" promoNumber="" data-is-customized="false" data-cart-url="/cart/product/20841921002_EA" data-csrf-token="5582ec01-90c0-448b-b4f7-e2cf68d9f8a0" data-is-weighted-product="false">

            <div class="module-add-to-cart " data-change-type="plus" data-auto-edit="true" data-auto-add="true" data-cart-ajax-url="/cart/updateCart">
                <div class="wrapper-add-to-cart-btn">
                    <div class="module-add-to-cart-button-small">
                        <button type="button" class="btn btn-secondary btn-add-to-cart " data-auid="add-to-cart-button" data-has-pts-badge="false" aria-label="Add Thick Cut Potato Chips, Sour Cream & Dill to cart">
                            <span class="icon-cart"></span>
                            <span class="add-to-cart-text">
											Add</span>
                        </button>
                        <button type="button" class="btn btn-secondary btn-edit-cart hidden " aria-label="Edit Cart">
                            <span class="qty-in-cart"></span>
                            <span class="edit-cart-text">
											<spring code="product.edit.text" />"
										</span>
                        </button>
                        <div class="add-list-parent add-list-module  bottom-add-list-module ">
                            <button class="btn btn-inline-link btn-save-to-list  dark is-btn-animated" data-login-url="/account/login?productCode=20841921002_EA" data-ajax-url="/restful/lists/all?productCode=20841921002_EA" data-user-guest="Y" data-user-guest="Y" data-product-code="20841921002_EA" data-delete-item="false" aria-label="Add Thick Cut Potato Chips, Sour Cream & Dill to a List">
                                <span class="glyphicon glyphicon-th-list"></span>
                                <div class="list-cta-text  is-btn-animated">Add to List</div>
                            </button>

                            <!-- this is the list HTML   -->
                            <div class="save-to-list-popup  is-btn-animated animation-up dark" data-save-to-list-error="Can not get lists at this time. Please try again later." data-product-name="Thick Cut Potato Chips, Sour Cream & Dill">
                                <div class="inner-container">
                                </div>

                            </div>
                        </div>

                    </div>
                </div>
            </div>

            <div class="module-plus-minus-buttons small hidden ">
                <button type="button" class="btn cart-change-qty" data-change-type="minus" data-auid="decrease-product-quantity" alt="Minus" aria-label="Minus">
                    <span class="icon-minimize"></span>
                </button>
                <div class="plus-minus-input-wrapper">
                    <input class="input-qty cart-change-qty" aria-label="Enter manual quantity" type="text" name="qty" title="Change quantity in cart" data-unit-type="ea" value="1ea" data-change-type="equals" maxlength="7">

                    <span class="input-qty-pretty">
							<span class="input-qty-pretty-value">1</span>
                    <span class="input-qty-pretty-unit"></span>
                    </span>
                </div>

                <button type="button" class="btn cart-change-qty" data-change-type="plus" data-auid="increase-product-quantity" alt="Plus" aria-label="Plus">
                    <span class="icon-plus-sign"></span>
                </button>

                <p class="deal-limit-reached hidden">Deal Limit Reached</p>

                <div class="tooltip-qty-error tooltip-qty-limit hidden">
                    <p>
                        Limit to &nbsp; 999 &nbsp;each&nbsp; per customer.</p>
                </div>
                <div class="tooltip-qty-error tooltip-round-error hidden">
                    <p>
                        We do not have this in the weight you wanted. We've rounded your order to the nearest weight increment we stock.</p>
                </div>
            </div>
        </form>

        <!-- End Template: AddToCartSmall -->

    </div>
</div>
<div class="item">

    <div class="module-grocery-product quickview-simple  clicked" data-quickview-ajax-url="/p/20140411003_EA/quickViewProduct" data-product-id="20140411003_EA" data-product-price="$3.98">

        <span class="subtitle"></span>

        <div class="product-page-hotspot">
            <div class="product-cell quickview-button">
                <div class="product-image ">

                    <img src="https://assets.shop.loblaws.ca/products/20140411003/b1/en/front/20140411003_front_a01.png" onerror="this.src='https://assets.shop.loblaws.ca/products/NoImage/b1/en/front/NoImage_front_a01_@2.png';" alt="Vegetable Chips, Mediterranean" />

                    <span class="sticker deal">
	  				        <span class="deal-badge">

	  				            <span class="module-deal-badge module-deal-badge-grid simple-save-unit "
	  						        data-deal-type="$3.98 LIMIT 4"
	  						        data-ajax-promo-url="/simpleDeal/deals/product-tile?productCode=20140411003_EA"
	  						        data-deal-id="20140411003_EA">
	  						        <span class="deal-type">$3.98 LIMIT 4</span>

                    <span class="deal-expiry">
		Exp. 12/27
	</span>

                    </span>
                    </span>
                    </span>

                    <div class="hover-text-container">
                        <button href="#" tabindex="0" class="hover-text " aria-label="Quick View for Vegetable Chips, Mediterranean.">Quick View</button>
                    </div>
                </div>
            </div>

            <div class="product-in-cart">
                <div class="wrapper-product-in-cart">
                    <span>
	  			    In Cart
	  		    </span>
                </div>
            </div>

            <div class="product-info">
                <div class="product-name-wrapper">
                    <a href="/Food/Pantry/Chips-%26-Salty-Snacks/Potato-Chips/Vegetable-Chips%2C-Mediterranean/p/20140411003_EA" class="product-name" aria-label="Product page for Vegetable Chips, Mediterranean">
                        <span class="js-product-entry-brand">Terra&nbsp;</span>

                        <span class="js-product-entry-name">Vegetable Chips, Mediterranean</span>

                        <span class="js-product-entry-size-detail">(170 g)</span>

                    </a>
                </div>

                <span class="ad-match-badge  hidden">Ad Match</span>

                <div class="price">
                    <div class="price-wrapper no-discount promo-alert ">
                        <span class="reg-price  price-alert" aria-label="Regular Price: $3.98">
					    <span class="reg-price-text">$3.98</span>

                        <sup class="reg-price-unit">ea</sup>
                        </span>
                        <span class="sale-price hidden" aria-label="Sale Price:">
					    <span class="sale-price-text"></span>
                        <sup class="sale-price-unit">ea</sup>
                        </span>

                        <span class="secondary-price hidden">

					    <span class="secondary-price-text" aria-label="Secondary Price:"></span>
                        </span>
                    </div>
                </div>

                <div class="qty">
                    <span class="reg-qty  price-alert">

		  		<span class="sr-only">Sale Price Per Unit:</span> $2.34 / 100 g

                    </span>

                    <span class="sale-qty hidden">

		  		<span class="sr-only">Sale Price Per Unit:</span> $2.34 / 100 g

                    </span>

                    <span class="secondary-qty hidden">

	  	<span class="secondary-qty-text"></span>
                    </span>
                </div>
            </div>

        </div>
        <form class="form-product  quickview-btn-simple" data-product-id="20140411003_EA" data-min-qty="1.0" data-max-qty="999.0" data-unit-type="ea" data-cart-qty="1" data-default-qty="1" novalidate="novalidate" promoCode="" promoNumber="" data-is-customized="false" data-cart-url="/cart/product/20140411003_EA" data-csrf-token="5582ec01-90c0-448b-b4f7-e2cf68d9f8a0" data-is-weighted-product="false">

            <div class="module-add-to-cart " data-change-type="plus" data-auto-edit="true" data-auto-add="true" data-cart-ajax-url="/cart/updateCart">
                <div class="wrapper-add-to-cart-btn">
                    <div class="module-add-to-cart-button-small">
                        <button type="button" class="btn btn-secondary btn-add-to-cart " data-auid="add-to-cart-button" data-has-pts-badge="false" aria-label="Add Vegetable Chips, Mediterranean to cart">
                            <span class="icon-cart"></span>
                            <span class="add-to-cart-text">
											Add</span>
                        </button>
                        <button type="button" class="btn btn-secondary btn-edit-cart hidden " aria-label="Edit Cart">
                            <span class="qty-in-cart"></span>
                            <span class="edit-cart-text">
											<spring code="product.edit.text" />"
										</span>
                        </button>
                        <div class="add-list-parent add-list-module  bottom-add-list-module ">
                            <button class="btn btn-inline-link btn-save-to-list  dark is-btn-animated" data-login-url="/account/login?productCode=20140411003_EA" data-ajax-url="/restful/lists/all?productCode=20140411003_EA" data-user-guest="Y" data-user-guest="Y" data-product-code="20140411003_EA" data-delete-item="false" aria-label="Add Vegetable Chips, Mediterranean to a List">
                                <span class="glyphicon glyphicon-th-list"></span>
                                <div class="list-cta-text  is-btn-animated">Add to List</div>
                            </button>

                            <!-- this is the list HTML   -->
                            <div class="save-to-list-popup  is-btn-animated animation-up dark" data-save-to-list-error="Can not get lists at this time. Please try again later." data-product-name="Vegetable Chips, Mediterranean">
                                <div class="inner-container">
                                </div>

                            </div>
                        </div>

                    </div>
                </div>
            </div>

            <div class="module-plus-minus-buttons small hidden ">
                <button type="button" class="btn cart-change-qty" data-change-type="minus" data-auid="decrease-product-quantity" alt="Minus" aria-label="Minus">
                    <span class="icon-minimize"></span>
                </button>
                <div class="plus-minus-input-wrapper">
                    <input class="input-qty cart-change-qty" aria-label="Enter manual quantity" type="text" name="qty" title="Change quantity in cart" data-unit-type="ea" value="1ea" data-change-type="equals" maxlength="7">

                    <span class="input-qty-pretty">
							<span class="input-qty-pretty-value">1</span>
                    <span class="input-qty-pretty-unit"></span>
                    </span>
                </div>

                <button type="button" class="btn cart-change-qty" data-change-type="plus" data-auid="increase-product-quantity" alt="Plus" aria-label="Plus">
                    <span class="icon-plus-sign"></span>
                </button>

                <p class="deal-limit-reached hidden">Deal Limit Reached</p>

                <div class="tooltip-qty-error tooltip-qty-limit hidden">
                    <p>
                        Limit to &nbsp; 999 &nbsp;each&nbsp; per customer.</p>
                </div>
                <div class="tooltip-qty-error tooltip-round-error hidden">
                    <p>
                        We do not have this in the weight you wanted. We've rounded your order to the nearest weight increment we stock.</p>
                </div>
            </div>
        </form>

        <!-- End Template: AddToCartSmall -->

    </div>
</div>
<div class="item">

    <div class="module-grocery-product quickview-simple  clicked" data-quickview-ajax-url="/p/21049592_EA/quickViewProduct" data-product-id="21049592_EA" data-product-price="$2.48">

        <span class="subtitle"></span>

        <div class="product-page-hotspot">
            <div class="product-cell quickview-button">
                <div class="product-image ">

                    <img src="https://assets.shop.loblaws.ca/products/21049592/b1/en/front/21049592_front_a01.png" onerror="this.src='https://assets.shop.loblaws.ca/products/NoImage/b1/en/front/NoImage_front_a01_@2.png';" alt="Sweet & Heat Popcorn" />

                    <div class="hover-text-container">
                        <button href="#" tabindex="0" class="hover-text " aria-label="Quick View for Sweet & Heat Popcorn.">Quick View</button>
                    </div>
                </div>
            </div>

            <div class="product-in-cart">
                <div class="wrapper-product-in-cart">
                    <span>
	  			    In Cart
	  		    </span>
                </div>
            </div>

            <div class="product-info">
                <div class="product-name-wrapper">
                    <a href="/Food/Pantry/Chips-%26-Salty-Snacks/Pretzels-%26-Snack-Mixes/President%27s-Choice-Sweet-%26-Heat-Popcorn/p/21049592_EA" class="product-name" aria-label="Product page for Sweet & Heat Popcorn">
                        <span class="js-product-entry-brand">President's Choice&nbsp;</span>

                        <span class="js-product-entry-name">Sweet & Heat Popcorn</span>

                        <span class="js-product-entry-size-detail">(220 g)</span>

                    </a>
                </div>

                <span class="ad-match-badge  hidden">Ad Match</span>

                <div class="price">
                    <div class="price-wrapper no-discount  ">
                        <span class="reg-price  " aria-label="Regular Price: $2.48">
					    <span class="reg-price-text">$2.48</span>

                        <sup class="reg-price-unit">ea</sup>
                        </span>
                        <span class="sale-price hidden" aria-label="Sale Price:">
					    <span class="sale-price-text"></span>
                        <sup class="sale-price-unit">ea</sup>
                        </span>

                        <span class="secondary-price hidden">

					    <span class="secondary-price-text" aria-label="Secondary Price:"></span>
                        </span>
                    </div>
                </div>

                <div class="qty">
                    <span class="reg-qty  ">

		  		<span class="sr-only">Sale Price Per Unit:</span> $1.13 / 100 g

                    </span>

                    <span class="sale-qty hidden">

		  		<span class="sr-only">Sale Price Per Unit:</span> $1.13 / 100 g

                    </span>

                    <span class="secondary-qty hidden">

	  	<span class="secondary-qty-text"></span>
                    </span>
                </div>
            </div>

        </div>
        <form class="form-product  quickview-btn-simple" data-product-id="21049592_EA" data-min-qty="1.0" data-max-qty="999.0" data-unit-type="ea" data-cart-qty="1" data-default-qty="1" novalidate="novalidate" promoCode="" promoNumber="" data-is-customized="false" data-cart-url="/cart/product/21049592_EA" data-csrf-token="5582ec01-90c0-448b-b4f7-e2cf68d9f8a0" data-is-weighted-product="false">

            <div class="module-add-to-cart " data-change-type="plus" data-auto-edit="true" data-auto-add="true" data-cart-ajax-url="/cart/updateCart">
                <div class="wrapper-add-to-cart-btn">
                    <div class="module-add-to-cart-button-small">
                        <button type="button" class="btn btn-secondary btn-add-to-cart " data-auid="add-to-cart-button" data-has-pts-badge="false" aria-label="Add Sweet & Heat Popcorn to cart">
                            <span class="icon-cart"></span>
                            <span class="add-to-cart-text">
											Add</span>
                        </button>
                        <button type="button" class="btn btn-secondary btn-edit-cart hidden " aria-label="Edit Cart">
                            <span class="qty-in-cart"></span>
                            <span class="edit-cart-text">
											<spring code="product.edit.text" />"
										</span>
                        </button>
                        <div class="add-list-parent add-list-module  bottom-add-list-module ">
                            <button class="btn btn-inline-link btn-save-to-list  dark is-btn-animated" data-login-url="/account/login?productCode=21049592_EA" data-ajax-url="/restful/lists/all?productCode=21049592_EA" data-user-guest="Y" data-user-guest="Y" data-product-code="21049592_EA" data-delete-item="false" aria-label="Add Sweet & Heat Popcorn to a List">
                                <span class="glyphicon glyphicon-th-list"></span>
                                <div class="list-cta-text  is-btn-animated">Add to List</div>
                            </button>

                            <!-- this is the list HTML   -->
                            <div class="save-to-list-popup  is-btn-animated animation-up dark" data-save-to-list-error="Can not get lists at this time. Please try again later." data-product-name="Sweet & Heat Popcorn">
                                <div class="inner-container">
                                </div>

                            </div>
                        </div>

                    </div>
                </div>
            </div>

            <div class="module-plus-minus-buttons small hidden ">
                <button type="button" class="btn cart-change-qty" data-change-type="minus" data-auid="decrease-product-quantity" alt="Minus" aria-label="Minus">
                    <span class="icon-minimize"></span>
                </button>
                <div class="plus-minus-input-wrapper">
                    <input class="input-qty cart-change-qty" aria-label="Enter manual quantity" type="text" name="qty" title="Change quantity in cart" data-unit-type="ea" value="1ea" data-change-type="equals" maxlength="7">

                    <span class="input-qty-pretty">
							<span class="input-qty-pretty-value">1</span>
                    <span class="input-qty-pretty-unit"></span>
                    </span>
                </div>

                <button type="button" class="btn cart-change-qty" data-change-type="plus" data-auid="increase-product-quantity" alt="Plus" aria-label="Plus">
                    <span class="icon-plus-sign"></span>
                </button>

                <p class="deal-limit-reached hidden">Deal Limit Reached</p>

                <div class="tooltip-qty-error tooltip-qty-limit hidden">
                    <p>
                        Limit to &nbsp; 999 &nbsp;each&nbsp; per customer.</p>
                </div>
                <div class="tooltip-qty-error tooltip-round-error hidden">
                    <p>
                        We do not have this in the weight you wanted. We've rounded your order to the nearest weight increment we stock.</p>
                </div>
            </div>
        </form>

        <!-- End Template: AddToCartSmall -->

    </div>
</div>

<div class="item">

    <div class="module-grocery-product quickview-simple  clicked" data-quickview-ajax-url="/p/21042565_EA/quickViewProduct" data-product-id="21042565_EA" data-product-price="$2.47">

        <span class="subtitle"></span>

        <div class="product-page-hotspot">
            <div class="product-cell quickview-button">
                <div class="product-image ">

                    <img src="https://assets.shop.loblaws.ca/products/21042565/b1/en/front/21042565_front_a01.png" onerror="this.src='https://assets.shop.loblaws.ca/products/NoImage/b1/en/front/NoImage_front_a01_@2.png';" alt="Poppables Potato Chips, Sea Salt" />

                    <span class="sticker deal">
	  				    <span class="deal-badge">
	  					    <span class="module-deal-badge module-deal-badge-feature flyer expires undefined">
	  						    <span class="deal-type">
								    Flyer<br />
	  							    Item
	  						    </span>

                    <span class="deal-expiry">
		Exp. 12/19
	</span>

                    </span>
                    </span>
                    </span>

                    <div class="hover-text-container">
                        <button href="#" tabindex="0" class="hover-text " aria-label="Quick View for Poppables Potato Chips, Sea Salt.">Quick View</button>
                    </div>
                </div>
            </div>

            <div class="product-in-cart">
                <div class="wrapper-product-in-cart">
                    <span>
	  			    In Cart
	  		    </span>
                </div>
            </div>

            <div class="product-info">
                <div class="product-name-wrapper">
                    <a href="/Food/Pantry/Chips-%26-Salty-Snacks/Pretzels-%26-Snack-Mixes/Lay%27s-POPPABLES-Poppables-Potato-Chips%2C-Sea-Salt/p/21042565_EA" class="product-name" aria-label="Product page for Poppables Potato Chips, Sea Salt">
                        <span class="js-product-entry-brand">Lay's&nbsp;</span>

                        <span class="js-product-entry-name">Poppables Potato Chips, Sea Salt</span>

                        <span class="js-product-entry-size-detail">(141 g)</span>

                    </a>
                </div>

                <span class="ad-match-badge  hidden">Ad Match</span>

                <div class="price">
                    <div class="price-wrapper no-discount  ">
                        <span class="reg-price  " aria-label="Regular Price: $2.47">
					    <span class="reg-price-text">$2.47</span>

                        <sup class="reg-price-unit">ea</sup>
                        </span>
                        <span class="sale-price hidden" aria-label="Sale Price:">
					    <span class="sale-price-text"></span>
                        <sup class="sale-price-unit">ea</sup>
                        </span>

                        <span class="secondary-price hidden">

					    <span class="secondary-price-text" aria-label="Secondary Price:"></span>
                        </span>
                    </div>
                </div>

                <div class="qty">
                    <span class="reg-qty  ">

		  		<span class="sr-only">Sale Price Per Unit:</span> $1.75 / 100 g

                    </span>

                    <span class="sale-qty hidden">

		  		<span class="sr-only">Sale Price Per Unit:</span> $1.75 / 100 g

                    </span>

                    <span class="secondary-qty hidden">

	  	<span class="secondary-qty-text"></span>
                    </span>
                </div>
            </div>

        </div>
        <form class="form-product  quickview-btn-simple" data-product-id="21042565_EA" data-min-qty="1.0" data-max-qty="999.0" data-unit-type="ea" data-cart-qty="1" data-default-qty="1" novalidate="novalidate" promoCode="" promoNumber="" data-is-customized="false" data-cart-url="/cart/product/21042565_EA" data-csrf-token="5582ec01-90c0-448b-b4f7-e2cf68d9f8a0" data-is-weighted-product="false">

            <div class="module-add-to-cart " data-change-type="plus" data-auto-edit="true" data-auto-add="true" data-cart-ajax-url="/cart/updateCart">
                <div class="wrapper-add-to-cart-btn">
                    <div class="module-add-to-cart-button-small">
                        <button type="button" class="btn btn-secondary btn-add-to-cart " data-auid="add-to-cart-button" data-has-pts-badge="false" aria-label="Add Poppables Potato Chips, Sea Salt to cart">
                            <span class="icon-cart"></span>
                            <span class="add-to-cart-text">
											Add</span>
                        </button>
                        <button type="button" class="btn btn-secondary btn-edit-cart hidden " aria-label="Edit Cart">
                            <span class="qty-in-cart"></span>
                            <span class="edit-cart-text">
											<spring code="product.edit.text" />"
										</span>
                        </button>
                        <div class="add-list-parent add-list-module  bottom-add-list-module ">
                            <button class="btn btn-inline-link btn-save-to-list  dark is-btn-animated" data-login-url="/account/login?productCode=21042565_EA" data-ajax-url="/restful/lists/all?productCode=21042565_EA" data-user-guest="Y" data-user-guest="Y" data-product-code="21042565_EA" data-delete-item="false" aria-label="Add Poppables Potato Chips, Sea Salt to a List">
                                <span class="glyphicon glyphicon-th-list"></span>
                                <div class="list-cta-text  is-btn-animated">Add to List</div>
                            </button>

                            <!-- this is the list HTML   -->
                            <div class="save-to-list-popup  is-btn-animated animation-up dark" data-save-to-list-error="Can not get lists at this time. Please try again later." data-product-name="Poppables Potato Chips, Sea Salt">
                                <div class="inner-container">
                                </div>

                            </div>
                        </div>

                        <script id="tmpl-product-list-grid" type="text/x-dot-template">
                            <ul>
                                {{~it.shoppingListData :entry:index }} {{? entry.added }}
                                <li class="already-added">
                                    <div class="no-link item-label">

                                        <span class="category-list-name">{{=entry.shoppingListName}}</span>
                                    </div><span class="glyphicon glyphicon-ok"></span></li>
                                {{??}}
                                <li class="has-item-label-link"><a data-shopping-list-name="{{=entry.shoppingListName}}" class="item-label" data-submit-message="{{!entry.addMessage}}" href="/restful/lists/{{=entry.shoppingListCode}}/product/{{=it.productCode}}?CSRFToken={{=it.csrf}}">{{=entry.shoppingListName}}</a></li>
                                {{?}} {{~}}
                                <li class="create-new trigger-modal" data-modal-content-id="create-list-modal-content" data-productcode="{{=it.productCode}}"><a href="#">Create New List</a></li>
                            </ul>
                        </script>

                        <!-- Begin Template: createListModal -->
                        <script type="text/x-dot-template" class="modal-content" id="create-list-modal-content">
                            <div class="wrapper-new-list-popup">
                                <div class="new-list-popup-container">
                                    <h1>
					Create a new list</h1>
                                    <div class="subhead">
                                        Lists are a great way to organize your shopping needs. After you create a list, they can be found in the "My Favourites" page.</div>
                                    {{? it.productcode }}
                                    <form class="container form-create-list" novalidate="novalidate" method="POST" commandName="shoppingListForm" action="/restful/lists/{{=it.productcode}}?CSRFToken=5582ec01-90c0-448b-b4f7-e2cf68d9f8a0" data-ajax-url="/restful/lists/{{=it.productcode}}?CSRFToken=5582ec01-90c0-448b-b4f7-e2cf68d9f8a0" data-server-error-message="Sorry, something went wrong. Please try again later.">
                                        {{??}}
                                        <form class="container form-create-list" novalidate="novalidate" method="POST" commandName="shoppingListForm" action="/restful/lists/?CSRFToken=5582ec01-90c0-448b-b4f7-e2cf68d9f8a0" data-ajax-url="/restful/lists/?CSRFToken=5582ec01-90c0-448b-b4f7-e2cf68d9f8a0" data-server-error-message="Sorry, something went wrong. Please try again later.">
                                            {{?}}
                                            <div class="row-error">
                                                <div>
                                                    <span class='warning server-warning'>
							</span>
                                                </div>
                                            </div>
                                            <input id="name" name="name" class="form-control input-list-name" type="text" autocomplete="off" autofocus placeholder="Enter a name" path="name" maxlength="160" required="true" data-msg-required="Please enter name for list." />

                                            <textarea id="description" name="description" class="form-control input-list-desc" type="text" placeholder="Add a description (optional)" path="description" maxlength="160"></textarea>

                                            <button type="submit" class="btn btn-primary save-list input-submitter-submit">
                                                Save</button>

                                            <a href="javascript:void(0)" class="cancel-new-list modal-close">
						Cancel</a>
                                        </form>
                                </div>
                            </div>
                        </script>

                        <!-- End Template: createListModal -->
                    </div>
                </div>
            </div>

            <div class="module-plus-minus-buttons small hidden ">
                <button type="button" class="btn cart-change-qty" data-change-type="minus" data-auid="decrease-product-quantity" alt="Minus" aria-label="Minus">
                    <span class="icon-minimize"></span>
                </button>
                <div class="plus-minus-input-wrapper">
                    <input class="input-qty cart-change-qty" aria-label="Enter manual quantity" type="text" name="qty" title="Change quantity in cart" data-unit-type="ea" value="1ea" data-change-type="equals" maxlength="7">

                    <span class="input-qty-pretty">
							<span class="input-qty-pretty-value">1</span>
                    <span class="input-qty-pretty-unit"></span>
                    </span>
                </div>

                <button type="button" class="btn cart-change-qty" data-change-type="plus" data-auid="increase-product-quantity" alt="Plus" aria-label="Plus">
                    <span class="icon-plus-sign"></span>
                </button>

                <p class="deal-limit-reached hidden">Deal Limit Reached</p>

                <div class="tooltip-qty-error tooltip-qty-limit hidden">
                    <p>
                        Limit to &nbsp; 999 &nbsp;each&nbsp; per customer.</p>
                </div>
                <div class="tooltip-qty-error tooltip-round-error hidden">
                    <p>
                        We do not have this in the weight you wanted. We've rounded your order to the nearest weight increment we stock.</p>
                </div>
            </div>
            </form>

            <!-- End Template: AddToCartSmall -->

    </div>
</div>
<div class="item">

    <div class="module-grocery-product quickview-simple  clicked" data-quickview-ajax-url="/p/21062300_EA/quickViewProduct" data-product-id="21062300_EA" data-product-price="$3.27">

        <span class="subtitle"></span>

        <div class="product-page-hotspot">
            <div class="product-cell quickview-button">
                <div class="product-image ">

                    <img src="https://assets.shop.loblaws.ca/products/21062300/b1/en/front/21062300_front_a01.png" onerror="this.src='https://assets.shop.loblaws.ca/products/NoImage/b1/en/front/NoImage_front_a01_@2.png';" alt="Cheetos Snowflakes Snacks" />

                    <div class="hover-text-container">
                        <button href="#" tabindex="0" class="hover-text " aria-label="Quick View for Cheetos Snowflakes Snacks.">Quick View</button>
                    </div>
                </div>
            </div>

            <div class="product-in-cart">
                <div class="wrapper-product-in-cart">
                    <span>
	  			    In Cart
	  		    </span>
                </div>
            </div>

            <div class="product-info">
                <div class="product-name-wrapper">
                    <a href="/Food/Pantry/Chips-%26-Salty-Snacks/Potato-Chips/Cheetos-Cheetos-Snowflakes-Snacks/p/21062300_EA" class="product-name" aria-label="Product page for Cheetos Snowflakes Snacks">

                        <span class="js-product-entry-name">Cheetos Snowflakes Snacks</span>

                        <span class="js-product-entry-size-detail">(180 g)</span>

                    </a>
                </div>

                <span class="ad-match-badge  hidden">Ad Match</span>

                <div class="price">
                    <div class="price-wrapper no-discount  ">
                        <span class="reg-price  " aria-label="Regular Price: $3.27">
					    <span class="reg-price-text">$3.27</span>

                        <sup class="reg-price-unit">ea</sup>
                        </span>
                        <span class="sale-price hidden" aria-label="Sale Price:">
					    <span class="sale-price-text"></span>
                        <sup class="sale-price-unit">ea</sup>
                        </span>

                        <span class="secondary-price hidden">

					    <span class="secondary-price-text" aria-label="Secondary Price:"></span>
                        </span>
                    </div>
                </div>

                <div class="qty">
                    <span class="reg-qty  ">

		  		<span class="sr-only">Sale Price Per Unit:</span> $1.82 / 100 g

                    </span>

                    <span class="sale-qty hidden">

		  		<span class="sr-only">Sale Price Per Unit:</span> $1.82 / 100 g

                    </span>

                    <span class="secondary-qty hidden">

	  	<span class="secondary-qty-text"></span>
                    </span>
                </div>
            </div>

        </div>
        <form class="form-product  quickview-btn-simple" data-product-id="21062300_EA" data-min-qty="1.0" data-max-qty="999.0" data-unit-type="ea" data-cart-qty="1" data-default-qty="1" novalidate="novalidate" promoCode="" promoNumber="" data-is-customized="false" data-cart-url="/cart/product/21062300_EA" data-csrf-token="5582ec01-90c0-448b-b4f7-e2cf68d9f8a0" data-is-weighted-product="false">

            <div class="module-add-to-cart " data-change-type="plus" data-auto-edit="true" data-auto-add="true" data-cart-ajax-url="/cart/updateCart">
                <div class="wrapper-add-to-cart-btn">
                    <div class="module-add-to-cart-button-small">
                        <button type="button" class="btn btn-secondary btn-add-to-cart " data-auid="add-to-cart-button" data-has-pts-badge="false" aria-label="Add Cheetos Snowflakes Snacks to cart">
                            <span class="icon-cart"></span>
                            <span class="add-to-cart-text">
											Add</span>
                        </button>
                        <button type="button" class="btn btn-secondary btn-edit-cart hidden " aria-label="Edit Cart">
                            <span class="qty-in-cart"></span>
                            <span class="edit-cart-text">
											<spring code="product.edit.text" />"
										</span>
                        </button>
                        <div class="add-list-parent add-list-module  bottom-add-list-module ">
                            <button class="btn btn-inline-link btn-save-to-list  dark is-btn-animated" data-login-url="/account/login?productCode=21062300_EA" data-ajax-url="/restful/lists/all?productCode=21062300_EA" data-user-guest="Y" data-user-guest="Y" data-product-code="21062300_EA" data-delete-item="false" aria-label="Add Cheetos Snowflakes Snacks to a List">
                                <span class="glyphicon glyphicon-th-list"></span>
                                <div class="list-cta-text  is-btn-animated">Add to List</div>
                            </button>

                            <!-- this is the list HTML   -->
                            <div class="save-to-list-popup  is-btn-animated animation-up dark" data-save-to-list-error="Can not get lists at this time. Please try again later." data-product-name="Cheetos Snowflakes Snacks">
                                <div class="inner-container">
                                </div>

                            </div>
                        </div>

                    </div>
                </div>
            </div>

            <div class="module-plus-minus-buttons small hidden ">
                <button type="button" class="btn cart-change-qty" data-change-type="minus" data-auid="decrease-product-quantity" alt="Minus" aria-label="Minus">
                    <span class="icon-minimize"></span>
                </button>
                <div class="plus-minus-input-wrapper">
                    <input class="input-qty cart-change-qty" aria-label="Enter manual quantity" type="text" name="qty" title="Change quantity in cart" data-unit-type="ea" value="1ea" data-change-type="equals" maxlength="7">

                    <span class="input-qty-pretty">
							<span class="input-qty-pretty-value">1</span>
                    <span class="input-qty-pretty-unit"></span>
                    </span>
                </div>

                <button type="button" class="btn cart-change-qty" data-change-type="plus" data-auid="increase-product-quantity" alt="Plus" aria-label="Plus">
                    <span class="icon-plus-sign"></span>
                </button>

                <p class="deal-limit-reached hidden">Deal Limit Reached</p>

                <div class="tooltip-qty-error tooltip-qty-limit hidden">
                    <p>
                        Limit to &nbsp; 999 &nbsp;each&nbsp; per customer.</p>
                </div>
                <div class="tooltip-qty-error tooltip-round-error hidden">
                    <p>
                        We do not have this in the weight you wanted. We've rounded your order to the nearest weight increment we stock.</p>
                </div>
            </div>
        </form>

        <!-- End Template: AddToCartSmall -->

    </div>
</div>
<div class="item">

    <div class="module-grocery-product quickview-simple  clicked" data-quickview-ajax-url="/p/20062759004_EA/quickViewProduct" data-product-id="20062759004_EA" data-product-price="$3.78">

        <span class="subtitle"></span>

        <div class="product-page-hotspot">
            <div class="product-cell quickview-button">
                <div class="product-image ">

                    <img src="https://assets.shop.loblaws.ca/products/20062759004/b1/en/front/20062759004_front_a01.png" onerror="this.src='https://assets.shop.loblaws.ca/products/NoImage/b1/en/front/NoImage_front_a01_@2.png';" alt="Hoops Corn Snacks, Bar-B-Q" />

                    <div class="hover-text-container">
                        <button href="#" tabindex="0" class="hover-text " aria-label="Quick View for Hoops Corn Snacks, Bar-B-Q.">Quick View</button>
                    </div>
                </div>
            </div>

            <div class="product-in-cart">
                <div class="wrapper-product-in-cart">
                    <span>
	  			    In Cart
	  		    </span>
                </div>
            </div>

            <div class="product-info">
                <div class="product-name-wrapper">
                    <a href="/Food/Pantry/Chips-%26-Salty-Snacks/Pretzels-%26-Snack-Mixes/Fortress-Hoops-Corn-Snacks%2C-Bar-B-Q/p/20062759004_EA" class="product-name" aria-label="Product page for Hoops Corn Snacks, Bar-B-Q">
                        <span class="js-product-entry-brand">Fortress&nbsp;</span>

                        <span class="js-product-entry-name">Hoops Corn Snacks, Bar-B-Q</span>

                        <span class="js-product-entry-size-detail">(370 g)</span>

                    </a>
                </div>

                <span class="ad-match-badge  hidden">Ad Match</span>

                <div class="price">
                    <div class="price-wrapper no-discount  ">
                        <span class="reg-price  " aria-label="Regular Price: $3.78">
					    <span class="reg-price-text">$3.78</span>

                        <sup class="reg-price-unit">ea</sup>
                        </span>
                        <span class="sale-price hidden" aria-label="Sale Price:">
					    <span class="sale-price-text"></span>
                        <sup class="sale-price-unit">ea</sup>
                        </span>

                        <span class="secondary-price hidden">

					    <span class="secondary-price-text" aria-label="Secondary Price:"></span>
                        </span>
                    </div>
                </div>

                <div class="qty">
                    <span class="reg-qty  ">

		  		<span class="sr-only">Sale Price Per Unit:</span> $1.02 / 100 g

                    </span>

                    <span class="sale-qty hidden">

		  		<span class="sr-only">Sale Price Per Unit:</span> $1.02 / 100 g

                    </span>

                    <span class="secondary-qty hidden">

	  	<span class="secondary-qty-text"></span>
                    </span>
                </div>
            </div>

        </div>
        <form class="form-product  quickview-btn-simple" data-product-id="20062759004_EA" data-min-qty="1.0" data-max-qty="999.0" data-unit-type="ea" data-cart-qty="1" data-default-qty="1" novalidate="novalidate" promoCode="" promoNumber="" data-is-customized="false" data-cart-url="/cart/product/20062759004_EA" data-csrf-token="5582ec01-90c0-448b-b4f7-e2cf68d9f8a0" data-is-weighted-product="false">

            <div class="module-add-to-cart " data-change-type="plus" data-auto-edit="true" data-auto-add="true" data-cart-ajax-url="/cart/updateCart">
                <div class="wrapper-add-to-cart-btn">
                    <div class="module-add-to-cart-button-small">
                        <button type="button" class="btn btn-secondary btn-add-to-cart " data-auid="add-to-cart-button" data-has-pts-badge="false" aria-label="Add Hoops Corn Snacks, Bar-B-Q to cart">
                            <span class="icon-cart"></span>
                            <span class="add-to-cart-text">
											Add</span>
                        </button>
                        <button type="button" class="btn btn-secondary btn-edit-cart hidden " aria-label="Edit Cart">
                            <span class="qty-in-cart"></span>
                            <span class="edit-cart-text">
											<spring code="product.edit.text" />"
										</span>
                        </button>
                        <div class="add-list-parent add-list-module  bottom-add-list-module ">
                            <button class="btn btn-inline-link btn-save-to-list  dark is-btn-animated" data-login-url="/account/login?productCode=20062759004_EA" data-ajax-url="/restful/lists/all?productCode=20062759004_EA" data-user-guest="Y" data-user-guest="Y" data-product-code="20062759004_EA" data-delete-item="false" aria-label="Add Hoops Corn Snacks, Bar-B-Q to a List">
                                <span class="glyphicon glyphicon-th-list"></span>
                                <div class="list-cta-text  is-btn-animated">Add to List</div>
                            </button>

                            <!-- this is the list HTML   -->
                            <div class="save-to-list-popup  is-btn-animated animation-up dark" data-save-to-list-error="Can not get lists at this time. Please try again later." data-product-name="Hoops Corn Snacks, Bar-B-Q">
                                <div class="inner-container">
                                </div>

                            </div>
                        </div>

                    </div>
                </div>
            </div>

            <div class="module-plus-minus-buttons small hidden ">
                <button type="button" class="btn cart-change-qty" data-change-type="minus" data-auid="decrease-product-quantity" alt="Minus" aria-label="Minus">
                    <span class="icon-minimize"></span>
                </button>
                <div class="plus-minus-input-wrapper">
                    <input class="input-qty cart-change-qty" aria-label="Enter manual quantity" type="text" name="qty" title="Change quantity in cart" data-unit-type="ea" value="1ea" data-change-type="equals" maxlength="7">

                    <span class="input-qty-pretty">
							<span class="input-qty-pretty-value">1</span>
                    <span class="input-qty-pretty-unit"></span>
                    </span>
                </div>

                <button type="button" class="btn cart-change-qty" data-change-type="plus" data-auid="increase-product-quantity" alt="Plus" aria-label="Plus">
                    <span class="icon-plus-sign"></span>
                </button>

                <p class="deal-limit-reached hidden">Deal Limit Reached</p>

                <div class="tooltip-qty-error tooltip-qty-limit hidden">
                    <p>
                        Limit to &nbsp; 999 &nbsp;each&nbsp; per customer.</p>
                </div>
                <div class="tooltip-qty-error tooltip-round-error hidden">
                    <p>
                        We do not have this in the weight you wanted. We've rounded your order to the nearest weight increment we stock.</p>
                </div>
            </div>
        </form>

        <!-- End Template: AddToCartSmall -->

    </div>
</div>
<div class="item">

    <div class="module-grocery-product quickview-simple  clicked" data-quickview-ajax-url="/p/20964363_EA/quickViewProduct" data-product-id="20964363_EA" data-product-price="$2.47">

        <span class="subtitle"></span>

        <div class="product-page-hotspot">
            <div class="product-cell quickview-button">
                <div class="product-image ">

                    <img src="https://assets.shop.loblaws.ca/products/20964363/b1/en/front/20964363_front_a01.png" onerror="this.src='https://assets.shop.loblaws.ca/products/NoImage/b1/en/front/NoImage_front_a01_@2.png';" alt="Potato Chips, Lightly Salted" />

                    <span class="sticker deal">
	  				    <span class="deal-badge">
	  					    <span class="module-deal-badge module-deal-badge-feature flyer expires undefined">
	  						    <span class="deal-type">
								    Flyer<br />
	  							    Item
	  						    </span>

                    <span class="deal-expiry">
		Exp. 12/19
	</span>

                    </span>
                    </span>
                    </span>

                    <div class="hover-text-container">
                        <button href="#" tabindex="0" class="hover-text " aria-label="Quick View for Potato Chips, Lightly Salted.">Quick View</button>
                    </div>
                </div>
            </div>

            <div class="product-in-cart">
                <div class="wrapper-product-in-cart">
                    <span>
	  			    In Cart
	  		    </span>
                </div>
            </div>

            <div class="product-info">
                <div class="product-name-wrapper">
                    <a href="/Food/Pantry/Chips-%26-Salty-Snacks/Potato-Chips/Lay%27s-Potato-Chips%2C-Lightly-Salted/p/20964363_EA" class="product-name" aria-label="Product page for Potato Chips, Lightly Salted">
                        <span class="js-product-entry-brand">Lay's&nbsp;</span>

                        <span class="js-product-entry-name">Potato Chips, Lightly Salted</span>

                        <span class="js-product-entry-size-detail">(255 g)</span>

                    </a>
                </div>

                <span class="ad-match-badge  hidden">Ad Match</span>

                <div class="price">
                    <div class="price-wrapper no-discount  ">
                        <span class="reg-price  " aria-label="Regular Price: $2.47">
					    <span class="reg-price-text">$2.47</span>

                        <sup class="reg-price-unit">ea</sup>
                        </span>
                        <span class="sale-price hidden" aria-label="Sale Price:">
					    <span class="sale-price-text"></span>
                        <sup class="sale-price-unit">ea</sup>
                        </span>

                        <span class="secondary-price hidden">

					    <span class="secondary-price-text" aria-label="Secondary Price:"></span>
                        </span>
                    </div>
                </div>

                <div class="qty">
                    <span class="reg-qty  ">

		  		<span class="sr-only">Sale Price Per Unit:</span> $0.97 / 100 g

                    </span>

                    <span class="sale-qty hidden">

		  		<span class="sr-only">Sale Price Per Unit:</span> $0.97 / 100 g

                    </span>

                    <span class="secondary-qty hidden">

	  	<span class="secondary-qty-text"></span>
                    </span>
                </div>
            </div>

        </div>
        <form class="form-product  quickview-btn-simple" data-product-id="20964363_EA" data-min-qty="1.0" data-max-qty="999.0" data-unit-type="ea" data-cart-qty="1" data-default-qty="1" novalidate="novalidate" promoCode="" promoNumber="" data-is-customized="false" data-cart-url="/cart/product/20964363_EA" data-csrf-token="5582ec01-90c0-448b-b4f7-e2cf68d9f8a0" data-is-weighted-product="false">

            <div class="module-add-to-cart " data-change-type="plus" data-auto-edit="true" data-auto-add="true" data-cart-ajax-url="/cart/updateCart">
                <div class="wrapper-add-to-cart-btn">
                    <div class="module-add-to-cart-button-small">
                        <button type="button" class="btn btn-secondary btn-add-to-cart " data-auid="add-to-cart-button" data-has-pts-badge="false" aria-label="Add Potato Chips, Lightly Salted to cart">
                            <span class="icon-cart"></span>
                            <span class="add-to-cart-text">
											Add</span>
                        </button>
                        <button type="button" class="btn btn-secondary btn-edit-cart hidden " aria-label="Edit Cart">
                            <span class="qty-in-cart"></span>
                            <span class="edit-cart-text">
											<spring code="product.edit.text" />"
										</span>
                        </button>
                        <div class="add-list-parent add-list-module  bottom-add-list-module ">
                            <button class="btn btn-inline-link btn-save-to-list  dark is-btn-animated" data-login-url="/account/login?productCode=20964363_EA" data-ajax-url="/restful/lists/all?productCode=20964363_EA" data-user-guest="Y" data-user-guest="Y" data-product-code="20964363_EA" data-delete-item="false" aria-label="Add Potato Chips, Lightly Salted to a List">
                                <span class="glyphicon glyphicon-th-list"></span>
                                <div class="list-cta-text  is-btn-animated">Add to List</div>
                            </button>

                            <!-- this is the list HTML   -->
                            <div class="save-to-list-popup  is-btn-animated animation-up dark" data-save-to-list-error="Can not get lists at this time. Please try again later." data-product-name="Potato Chips, Lightly Salted">
                                <div class="inner-container">
                                </div>

                            </div>
                        </div>

                    </div>
                </div>
            </div>

            <div class="module-plus-minus-buttons small hidden ">
                <button type="button" class="btn cart-change-qty" data-change-type="minus" data-auid="decrease-product-quantity" alt="Minus" aria-label="Minus">
                    <span class="icon-minimize"></span>
                </button>
                <div class="plus-minus-input-wrapper">
                    <input class="input-qty cart-change-qty" aria-label="Enter manual quantity" type="text" name="qty" title="Change quantity in cart" data-unit-type="ea" value="1ea" data-change-type="equals" maxlength="7">

                    <span class="input-qty-pretty">
							<span class="input-qty-pretty-value">1</span>
                    <span class="input-qty-pretty-unit"></span>
                    </span>
                </div>

                <button type="button" class="btn cart-change-qty" data-change-type="plus" data-auid="increase-product-quantity" alt="Plus" aria-label="Plus">
                    <span class="icon-plus-sign"></span>
                </button>

                <p class="deal-limit-reached hidden">Deal Limit Reached</p>

                <div class="tooltip-qty-error tooltip-qty-limit hidden">
                    <p>
                        Limit to &nbsp; 999 &nbsp;each&nbsp; per customer.</p>
                </div>
                <div class="tooltip-qty-error tooltip-round-error hidden">
                    <p>
                        We do not have this in the weight you wanted. We've rounded your order to the nearest weight increment we stock.</p>
                </div>
            </div>
        </form>

        <!-- End Template: AddToCartSmall -->

    </div>
</div>
<div class="item">

    <div class="module-grocery-product quickview-simple  clicked" data-quickview-ajax-url="/p/20964364_EA/quickViewProduct" data-product-id="20964364_EA" data-product-price="$3.18">

        <span class="subtitle"></span>

        <div class="product-page-hotspot">
            <div class="product-cell quickview-button">
                <div class="product-image ">

                    <img src="https://assets.shop.loblaws.ca/products/20964364/b1/en/front/20964364_front_a01.png" onerror="this.src='https://assets.shop.loblaws.ca/products/NoImage/b1/en/front/NoImage_front_a01_@2.png';" alt="Potato Chips, Smokey Bacon" />

                    <span class="sticker deal">
	  				    <span class="deal-badge">
	  					    <span class="module-deal-badge module-deal-badge-feature flyer expires undefined">
	  						    <span class="deal-type">
								    Flyer<br />
	  							    Item
	  						    </span>

                    <span class="deal-expiry">
		Exp. 12/19
	</span>

                    </span>
                    </span>
                    </span>

                    <div class="hover-text-container">
                        <button href="#" tabindex="0" class="hover-text " aria-label="Quick View for Potato Chips, Smokey Bacon.">Quick View</button>
                    </div>
                </div>
            </div>

            <div class="product-in-cart">
                <div class="wrapper-product-in-cart">
                    <span>
	  			    In Cart
	  		    </span>
                </div>
            </div>

            <div class="product-info">
                <div class="product-name-wrapper">
                    <a href="/Food/Pantry/Chips-%26-Salty-Snacks/Potato-Chips/Lay%27s-Potato-Chips%2C-Smokey-Bacon/p/20964364_EA" class="product-name" aria-label="Product page for Potato Chips, Smokey Bacon">
                        <span class="js-product-entry-brand">Lay's&nbsp;</span>

                        <span class="js-product-entry-name">Potato Chips, Smokey Bacon</span>

                        <span class="js-product-entry-size-detail">(255 g)</span>

                    </a>
                </div>

                <span class="ad-match-badge  hidden">Ad Match</span>

                <div class="price">
                    <div class="price-wrapper no-discount  ">
                        <span class="reg-price  " aria-label="Regular Price: $3.18">
					    <span class="reg-price-text">$3.18</span>

                        <sup class="reg-price-unit">ea</sup>
                        </span>
                        <span class="sale-price hidden" aria-label="Sale Price:">
					    <span class="sale-price-text"></span>
                        <sup class="sale-price-unit">ea</sup>
                        </span>

                        <span class="secondary-price hidden">

					    <span class="secondary-price-text" aria-label="Secondary Price:"></span>
                        </span>
                    </div>
                </div>

                <div class="qty">
                    <span class="reg-qty  ">

		  		<span class="sr-only">Sale Price Per Unit:</span> $1.25 / 100 g

                    </span>

                    <span class="sale-qty hidden">

		  		<span class="sr-only">Sale Price Per Unit:</span> $1.25 / 100 g

                    </span>

                    <span class="secondary-qty hidden">

	  	<span class="secondary-qty-text"></span>
                    </span>
                </div>
            </div>

        </div>
        <form class="form-product  quickview-btn-simple" data-product-id="20964364_EA" data-min-qty="1.0" data-max-qty="999.0" data-unit-type="ea" data-cart-qty="1" data-default-qty="1" novalidate="novalidate" promoCode="" promoNumber="" data-is-customized="false" data-cart-url="/cart/product/20964364_EA" data-csrf-token="5582ec01-90c0-448b-b4f7-e2cf68d9f8a0" data-is-weighted-product="false">

            <div class="module-add-to-cart " data-change-type="plus" data-auto-edit="true" data-auto-add="true" data-cart-ajax-url="/cart/updateCart">
                <div class="wrapper-add-to-cart-btn">
                    <div class="module-add-to-cart-button-small">
                        <button type="button" class="btn btn-secondary btn-add-to-cart " data-auid="add-to-cart-button" data-has-pts-badge="false" aria-label="Add Potato Chips, Smokey Bacon to cart">
                            <span class="icon-cart"></span>
                            <span class="add-to-cart-text">
											Add</span>
                        </button>
                        <button type="button" class="btn btn-secondary btn-edit-cart hidden " aria-label="Edit Cart">
                            <span class="qty-in-cart"></span>
                            <span class="edit-cart-text">
											<spring code="product.edit.text" />"
										</span>
                        </button>
                        <div class="add-list-parent add-list-module  bottom-add-list-module ">
                            <button class="btn btn-inline-link btn-save-to-list  dark is-btn-animated" data-login-url="/account/login?productCode=20964364_EA" data-ajax-url="/restful/lists/all?productCode=20964364_EA" data-user-guest="Y" data-user-guest="Y" data-product-code="20964364_EA" data-delete-item="false" aria-label="Add Potato Chips, Smokey Bacon to a List">
                                <span class="glyphicon glyphicon-th-list"></span>
                                <div class="list-cta-text  is-btn-animated">Add to List</div>
                            </button>

                            <!-- this is the list HTML   -->
                            <div class="save-to-list-popup  is-btn-animated animation-up dark" data-save-to-list-error="Can not get lists at this time. Please try again later." data-product-name="Potato Chips, Smokey Bacon">
                                <div class="inner-container">
                                </div>

                            </div>
                        </div>

                    </div>
                </div>
            </div>

            <div class="module-plus-minus-buttons small hidden ">
                <button type="button" class="btn cart-change-qty" data-change-type="minus" data-auid="decrease-product-quantity" alt="Minus" aria-label="Minus">
                    <span class="icon-minimize"></span>
                </button>
                <div class="plus-minus-input-wrapper">
                    <input class="input-qty cart-change-qty" aria-label="Enter manual quantity" type="text" name="qty" title="Change quantity in cart" data-unit-type="ea" value="1ea" data-change-type="equals" maxlength="7">

                    <span class="input-qty-pretty">
							<span class="input-qty-pretty-value">1</span>
                    <span class="input-qty-pretty-unit"></span>
                    </span>
                </div>

                <button type="button" class="btn cart-change-qty" data-change-type="plus" data-auid="increase-product-quantity" alt="Plus" aria-label="Plus">
                    <span class="icon-plus-sign"></span>
                </button>

                <p class="deal-limit-reached hidden">Deal Limit Reached</p>

                <div class="tooltip-qty-error tooltip-qty-limit hidden">
                    <p>
                        Limit to &nbsp; 999 &nbsp;each&nbsp; per customer.</p>
                </div>
                <div class="tooltip-qty-error tooltip-round-error hidden">
                    <p>
                        We do not have this in the weight you wanted. We've rounded your order to the nearest weight increment we stock.</p>
                </div>
            </div>
        </form>

        <!-- End Template: AddToCartSmall -->

    </div>
</div>
<div class="item">

    <div class="module-grocery-product quickview-simple  clicked" data-quickview-ajax-url="/p/20860006_EA/quickViewProduct" data-product-id="20860006_EA" data-product-price="$6.28">

        <span class="subtitle"></span>

        <div class="product-page-hotspot">
            <div class="product-cell quickview-button">
                <div class="product-image ">

                    <img src="https://assets.shop.loblaws.ca/products/20860006/b1/en/front/20860006_front_a01.png" onerror="this.src='https://assets.shop.loblaws.ca/products/NoImage/b1/en/front/NoImage_front_a01_@2.png';" alt="Original Party Mix Snack XXXL" />

                    <div class="hover-text-container">
                        <button href="#" tabindex="0" class="hover-text " aria-label="Quick View for Original Party Mix Snack XXXL.">Quick View</button>
                    </div>
                </div>
            </div>

            <div class="product-in-cart">
                <div class="wrapper-product-in-cart">
                    <span>
	  			    In Cart
	  		    </span>
                </div>
            </div>

            <div class="product-info">
                <div class="product-name-wrapper">
                    <a href="/Food/Pantry/Chips-%26-Salty-Snacks/Potato-Chips/Humpty-Dumpty-Original-Party-Mix-Snack-XXXL/p/20860006_EA" class="product-name" aria-label="Product page for Original Party Mix Snack XXXL">
                        <span class="js-product-entry-brand">Humpty Dumpty&nbsp;</span>

                        <span class="js-product-entry-name">Original Party Mix Snack XXXL</span>

                        <span class="js-product-entry-size-detail">(640 g)</span>

                    </a>
                </div>

                <span class="ad-match-badge  hidden">Ad Match</span>

                <div class="price">
                    <div class="price-wrapper no-discount  ">
                        <span class="reg-price  " aria-label="Regular Price: $6.28">
					    <span class="reg-price-text">$6.28</span>

                        <sup class="reg-price-unit">ea</sup>
                        </span>
                        <span class="sale-price hidden" aria-label="Sale Price:">
					    <span class="sale-price-text"></span>
                        <sup class="sale-price-unit">ea</sup>
                        </span>

                        <span class="secondary-price hidden">

					    <span class="secondary-price-text" aria-label="Secondary Price:"></span>
                        </span>
                    </div>
                </div>

                <div class="qty">
                    <span class="reg-qty  ">

		  		<span class="sr-only">Sale Price Per Unit:</span> $0.98 / 100 g

                    </span>

                    <span class="sale-qty hidden">

		  		<span class="sr-only">Sale Price Per Unit:</span> $0.98 / 100 g

                    </span>

                    <span class="secondary-qty hidden">

	  	<span class="secondary-qty-text"></span>
                    </span>
                </div>
            </div>

        </div>
        <form class="form-product  quickview-btn-simple" data-product-id="20860006_EA" data-min-qty="1.0" data-max-qty="999.0" data-unit-type="ea" data-cart-qty="1" data-default-qty="1" novalidate="novalidate" promoCode="" promoNumber="" data-is-customized="false" data-cart-url="/cart/product/20860006_EA" data-csrf-token="5582ec01-90c0-448b-b4f7-e2cf68d9f8a0" data-is-weighted-product="false">

            <div class="module-add-to-cart " data-change-type="plus" data-auto-edit="true" data-auto-add="true" data-cart-ajax-url="/cart/updateCart">
                <div class="wrapper-add-to-cart-btn">
                    <div class="module-add-to-cart-button-small">
                        <button type="button" class="btn btn-secondary btn-add-to-cart " data-auid="add-to-cart-button" data-has-pts-badge="false" aria-label="Add Original Party Mix Snack XXXL to cart">
                            <span class="icon-cart"></span>
                            <span class="add-to-cart-text">
											Add</span>
                        </button>
                        <button type="button" class="btn btn-secondary btn-edit-cart hidden " aria-label="Edit Cart">
                            <span class="qty-in-cart"></span>
                            <span class="edit-cart-text">
											<spring code="product.edit.text" />"
										</span>
                        </button>
                        <div class="add-list-parent add-list-module  bottom-add-list-module ">
                            <button class="btn btn-inline-link btn-save-to-list  dark is-btn-animated" data-login-url="/account/login?productCode=20860006_EA" data-ajax-url="/restful/lists/all?productCode=20860006_EA" data-user-guest="Y" data-user-guest="Y" data-product-code="20860006_EA" data-delete-item="false" aria-label="Add Original Party Mix Snack XXXL to a List">
                                <span class="glyphicon glyphicon-th-list"></span>
                                <div class="list-cta-text  is-btn-animated">Add to List</div>
                            </button>

                            <!-- this is the list HTML   -->
                            <div class="save-to-list-popup  is-btn-animated animation-up dark" data-save-to-list-error="Can not get lists at this time. Please try again later." data-product-name="Original Party Mix Snack XXXL">
                                <div class="inner-container">
                                </div>

                            </div>
                        </div>

                    </div>
                </div>
            </div>

            <div class="module-plus-minus-buttons small hidden ">
                <button type="button" class="btn cart-change-qty" data-change-type="minus" data-auid="decrease-product-quantity" alt="Minus" aria-label="Minus">
                    <span class="icon-minimize"></span>
                </button>
                <div class="plus-minus-input-wrapper">
                    <input class="input-qty cart-change-qty" aria-label="Enter manual quantity" type="text" name="qty" title="Change quantity in cart" data-unit-type="ea" value="1ea" data-change-type="equals" maxlength="7">

                    <span class="input-qty-pretty">
							<span class="input-qty-pretty-value">1</span>
                    <span class="input-qty-pretty-unit"></span>
                    </span>
                </div>

                <button type="button" class="btn cart-change-qty" data-change-type="plus" data-auid="increase-product-quantity" alt="Plus" aria-label="Plus">
                    <span class="icon-plus-sign"></span>
                </button>

                <p class="deal-limit-reached hidden">Deal Limit Reached</p>

                <div class="tooltip-qty-error tooltip-qty-limit hidden">
                    <p>
                        Limit to &nbsp; 999 &nbsp;each&nbsp; per customer.</p>
                </div>
                <div class="tooltip-qty-error tooltip-round-error hidden">
                    <p>
                        We do not have this in the weight you wanted. We've rounded your order to the nearest weight increment we stock.</p>
                </div>
            </div>
        </form>

        <!-- End Template: AddToCartSmall -->

    </div>
</div>
<div class="item">

    <div class="module-grocery-product quickview-simple  clicked" data-quickview-ajax-url="/p/20306510_EA/quickViewProduct" data-product-id="20306510_EA" data-product-price="$1.18">

        <span class="subtitle"></span>

        <div class="product-page-hotspot">
            <div class="product-cell quickview-button">
                <div class="product-image ">

                    <img src="https://assets.shop.loblaws.ca/products/20306510/b1/en/front/20306510_front_a01.png" onerror="this.src='https://assets.shop.loblaws.ca/products/NoImage/b1/en/front/NoImage_front_a01_@2.png';" alt="Potato Chips, Regular" />

                    <div class="hover-text-container">
                        <button href="#" tabindex="0" class="hover-text " aria-label="Quick View for Potato Chips, Regular.">Quick View</button>
                    </div>
                </div>
            </div>

            <div class="product-in-cart">
                <div class="wrapper-product-in-cart">
                    <span>
	  			    In Cart
	  		    </span>
                </div>
            </div>

            <div class="product-info">
                <div class="product-name-wrapper">
                    <a href="/Food/Pantry/Chips-%26-Salty-Snacks/Potato-Chips/Potato-Chips%2C-Regular/p/20306510_EA" class="product-name" aria-label="Product page for Potato Chips, Regular">
                        <span class="js-product-entry-brand">No Name&nbsp;</span>

                        <span class="js-product-entry-name">Potato Chips, Regular</span>

                        <span class="js-product-entry-size-detail">(200 g)</span>

                    </a>
                </div>

                <span class="ad-match-badge  hidden">Ad Match</span>

                <div class="price">
                    <div class="price-wrapper no-discount  ">
                        <span class="reg-price  " aria-label="Regular Price: $1.18">
					    <span class="reg-price-text">$1.18</span>

                        <sup class="reg-price-unit">ea</sup>
                        </span>
                        <span class="sale-price hidden" aria-label="Sale Price:">
					    <span class="sale-price-text"></span>
                        <sup class="sale-price-unit">ea</sup>
                        </span>

                        <span class="secondary-price hidden">

					    <span class="secondary-price-text" aria-label="Secondary Price:"></span>
                        </span>
                    </div>
                </div>

                <div class="qty">
                    <span class="reg-qty  ">

		  		<span class="sr-only">Sale Price Per Unit:</span> $0.59 / 100 g

                    </span>

                    <span class="sale-qty hidden">

		  		<span class="sr-only">Sale Price Per Unit:</span> $0.59 / 100 g

                    </span>

                    <span class="secondary-qty hidden">

	  	<span class="secondary-qty-text"></span>
                    </span>
                </div>
            </div>

        </div>
        <form class="form-product  quickview-btn-simple" data-product-id="20306510_EA" data-min-qty="1.0" data-max-qty="999.0" data-unit-type="ea" data-cart-qty="1" data-default-qty="1" novalidate="novalidate" promoCode="" promoNumber="" data-is-customized="false" data-cart-url="/cart/product/20306510_EA" data-csrf-token="5582ec01-90c0-448b-b4f7-e2cf68d9f8a0" data-is-weighted-product="false">

            <div class="module-add-to-cart " data-change-type="plus" data-auto-edit="true" data-auto-add="true" data-cart-ajax-url="/cart/updateCart">
                <div class="wrapper-add-to-cart-btn">
                    <div class="module-add-to-cart-button-small">
                        <button type="button" class="btn btn-secondary btn-add-to-cart " data-auid="add-to-cart-button" data-has-pts-badge="false" aria-label="Add Potato Chips, Regular to cart">
                            <span class="icon-cart"></span>
                            <span class="add-to-cart-text">
											Add</span>
                        </button>
                        <button type="button" class="btn btn-secondary btn-edit-cart hidden " aria-label="Edit Cart">
                            <span class="qty-in-cart"></span>
                            <span class="edit-cart-text">
											<spring code="product.edit.text" />"
										</span>
                        </button>
                        <div class="add-list-parent add-list-module  bottom-add-list-module ">
                            <button class="btn btn-inline-link btn-save-to-list  dark is-btn-animated" data-login-url="/account/login?productCode=20306510_EA" data-ajax-url="/restful/lists/all?productCode=20306510_EA" data-user-guest="Y" data-user-guest="Y" data-product-code="20306510_EA" data-delete-item="false" aria-label="Add Potato Chips, Regular to a List">
                                <span class="glyphicon glyphicon-th-list"></span>
                                <div class="list-cta-text  is-btn-animated">Add to List</div>
                            </button>

                            <!-- this is the list HTML   -->
                            <div class="save-to-list-popup  is-btn-animated animation-up dark" data-save-to-list-error="Can not get lists at this time. Please try again later." data-product-name="Potato Chips, Regular">
                                <div class="inner-container">
                                </div>

                            </div>
                        </div>

                    </div>
                </div>
            </div>

            <div class="module-plus-minus-buttons small hidden ">
                <button type="button" class="btn cart-change-qty" data-change-type="minus" data-auid="decrease-product-quantity" alt="Minus" aria-label="Minus">
                    <span class="icon-minimize"></span>
                </button>
                <div class="plus-minus-input-wrapper">
                    <input class="input-qty cart-change-qty" aria-label="Enter manual quantity" type="text" name="qty" title="Change quantity in cart" data-unit-type="ea" value="1ea" data-change-type="equals" maxlength="7">

                    <span class="input-qty-pretty">
							<span class="input-qty-pretty-value">1</span>
                    <span class="input-qty-pretty-unit"></span>
                    </span>
                </div>

                <button type="button" class="btn cart-change-qty" data-change-type="plus" data-auid="increase-product-quantity" alt="Plus" aria-label="Plus">
                    <span class="icon-plus-sign"></span>
                </button>

                <p class="deal-limit-reached hidden">Deal Limit Reached</p>

                <div class="tooltip-qty-error tooltip-qty-limit hidden">
                    <p>
                        Limit to &nbsp; 999 &nbsp;each&nbsp; per customer.</p>
                </div>
                <div class="tooltip-qty-error tooltip-round-error hidden">
                    <p>
                        We do not have this in the weight you wanted. We've rounded your order to the nearest weight increment we stock.</p>
                </div>
            </div>
        </form>

        <!-- End Template: AddToCartSmall -->

    </div>
</div>
<div class="item">

    <div class="module-grocery-product quickview-simple  clicked" data-quickview-ajax-url="/p/20298997013_EA/quickViewProduct" data-product-id="20298997013_EA" data-product-price="$2.48">

        <span class="subtitle"></span>

        <div class="product-page-hotspot">
            <div class="product-cell quickview-button">
                <div class="product-image ">

                    <img src="https://assets.shop.loblaws.ca/products/20298997013/b1/en/front/20298997013_front_a01.png" onerror="this.src='https://assets.shop.loblaws.ca/products/NoImage/b1/en/front/NoImage_front_a01_@2.png';" alt="Krinkle Cut Potato Chips, Salt & Pepper" />

                    <span class="sticker deal">
	  				        <span class="deal-badge">

	  				            <span class="module-deal-badge module-deal-badge-grid simple-save-unit "
	  						        data-deal-type="$2.48 LIMIT 4"
	  						        data-ajax-promo-url="/simpleDeal/deals/product-tile?productCode=20298997013_EA"
	  						        data-deal-id="20298997013_EA">
	  						        <span class="deal-type">$2.48 LIMIT 4</span>

                    <span class="deal-expiry">
		Exp. 12/20
	</span>

                    </span>
                    </span>
                    </span>

                    <div class="hover-text-container">
                        <button href="#" tabindex="0" class="hover-text " aria-label="Quick View for Krinkle Cut Potato Chips, Salt & Pepper.">Quick View</button>
                    </div>
                </div>
            </div>

            <div class="product-in-cart">
                <div class="wrapper-product-in-cart">
                    <span>
	  			    In Cart
	  		    </span>
                </div>
            </div>

            <div class="product-info">
                <div class="product-name-wrapper">
                    <a href="/Food/Pantry/Chips-%26-Salty-Snacks/Potato-Chips/Krinkle-Cut-Potato-Chips%2C-Salt-%26-Pepper/p/20298997013_EA" class="product-name" aria-label="Product page for Krinkle Cut Potato Chips, Salt & Pepper">
                        <span class="js-product-entry-brand">Kettle&nbsp;</span>

                        <span class="js-product-entry-name">Krinkle Cut Potato Chips, Salt & Pepper</span>

                        <span class="js-product-entry-size-detail">(220 g)</span>

                    </a>
                </div>

                <span class="ad-match-badge  hidden">Ad Match</span>

                <div class="price">
                    <div class="price-wrapper no-discount promo-alert ">
                        <span class="reg-price  price-alert" aria-label="Regular Price: $2.48">
					    <span class="reg-price-text">$2.48</span>

                        <sup class="reg-price-unit">ea</sup>
                        </span>
                        <span class="sale-price hidden" aria-label="Sale Price:">
					    <span class="sale-price-text"></span>
                        <sup class="sale-price-unit">ea</sup>
                        </span>

                        <span class="secondary-price hidden">

					    <span class="secondary-price-text" aria-label="Secondary Price:"></span>
                        </span>
                    </div>
                </div>

                <div class="qty">
                    <span class="reg-qty  price-alert">

		  		<span class="sr-only">Sale Price Per Unit:</span> $1.13 / 100 g

                    </span>

                    <span class="sale-qty hidden">

		  		<span class="sr-only">Sale Price Per Unit:</span> $1.13 / 100 g

                    </span>

                    <span class="secondary-qty hidden">

	  	<span class="secondary-qty-text"></span>
                    </span>
                </div>
            </div>

        </div>
        <form class="form-product  quickview-btn-simple" data-product-id="20298997013_EA" data-min-qty="1.0" data-max-qty="999.0" data-unit-type="ea" data-cart-qty="1" data-default-qty="1" novalidate="novalidate" promoCode="" promoNumber="" data-is-customized="false" data-cart-url="/cart/product/20298997013_EA" data-csrf-token="5582ec01-90c0-448b-b4f7-e2cf68d9f8a0" data-is-weighted-product="false">

            <div class="module-add-to-cart " data-change-type="plus" data-auto-edit="true" data-auto-add="true" data-cart-ajax-url="/cart/updateCart">
                <div class="wrapper-add-to-cart-btn">
                    <div class="module-add-to-cart-button-small">
                        <button type="button" class="btn btn-secondary btn-add-to-cart " data-auid="add-to-cart-button" data-has-pts-badge="false" aria-label="Add Krinkle Cut Potato Chips, Salt & Pepper to cart">
                            <span class="icon-cart"></span>
                            <span class="add-to-cart-text">
											Add</span>
                        </button>
                        <button type="button" class="btn btn-secondary btn-edit-cart hidden " aria-label="Edit Cart">
                            <span class="qty-in-cart"></span>
                            <span class="edit-cart-text">
											<spring code="product.edit.text" />"
										</span>
                        </button>
                        <div class="add-list-parent add-list-module  bottom-add-list-module ">
                            <button class="btn btn-inline-link btn-save-to-list  dark is-btn-animated" data-login-url="/account/login?productCode=20298997013_EA" data-ajax-url="/restful/lists/all?productCode=20298997013_EA" data-user-guest="Y" data-user-guest="Y" data-product-code="20298997013_EA" data-delete-item="false" aria-label="Add Krinkle Cut Potato Chips, Salt & Pepper to a List">
                                <span class="glyphicon glyphicon-th-list"></span>
                                <div class="list-cta-text  is-btn-animated">Add to List</div>
                            </button>

                            <!-- this is the list HTML   -->
                            <div class="save-to-list-popup  is-btn-animated animation-up dark" data-save-to-list-error="Can not get lists at this time. Please try again later." data-product-name="Krinkle Cut Potato Chips, Salt & Pepper">
                                <div class="inner-container">
                                </div>

                            </div>
                        </div>

                    </div>
                </div>
            </div>

            <div class="module-plus-minus-buttons small hidden ">
                <button type="button" class="btn cart-change-qty" data-change-type="minus" data-auid="decrease-product-quantity" alt="Minus" aria-label="Minus">
                    <span class="icon-minimize"></span>
                </button>
                <div class="plus-minus-input-wrapper">
                    <input class="input-qty cart-change-qty" aria-label="Enter manual quantity" type="text" name="qty" title="Change quantity in cart" data-unit-type="ea" value="1ea" data-change-type="equals" maxlength="7">

                    <span class="input-qty-pretty">
							<span class="input-qty-pretty-value">1</span>
                    <span class="input-qty-pretty-unit"></span>
                    </span>
                </div>

                <button type="button" class="btn cart-change-qty" data-change-type="plus" data-auid="increase-product-quantity" alt="Plus" aria-label="Plus">
                    <span class="icon-plus-sign"></span>
                </button>

                <p class="deal-limit-reached hidden">Deal Limit Reached</p>

                <div class="tooltip-qty-error tooltip-qty-limit hidden">
                    <p>
                        Limit to &nbsp; 999 &nbsp;each&nbsp; per customer.</p>
                </div>
                <div class="tooltip-qty-error tooltip-round-error hidden">
                    <p>
                        We do not have this in the weight you wanted. We've rounded your order to the nearest weight increment we stock.</p>
                </div>
            </div>
        </form>

        <!-- End Template: AddToCartSmall -->

    </div>
</div>
<div class="item">

    <div class="module-grocery-product quickview-simple  clicked" data-quickview-ajax-url="/p/20946414_EA/quickViewProduct" data-product-id="20946414_EA" data-product-price="$1.28">

        <span class="subtitle"></span>

        <div class="product-page-hotspot">
            <div class="product-cell quickview-button">
                <div class="product-image ">

                    <img src="https://assets.shop.loblaws.ca/products/20946414/b1/en/front/20946414_front_a01.png" onerror="this.src='https://assets.shop.loblaws.ca/products/NoImage/b1/en/front/NoImage_front_a01_@2.png';" alt="Potato Crisps, Regular" />

                    <span class="sticker deal">
	  				        <span class="deal-badge">

	  				            <span class="module-deal-badge module-deal-badge-grid simple-save-unit "
	  						        data-deal-type="3 FOR $3.45"
	  						        data-ajax-promo-url="/simpleDeal/deals/product-tile?productCode=20946414_EA"
	  						        data-deal-id="20946414_EA">
	  						        <span class="deal-type">3 FOR $3.45</span>

                    <span class="deal-expiry">
		Exp. 12/31
	</span>

                    </span>
                    </span>
                    </span>

                    <div class="hover-text-container">
                        <button href="#" tabindex="0" class="hover-text " aria-label="Quick View for Potato Crisps, Regular.">Quick View</button>
                    </div>
                </div>
            </div>

            <div class="product-in-cart">
                <div class="wrapper-product-in-cart">
                    <span>
	  			    In Cart
	  		    </span>
                </div>
            </div>

            <div class="product-info">
                <div class="product-name-wrapper">
                    <a href="/Food/Pantry/Chips-%26-Salty-Snacks/Potato-Chips/No-Name-Potato-Crisps%2C-Regular/p/20946414_EA" class="product-name" aria-label="Product page for Potato Crisps, Regular">
                        <span class="js-product-entry-brand">No Name&nbsp;</span>

                        <span class="js-product-entry-name">Potato Crisps, Regular</span>

                        <span class="js-product-entry-size-detail">(150 g)</span>

                    </a>
                </div>

                <span class="ad-match-badge  hidden">Ad Match</span>

                <div class="price">
                    <div class="price-wrapper no-discount  ">
                        <span class="reg-price  " aria-label="Regular Price: $1.28">
					    <span class="reg-price-text">$1.28</span>

                        <sup class="reg-price-unit">ea</sup>
                        </span>
                        <span class="sale-price hidden" aria-label="Sale Price:">
					    <span class="sale-price-text"></span>
                        <sup class="sale-price-unit">ea</sup>
                        </span>

                        <span class="secondary-price hidden">

					    <span class="secondary-price-text" aria-label="Secondary Price:"></span>
                        </span>
                    </div>
                </div>

                <div class="qty">
                    <span class="reg-qty  ">

		  		<span class="sr-only">Sale Price Per Unit:</span> $0.85 / 100 g

                    </span>

                    <span class="sale-qty hidden">

		  		<span class="sr-only">Sale Price Per Unit:</span> $0.85 / 100 g

                    </span>

                    <span class="secondary-qty hidden">

	  	<span class="secondary-qty-text"></span>
                    </span>
                </div>
            </div>

        </div>
        <form class="form-product  quickview-btn-simple" data-product-id="20946414_EA" data-min-qty="1.0" data-max-qty="999.0" data-unit-type="ea" data-cart-qty="1" data-default-qty="1" novalidate="novalidate" promoCode="" promoNumber="" data-is-customized="false" data-cart-url="/cart/product/20946414_EA" data-csrf-token="5582ec01-90c0-448b-b4f7-e2cf68d9f8a0" data-is-weighted-product="false">

            <div class="module-add-to-cart " data-change-type="plus" data-auto-edit="true" data-auto-add="true" data-cart-ajax-url="/cart/updateCart">
                <div class="wrapper-add-to-cart-btn">
                    <div class="module-add-to-cart-button-small">
                        <button type="button" class="btn btn-secondary btn-add-to-cart " data-auid="add-to-cart-button" data-has-pts-badge="false" aria-label="Add Potato Crisps, Regular to cart">
                            <span class="icon-cart"></span>
                            <span class="add-to-cart-text">
											Add</span>
                        </button>
                        <button type="button" class="btn btn-secondary btn-edit-cart hidden " aria-label="Edit Cart">
                            <span class="qty-in-cart"></span>
                            <span class="edit-cart-text">
											<spring code="product.edit.text" />"
										</span>
                        </button>
                        <div class="add-list-parent add-list-module  bottom-add-list-module ">
                            <button class="btn btn-inline-link btn-save-to-list  dark is-btn-animated" data-login-url="/account/login?productCode=20946414_EA" data-ajax-url="/restful/lists/all?productCode=20946414_EA" data-user-guest="Y" data-user-guest="Y" data-product-code="20946414_EA" data-delete-item="false" aria-label="Add Potato Crisps, Regular to a List">
                                <span class="glyphicon glyphicon-th-list"></span>
                                <div class="list-cta-text  is-btn-animated">Add to List</div>
                            </button>

                            <!-- this is the list HTML   -->
                            <div class="save-to-list-popup  is-btn-animated animation-up dark" data-save-to-list-error="Can not get lists at this time. Please try again later." data-product-name="Potato Crisps, Regular">
                                <div class="inner-container">
                                </div>

                            </div>
                        </div>

                    </div>
                </div>
            </div>

            <div class="module-plus-minus-buttons small hidden ">
                <button type="button" class="btn cart-change-qty" data-change-type="minus" data-auid="decrease-product-quantity" alt="Minus" aria-label="Minus">
                    <span class="icon-minimize"></span>
                </button>
                <div class="plus-minus-input-wrapper">
                    <input class="input-qty cart-change-qty" aria-label="Enter manual quantity" type="text" name="qty" title="Change quantity in cart" data-unit-type="ea" value="1ea" data-change-type="equals" maxlength="7">

                    <span class="input-qty-pretty">
							<span class="input-qty-pretty-value">1</span>
                    <span class="input-qty-pretty-unit"></span>
                    </span>
                </div>

                <button type="button" class="btn cart-change-qty" data-change-type="plus" data-auid="increase-product-quantity" alt="Plus" aria-label="Plus">
                    <span class="icon-plus-sign"></span>
                </button>

                <p class="deal-limit-reached hidden">Deal Limit Reached</p>

                <div class="tooltip-qty-error tooltip-qty-limit hidden">
                    <p>
                        Limit to &nbsp; 999 &nbsp;each&nbsp; per customer.</p>
                </div>
                <div class="tooltip-qty-error tooltip-round-error hidden">
                    <p>
                        We do not have this in the weight you wanted. We've rounded your order to the nearest weight increment we stock.</p>
                </div>
            </div>
        </form>

        <!-- End Template: AddToCartSmall -->

    </div>
</div>
<div class="item">

    <div class="module-grocery-product quickview-simple  clicked" data-quickview-ajax-url="/p/20964359_EA/quickViewProduct" data-product-id="20964359_EA" data-product-price="$2.47">

        <span class="subtitle"></span>

        <div class="product-page-hotspot">
            <div class="product-cell quickview-button">
                <div class="product-image ">

                    <img src="https://assets.shop.loblaws.ca/products/20964359/b1/en/front/20964359_front_a01.png" onerror="this.src='https://assets.shop.loblaws.ca/products/NoImage/b1/en/front/NoImage_front_a01_@2.png';" alt="Potato Chips, Classic" />

                    <span class="sticker deal">
	  				    <span class="deal-badge">
	  					    <span class="module-deal-badge module-deal-badge-feature flyer expires undefined">
	  						    <span class="deal-type">
								    Flyer<br />
	  							    Item
	  						    </span>

                    <span class="deal-expiry">
		Exp. 12/19
	</span>

                    </span>
                    </span>
                    </span>

                    <div class="hover-text-container">
                        <button href="#" tabindex="0" class="hover-text " aria-label="Quick View for Potato Chips, Classic.">Quick View</button>
                    </div>
                </div>
            </div>

            <div class="product-in-cart">
                <div class="wrapper-product-in-cart">
                    <span>
	  			    In Cart
	  		    </span>
                </div>
            </div>

            <div class="product-info">
                <div class="product-name-wrapper">
                    <a href="/Food/Holiday/Appetizers/Chips-%26-Dips/Lay%27s-Potato-Chips%2C-Classic/p/20964359_EA" class="product-name" aria-label="Product page for Potato Chips, Classic">
                        <span class="js-product-entry-brand">Lay's&nbsp;</span>

                        <span class="js-product-entry-name">Potato Chips, Classic</span>

                        <span class="js-product-entry-size-detail">(255 g)</span>

                    </a>
                </div>

                <span class="ad-match-badge  hidden">Ad Match</span>

                <div class="price">
                    <div class="price-wrapper no-discount  ">
                        <span class="reg-price  " aria-label="Regular Price: $2.47">
					    <span class="reg-price-text">$2.47</span>

                        <sup class="reg-price-unit">ea</sup>
                        </span>
                        <span class="sale-price hidden" aria-label="Sale Price:">
					    <span class="sale-price-text"></span>
                        <sup class="sale-price-unit">ea</sup>
                        </span>

                        <span class="secondary-price hidden">

					    <span class="secondary-price-text" aria-label="Secondary Price:"></span>
                        </span>
                    </div>
                </div>

                <div class="qty">
                    <span class="reg-qty  ">

		  		<span class="sr-only">Sale Price Per Unit:</span> $0.97 / 100 g

                    </span>

                    <span class="sale-qty hidden">

		  		<span class="sr-only">Sale Price Per Unit:</span> $0.97 / 100 g

                    </span>

                    <span class="secondary-qty hidden">

	  	<span class="secondary-qty-text"></span>
                    </span>
                </div>
            </div>

        </div>
        <form class="form-product  quickview-btn-simple" data-product-id="20964359_EA" data-min-qty="1.0" data-max-qty="999.0" data-unit-type="ea" data-cart-qty="1" data-default-qty="1" novalidate="novalidate" promoCode="" promoNumber="" data-is-customized="false" data-cart-url="/cart/product/20964359_EA" data-csrf-token="5582ec01-90c0-448b-b4f7-e2cf68d9f8a0" data-is-weighted-product="false">

            <div class="module-add-to-cart " data-change-type="plus" data-auto-edit="true" data-auto-add="true" data-cart-ajax-url="/cart/updateCart">
                <div class="wrapper-add-to-cart-btn">
                    <div class="module-add-to-cart-button-small">
                        <button type="button" class="btn btn-secondary btn-add-to-cart " data-auid="add-to-cart-button" data-has-pts-badge="false" aria-label="Add Potato Chips, Classic to cart">
                            <span class="icon-cart"></span>
                            <span class="add-to-cart-text">
											Add</span>
                        </button>
                        <button type="button" class="btn btn-secondary btn-edit-cart hidden " aria-label="Edit Cart">
                            <span class="qty-in-cart"></span>
                            <span class="edit-cart-text">
											<spring code="product.edit.text" />"
										</span>
                        </button>
                        <div class="add-list-parent add-list-module  bottom-add-list-module ">
                            <button class="btn btn-inline-link btn-save-to-list  dark is-btn-animated" data-login-url="/account/login?productCode=20964359_EA" data-ajax-url="/restful/lists/all?productCode=20964359_EA" data-user-guest="Y" data-user-guest="Y" data-product-code="20964359_EA" data-delete-item="false" aria-label="Add Potato Chips, Classic to a List">
                                <span class="glyphicon glyphicon-th-list"></span>
                                <div class="list-cta-text  is-btn-animated">Add to List</div>
                            </button>

                            <!-- this is the list HTML   -->
                            <div class="save-to-list-popup  is-btn-animated animation-up dark" data-save-to-list-error="Can not get lists at this time. Please try again later." data-product-name="Potato Chips, Classic">
                                <div class="inner-container">
                                </div>

                            </div>
                        </div>

                    </div>
                </div>
            </div>

            <div class="module-plus-minus-buttons small hidden ">
                <button type="button" class="btn cart-change-qty" data-change-type="minus" data-auid="decrease-product-quantity" alt="Minus" aria-label="Minus">
                    <span class="icon-minimize"></span>
                </button>
                <div class="plus-minus-input-wrapper">
                    <input class="input-qty cart-change-qty" aria-label="Enter manual quantity" type="text" name="qty" title="Change quantity in cart" data-unit-type="ea" value="1ea" data-change-type="equals" maxlength="7">

                    <span class="input-qty-pretty">
							<span class="input-qty-pretty-value">1</span>
                    <span class="input-qty-pretty-unit"></span>
                    </span>
                </div>

                <button type="button" class="btn cart-change-qty" data-change-type="plus" data-auid="increase-product-quantity" alt="Plus" aria-label="Plus">
                    <span class="icon-plus-sign"></span>
                </button>

                <p class="deal-limit-reached hidden">Deal Limit Reached</p>

                <div class="tooltip-qty-error tooltip-qty-limit hidden">
                    <p>
                        Limit to &nbsp; 999 &nbsp;each&nbsp; per customer.</p>
                </div>
                <div class="tooltip-qty-error tooltip-round-error hidden">
                    <p>
                        We do not have this in the weight you wanted. We've rounded your order to the nearest weight increment we stock.</p>
                </div>
            </div>
        </form>

        <!-- End Template: AddToCartSmall -->

    </div>
</div>
<div class="item">

    <div class="module-grocery-product quickview-simple  clicked" data-quickview-ajax-url="/p/21042362_EA/quickViewProduct" data-product-id="21042362_EA" data-product-price="$3.97">

        <span class="subtitle"></span>

        <div class="product-page-hotspot">
            <div class="product-cell quickview-button">
                <div class="product-image ">

                    <img src="https://assets.shop.loblaws.ca/products/21042362/b1/en/front/21042362_front_a01.png" onerror="this.src='https://assets.shop.loblaws.ca/products/NoImage/b1/en/front/NoImage_front_a01_@2.png';" alt="Kettle Cooked Potato Chips, Parmesan & Roasted Garlic" />

                    <div class="hover-text-container">
                        <button href="#" tabindex="0" class="hover-text " aria-label="Quick View for Kettle Cooked Potato Chips, Parmesan & Roasted Garlic.">Quick View</button>
                    </div>
                </div>
            </div>

            <div class="product-in-cart">
                <div class="wrapper-product-in-cart">
                    <span>
	  			    In Cart
	  		    </span>
                </div>
            </div>

            <div class="product-info">
                <div class="product-name-wrapper">
                    <a href="/Food/Pantry/Chips-%26-Salty-Snacks/Potato-Chips/Miss-Vickies-Kettle-Cooked-Potato-Chips%2C-Parmesan-%26-Roasted-Garlic/p/21042362_EA" class="product-name" aria-label="Product page for Kettle Cooked Potato Chips, Parmesan & Roasted Garlic">
                        <span class="js-product-entry-brand">Miss Vickies&nbsp;</span>

                        <span class="js-product-entry-name">Kettle Cooked Potato Chips, Parmesan & Roasted Garlic</span>

                        <span class="js-product-entry-size-detail">(220 g)</span>

                    </a>
                </div>

                <span class="ad-match-badge  hidden">Ad Match</span>

                <div class="price">
                    <div class="price-wrapper no-discount  ">
                        <span class="reg-price  " aria-label="Regular Price: $3.97">
					    <span class="reg-price-text">$3.97</span>

                        <sup class="reg-price-unit">ea</sup>
                        </span>
                        <span class="sale-price hidden" aria-label="Sale Price:">
					    <span class="sale-price-text"></span>
                        <sup class="sale-price-unit">ea</sup>
                        </span>

                        <span class="secondary-price hidden">

					    <span class="secondary-price-text" aria-label="Secondary Price:"></span>
                        </span>
                    </div>
                </div>

                <div class="qty">
                    <span class="reg-qty  ">

		  		<span class="sr-only">Sale Price Per Unit:</span> $1.80 / 100 g

                    </span>

                    <span class="sale-qty hidden">

		  		<span class="sr-only">Sale Price Per Unit:</span> $1.80 / 100 g

                    </span>

                    <span class="secondary-qty hidden">

	  	<span class="secondary-qty-text"></span>
                    </span>
                </div>
            </div>

        </div>
        <form class="form-product  quickview-btn-simple" data-product-id="21042362_EA" data-min-qty="1.0" data-max-qty="999.0" data-unit-type="ea" data-cart-qty="1" data-default-qty="1" novalidate="novalidate" promoCode="" promoNumber="" data-is-customized="false" data-cart-url="/cart/product/21042362_EA" data-csrf-token="5582ec01-90c0-448b-b4f7-e2cf68d9f8a0" data-is-weighted-product="false">

            <div class="module-add-to-cart " data-change-type="plus" data-auto-edit="true" data-auto-add="true" data-cart-ajax-url="/cart/updateCart">
                <div class="wrapper-add-to-cart-btn">
                    <div class="module-add-to-cart-button-small">
                        <button type="button" class="btn btn-secondary btn-add-to-cart " data-auid="add-to-cart-button" data-has-pts-badge="false" aria-label="Add Kettle Cooked Potato Chips, Parmesan & Roasted Garlic to cart">
                            <span class="icon-cart"></span>
                            <span class="add-to-cart-text">
											Add</span>
                        </button>
                        <button type="button" class="btn btn-secondary btn-edit-cart hidden " aria-label="Edit Cart">
                            <span class="qty-in-cart"></span>
                            <span class="edit-cart-text">
											<spring code="product.edit.text" />"
										</span>
                        </button>
                        <div class="add-list-parent add-list-module  bottom-add-list-module ">
                            <button class="btn btn-inline-link btn-save-to-list  dark is-btn-animated" data-login-url="/account/login?productCode=21042362_EA" data-ajax-url="/restful/lists/all?productCode=21042362_EA" data-user-guest="Y" data-user-guest="Y" data-product-code="21042362_EA" data-delete-item="false" aria-label="Add Kettle Cooked Potato Chips, Parmesan & Roasted Garlic to a List">
                                <span class="glyphicon glyphicon-th-list"></span>
                                <div class="list-cta-text  is-btn-animated">Add to List</div>
                            </button>

                            <!-- this is the list HTML   -->
                            <div class="save-to-list-popup  is-btn-animated animation-up dark" data-save-to-list-error="Can not get lists at this time. Please try again later." data-product-name="Kettle Cooked Potato Chips, Parmesan & Roasted Garlic">
                                <div class="inner-container">
                                </div>

                            </div>
                        </div>

                    </div>
                </div>
            </div>

            <div class="module-plus-minus-buttons small hidden ">
                <button type="button" class="btn cart-change-qty" data-change-type="minus" data-auid="decrease-product-quantity" alt="Minus" aria-label="Minus">
                    <span class="icon-minimize"></span>
                </button>
                <div class="plus-minus-input-wrapper">
                    <input class="input-qty cart-change-qty" aria-label="Enter manual quantity" type="text" name="qty" title="Change quantity in cart" data-unit-type="ea" value="1ea" data-change-type="equals" maxlength="7">

                    <span class="input-qty-pretty">
							<span class="input-qty-pretty-value">1</span>
                    <span class="input-qty-pretty-unit"></span>
                    </span>
                </div>

                <button type="button" class="btn cart-change-qty" data-change-type="plus" data-auid="increase-product-quantity" alt="Plus" aria-label="Plus">
                    <span class="icon-plus-sign"></span>
                </button>

                <p class="deal-limit-reached hidden">Deal Limit Reached</p>

                <div class="tooltip-qty-error tooltip-qty-limit hidden">
                    <p>
                        Limit to &nbsp; 999 &nbsp;each&nbsp; per customer.</p>
                </div>
                <div class="tooltip-qty-error tooltip-round-error hidden">
                    <p>
                        We do not have this in the weight you wanted. We've rounded your order to the nearest weight increment we stock.</p>
                </div>
            </div>
        </form>

        <!-- End Template: AddToCartSmall -->

    </div>
</div>
<div class="item">

    <div class="module-grocery-product quickview-simple  clicked" data-quickview-ajax-url="/p/20944850_EA/quickViewProduct" data-product-id="20944850_EA" data-product-price="$3.18">

        <span class="subtitle"></span>

        <div class="product-page-hotspot">
            <div class="product-cell quickview-button">
                <div class="product-image ">

                    <img src="https://assets.shop.loblaws.ca/products/20944850/b1/en/front/20944850_front_a01.png" onerror="this.src='https://assets.shop.loblaws.ca/products/NoImage/b1/en/front/NoImage_front_a01_@2.png';" alt="Tortilla Chips, Bold BBQ" />

                    <div class="hover-text-container">
                        <button href="#" tabindex="0" class="hover-text " aria-label="Quick View for Tortilla Chips, Bold BBQ.">Quick View</button>
                    </div>
                </div>
            </div>

            <div class="product-in-cart">
                <div class="wrapper-product-in-cart">
                    <span>
	  			    In Cart
	  		    </span>
                </div>
            </div>

            <div class="product-info">
                <div class="product-name-wrapper">
                    <a href="/Food/Pantry/Chips-%26-Salty-Snacks/Pretzels-%26-Snack-Mixes/Doritos-Tortilla-Chips%2C-Bold-BBQ/p/20944850_EA" class="product-name" aria-label="Product page for Tortilla Chips, Bold BBQ">
                        <span class="js-product-entry-brand">Doritos&nbsp;</span>

                        <span class="js-product-entry-name">Tortilla Chips, Bold BBQ</span>

                        <span class="js-product-entry-size-detail">(255 g)</span>

                    </a>
                </div>

                <span class="ad-match-badge  hidden">Ad Match</span>

                <div class="price">
                    <div class="price-wrapper no-discount  ">
                        <span class="reg-price  " aria-label="Regular Price: $3.18">
					    <span class="reg-price-text">$3.18</span>

                        <sup class="reg-price-unit">ea</sup>
                        </span>
                        <span class="sale-price hidden" aria-label="Sale Price:">
					    <span class="sale-price-text"></span>
                        <sup class="sale-price-unit">ea</sup>
                        </span>

                        <span class="secondary-price hidden">

					    <span class="secondary-price-text" aria-label="Secondary Price:"></span>
                        </span>
                    </div>
                </div>

                <div class="qty">
                    <span class="reg-qty  ">

		  		<span class="sr-only">Sale Price Per Unit:</span> $1.25 / 100 g

                    </span>

                    <span class="sale-qty hidden">

		  		<span class="sr-only">Sale Price Per Unit:</span> $1.25 / 100 g

                    </span>

                    <span class="secondary-qty hidden">

	  	<span class="secondary-qty-text"></span>
                    </span>
                </div>
            </div>

        </div>
        <form class="form-product  quickview-btn-simple" data-product-id="20944850_EA" data-min-qty="1.0" data-max-qty="999.0" data-unit-type="ea" data-cart-qty="1" data-default-qty="1" novalidate="novalidate" promoCode="" promoNumber="" data-is-customized="false" data-cart-url="/cart/product/20944850_EA" data-csrf-token="5582ec01-90c0-448b-b4f7-e2cf68d9f8a0" data-is-weighted-product="false">

            <div class="module-add-to-cart " data-change-type="plus" data-auto-edit="true" data-auto-add="true" data-cart-ajax-url="/cart/updateCart">
                <div class="wrapper-add-to-cart-btn">
                    <div class="module-add-to-cart-button-small">
                        <button type="button" class="btn btn-secondary btn-add-to-cart " data-auid="add-to-cart-button" data-has-pts-badge="false" aria-label="Add Tortilla Chips, Bold BBQ to cart">
                            <span class="icon-cart"></span>
                            <span class="add-to-cart-text">
											Add</span>
                        </button>
                        <button type="button" class="btn btn-secondary btn-edit-cart hidden " aria-label="Edit Cart">
                            <span class="qty-in-cart"></span>
                            <span class="edit-cart-text">
											<spring code="product.edit.text" />"
										</span>
                        </button>
                        <div class="add-list-parent add-list-module  bottom-add-list-module ">
                            <button class="btn btn-inline-link btn-save-to-list  dark is-btn-animated" data-login-url="/account/login?productCode=20944850_EA" data-ajax-url="/restful/lists/all?productCode=20944850_EA" data-user-guest="Y" data-user-guest="Y" data-product-code="20944850_EA" data-delete-item="false" aria-label="Add Tortilla Chips, Bold BBQ to a List">
                                <span class="glyphicon glyphicon-th-list"></span>
                                <div class="list-cta-text  is-btn-animated">Add to List</div>
                            </button>

                            <!-- this is the list HTML   -->
                            <div class="save-to-list-popup  is-btn-animated animation-up dark" data-save-to-list-error="Can not get lists at this time. Please try again later." data-product-name="Tortilla Chips, Bold BBQ">
                                <div class="inner-container">
                                </div>

                            </div>
                        </div>

                    </div>
                </div>
            </div>

            <div class="module-plus-minus-buttons small hidden ">
                <button type="button" class="btn cart-change-qty" data-change-type="minus" data-auid="decrease-product-quantity" alt="Minus" aria-label="Minus">
                    <span class="icon-minimize"></span>
                </button>
                <div class="plus-minus-input-wrapper">
                    <input class="input-qty cart-change-qty" aria-label="Enter manual quantity" type="text" name="qty" title="Change quantity in cart" data-unit-type="ea" value="1ea" data-change-type="equals" maxlength="7">

                    <span class="input-qty-pretty">
							<span class="input-qty-pretty-value">1</span>
                    <span class="input-qty-pretty-unit"></span>
                    </span>
                </div>

                <button type="button" class="btn cart-change-qty" data-change-type="plus" data-auid="increase-product-quantity" alt="Plus" aria-label="Plus">
                    <span class="icon-plus-sign"></span>
                </button>

                <p class="deal-limit-reached hidden">Deal Limit Reached</p>

                <div class="tooltip-qty-error tooltip-qty-limit hidden">
                    <p>
                        Limit to &nbsp; 999 &nbsp;each&nbsp; per customer.</p>
                </div>
                <div class="tooltip-qty-error tooltip-round-error hidden">
                    <p>
                        We do not have this in the weight you wanted. We've rounded your order to the nearest weight increment we stock.</p>
                </div>
            </div>
        </form>

        <!-- End Template: AddToCartSmall -->

    </div>
</div>
<div class="item">

    <div class="module-grocery-product quickview-simple  clicked" data-quickview-ajax-url="/p/20301951001_EA/quickViewProduct" data-product-id="20301951001_EA" data-product-price="$3.97">

        <span class="subtitle"></span>

        <div class="product-page-hotspot">
            <div class="product-cell quickview-button">
                <div class="product-image ">

                    <img src="https://assets.shop.loblaws.ca/products/20301951001/b1/en/front/20301951001_front_a01.png" onerror="this.src='https://assets.shop.loblaws.ca/products/NoImage/b1/en/front/NoImage_front_a01_@2.png';" alt="Kettle Cooked Potato Chips, Original Recipe" />

                    <div class="hover-text-container">
                        <button href="#" tabindex="0" class="hover-text " aria-label="Quick View for Kettle Cooked Potato Chips, Original Recipe.">Quick View</button>
                    </div>
                </div>
            </div>

            <div class="product-in-cart">
                <div class="wrapper-product-in-cart">
                    <span>
	  			    In Cart
	  		    </span>
                </div>
            </div>

            <div class="product-info">
                <div class="product-name-wrapper">
                    <a href="/Food/Pantry/Chips-%26-Salty-Snacks/Potato-Chips/Kettle-Cooked-Potato-Chips%2C-Original-Recipe/p/20301951001_EA" class="product-name" aria-label="Product page for Kettle Cooked Potato Chips, Original Recipe">
                        <span class="js-product-entry-brand">Miss Vickies&nbsp;</span>

                        <span class="js-product-entry-name">Kettle Cooked Potato Chips, Original Recipe</span>

                        <span class="js-product-entry-size-detail">(220 g)</span>

                    </a>
                </div>

                <span class="ad-match-badge  hidden">Ad Match</span>

                <div class="price">
                    <div class="price-wrapper no-discount  ">
                        <span class="reg-price  " aria-label="Regular Price: $3.97">
					    <span class="reg-price-text">$3.97</span>

                        <sup class="reg-price-unit">ea</sup>
                        </span>
                        <span class="sale-price hidden" aria-label="Sale Price:">
					    <span class="sale-price-text"></span>
                        <sup class="sale-price-unit">ea</sup>
                        </span>

                        <span class="secondary-price hidden">

					    <span class="secondary-price-text" aria-label="Secondary Price:"></span>
                        </span>
                    </div>
                </div>

                <div class="qty">
                    <span class="reg-qty  ">

		  		<span class="sr-only">Sale Price Per Unit:</span> $1.80 / 100 g

                    </span>

                    <span class="sale-qty hidden">

		  		<span class="sr-only">Sale Price Per Unit:</span> $1.80 / 100 g

                    </span>

                    <span class="secondary-qty hidden">

	  	<span class="secondary-qty-text"></span>
                    </span>
                </div>
            </div>

        </div>
        <form class="form-product  quickview-btn-simple" data-product-id="20301951001_EA" data-min-qty="1.0" data-max-qty="999.0" data-unit-type="ea" data-cart-qty="1" data-default-qty="1" novalidate="novalidate" promoCode="" promoNumber="" data-is-customized="false" data-cart-url="/cart/product/20301951001_EA" data-csrf-token="5582ec01-90c0-448b-b4f7-e2cf68d9f8a0" data-is-weighted-product="false">

            <div class="module-add-to-cart " data-change-type="plus" data-auto-edit="true" data-auto-add="true" data-cart-ajax-url="/cart/updateCart">
                <div class="wrapper-add-to-cart-btn">
                    <div class="module-add-to-cart-button-small">
                        <button type="button" class="btn btn-secondary btn-add-to-cart " data-auid="add-to-cart-button" data-has-pts-badge="false" aria-label="Add Kettle Cooked Potato Chips, Original Recipe to cart">
                            <span class="icon-cart"></span>
                            <span class="add-to-cart-text">
											Add</span>
                        </button>
                        <button type="button" class="btn btn-secondary btn-edit-cart hidden " aria-label="Edit Cart">
                            <span class="qty-in-cart"></span>
                            <span class="edit-cart-text">
											<spring code="product.edit.text" />"
										</span>
                        </button>
                        <div class="add-list-parent add-list-module  bottom-add-list-module ">
                            <button class="btn btn-inline-link btn-save-to-list  dark is-btn-animated" data-login-url="/account/login?productCode=20301951001_EA" data-ajax-url="/restful/lists/all?productCode=20301951001_EA" data-user-guest="Y" data-user-guest="Y" data-product-code="20301951001_EA" data-delete-item="false" aria-label="Add Kettle Cooked Potato Chips, Original Recipe to a List">
                                <span class="glyphicon glyphicon-th-list"></span>
                                <div class="list-cta-text  is-btn-animated">Add to List</div>
                            </button>

                            <!-- this is the list HTML   -->
                            <div class="save-to-list-popup  is-btn-animated animation-up dark" data-save-to-list-error="Can not get lists at this time. Please try again later." data-product-name="Kettle Cooked Potato Chips, Original Recipe">
                                <div class="inner-container">
                                </div>

                            </div>
                        </div>

                    </div>
                </div>
            </div>

            <div class="module-plus-minus-buttons small hidden ">
                <button type="button" class="btn cart-change-qty" data-change-type="minus" data-auid="decrease-product-quantity" alt="Minus" aria-label="Minus">
                    <span class="icon-minimize"></span>
                </button>
                <div class="plus-minus-input-wrapper">
                    <input class="input-qty cart-change-qty" aria-label="Enter manual quantity" type="text" name="qty" title="Change quantity in cart" data-unit-type="ea" value="1ea" data-change-type="equals" maxlength="7">

                    <span class="input-qty-pretty">
							<span class="input-qty-pretty-value">1</span>
                    <span class="input-qty-pretty-unit"></span>
                    </span>
                </div>

                <button type="button" class="btn cart-change-qty" data-change-type="plus" data-auid="increase-product-quantity" alt="Plus" aria-label="Plus">
                    <span class="icon-plus-sign"></span>
                </button>

                <p class="deal-limit-reached hidden">Deal Limit Reached</p>

                <div class="tooltip-qty-error tooltip-qty-limit hidden">
                    <p>
                        Limit to &nbsp; 999 &nbsp;each&nbsp; per customer.</p>
                </div>
                <div class="tooltip-qty-error tooltip-round-error hidden">
                    <p>
                        We do not have this in the weight you wanted. We've rounded your order to the nearest weight increment we stock.</p>
                </div>
            </div>
        </form>

        <!-- End Template: AddToCartSmall -->

    </div>
</div>
<div class="item">

    <div class="module-grocery-product quickview-simple  clicked" data-quickview-ajax-url="/p/21058402_EA/quickViewProduct" data-product-id="21058402_EA" data-product-price="$2.48">

        <span class="subtitle"></span>

        <div class="product-page-hotspot">
            <div class="product-cell quickview-button">
                <div class="product-image ">

                    <img src="https://assets.shop.loblaws.ca/products/21058402/b1/en/front/21058402_front_a01.png" onerror="this.src='https://assets.shop.loblaws.ca/products/NoImage/b1/en/front/NoImage_front_a01_@2.png';" alt="Chips, Avocado Chili Lime" />

                    <span class="sticker deal">
	  				        <span class="deal-badge">

	  				            <span class="module-deal-badge module-deal-badge-grid simple-save-unit "
	  						        data-deal-type="$2.48 LIMIT 4"
	  						        data-ajax-promo-url="/simpleDeal/deals/product-tile?productCode=21058402_EA"
	  						        data-deal-id="21058402_EA">
	  						        <span class="deal-type">$2.48 LIMIT 4</span>

                    <span class="deal-expiry">
		Exp. 12/20
	</span>

                    </span>
                    </span>
                    </span>

                    <div class="hover-text-container">
                        <button href="#" tabindex="0" class="hover-text " aria-label="Quick View for Chips, Avocado Chili Lime.">Quick View</button>
                    </div>
                </div>
            </div>

            <div class="product-in-cart">
                <div class="wrapper-product-in-cart">
                    <span>
	  			    In Cart
	  		    </span>
                </div>
            </div>

            <div class="product-info">
                <div class="product-name-wrapper">
                    <a href="/Food/Pantry/Chips-%26-Salty-Snacks/Potato-Chips/Kettle-Chips%2C-Avocado-Chili-Lime/p/21058402_EA" class="product-name" aria-label="Product page for Chips, Avocado Chili Lime">
                        <span class="js-product-entry-brand">Kettle&nbsp;</span>

                        <span class="js-product-entry-name">Chips, Avocado Chili Lime</span>

                        <span class="js-product-entry-size-detail">(170 g)</span>

                    </a>
                </div>

                <span class="ad-match-badge  hidden">Ad Match</span>

                <div class="price">
                    <div class="price-wrapper no-discount promo-alert ">
                        <span class="reg-price  price-alert" aria-label="Regular Price: $2.48">
					    <span class="reg-price-text">$2.48</span>

                        <sup class="reg-price-unit">ea</sup>
                        </span>
                        <span class="sale-price hidden" aria-label="Sale Price:">
					    <span class="sale-price-text"></span>
                        <sup class="sale-price-unit">ea</sup>
                        </span>

                        <span class="secondary-price hidden">

					    <span class="secondary-price-text" aria-label="Secondary Price:"></span>
                        </span>
                    </div>
                </div>

                <div class="qty">
                    <span class="reg-qty  price-alert">

		  		<span class="sr-only">Sale Price Per Unit:</span> $1.46 / 100 g

                    </span>

                    <span class="sale-qty hidden">

		  		<span class="sr-only">Sale Price Per Unit:</span> $1.46 / 100 g

                    </span>

                    <span class="secondary-qty hidden">

	  	<span class="secondary-qty-text"></span>
                    </span>
                </div>
            </div>

        </div>
        <form class="form-product  quickview-btn-simple" data-product-id="21058402_EA" data-min-qty="1.0" data-max-qty="999.0" data-unit-type="ea" data-cart-qty="1" data-default-qty="1" novalidate="novalidate" promoCode="" promoNumber="" data-is-customized="false" data-cart-url="/cart/product/21058402_EA" data-csrf-token="5582ec01-90c0-448b-b4f7-e2cf68d9f8a0" data-is-weighted-product="false">

            <div class="module-add-to-cart " data-change-type="plus" data-auto-edit="true" data-auto-add="true" data-cart-ajax-url="/cart/updateCart">
                <div class="wrapper-add-to-cart-btn">
                    <div class="module-add-to-cart-button-small">
                        <button type="button" class="btn btn-secondary btn-add-to-cart " data-auid="add-to-cart-button" data-has-pts-badge="false" aria-label="Add Chips, Avocado Chili Lime to cart">
                            <span class="icon-cart"></span>
                            <span class="add-to-cart-text">
											Add</span>
                        </button>
                        <button type="button" class="btn btn-secondary btn-edit-cart hidden " aria-label="Edit Cart">
                            <span class="qty-in-cart"></span>
                            <span class="edit-cart-text">
											<spring code="product.edit.text" />"
										</span>
                        </button>
                        <div class="add-list-parent add-list-module  bottom-add-list-module ">
                            <button class="btn btn-inline-link btn-save-to-list  dark is-btn-animated" data-login-url="/account/login?productCode=21058402_EA" data-ajax-url="/restful/lists/all?productCode=21058402_EA" data-user-guest="Y" data-user-guest="Y" data-product-code="21058402_EA" data-delete-item="false" aria-label="Add Chips, Avocado Chili Lime to a List">
                                <span class="glyphicon glyphicon-th-list"></span>
                                <div class="list-cta-text  is-btn-animated">Add to List</div>
                            </button>

                            <!-- this is the list HTML   -->
                            <div class="save-to-list-popup  is-btn-animated animation-up dark" data-save-to-list-error="Can not get lists at this time. Please try again later." data-product-name="Chips, Avocado Chili Lime">
                                <div class="inner-container">
                                </div>

                            </div>
                        </div>

                    </div>
                </div>
            </div>

            <div class="module-plus-minus-buttons small hidden ">
                <button type="button" class="btn cart-change-qty" data-change-type="minus" data-auid="decrease-product-quantity" alt="Minus" aria-label="Minus">
                    <span class="icon-minimize"></span>
                </button>
                <div class="plus-minus-input-wrapper">
                    <input class="input-qty cart-change-qty" aria-label="Enter manual quantity" type="text" name="qty" title="Change quantity in cart" data-unit-type="ea" value="1ea" data-change-type="equals" maxlength="7">

                    <span class="input-qty-pretty">
							<span class="input-qty-pretty-value">1</span>
                    <span class="input-qty-pretty-unit"></span>
                    </span>
                </div>

                <button type="button" class="btn cart-change-qty" data-change-type="plus" data-auid="increase-product-quantity" alt="Plus" aria-label="Plus">
                    <span class="icon-plus-sign"></span>
                </button>

                <p class="deal-limit-reached hidden">Deal Limit Reached</p>

                <div class="tooltip-qty-error tooltip-qty-limit hidden">
                    <p>
                        Limit to &nbsp; 999 &nbsp;each&nbsp; per customer.</p>
                </div>
                <div class="tooltip-qty-error tooltip-round-error hidden">
                    <p>
                        We do not have this in the weight you wanted. We've rounded your order to the nearest weight increment we stock.</p>
                </div>
            </div>
        </form>

        <!-- End Template: AddToCartSmall -->

    </div>
</div>
<div class="item">

    <div class="module-grocery-product quickview-simple  clicked" data-quickview-ajax-url="/p/20712944_EA/quickViewProduct" data-product-id="20712944_EA" data-product-price="$2.98">

        <span class="subtitle"></span>

        <div class="product-page-hotspot">
            <div class="product-cell quickview-button">
                <div class="product-image ">

                    <img src="https://assets.shop.loblaws.ca/products/20712944/b1/en/front/20712944_front_a01.png" onerror="this.src='https://assets.shop.loblaws.ca/products/NoImage/b1/en/front/NoImage_front_a01_@2.png';" alt="Multigrain Premium Tortilla Chips" />

                    <div class="hover-text-container">
                        <button href="#" tabindex="0" class="hover-text " aria-label="Quick View for Multigrain Premium Tortilla Chips.">Quick View</button>
                    </div>
                </div>
            </div>

            <div class="product-in-cart">
                <div class="wrapper-product-in-cart">
                    <span>
	  			    In Cart
	  		    </span>
                </div>
            </div>

            <div class="product-info">
                <div class="product-name-wrapper">
                    <a href="/Food/Pantry/Chips-%26-Salty-Snacks/Tortilla-Chips/Multigrain-Premium-Tortilla-Chips/p/20712944_EA" class="product-name" aria-label="Product page for Multigrain Premium Tortilla Chips">
                        <span class="js-product-entry-brand">President's Choice&nbsp;</span>

                        <span class="js-product-entry-name">Multigrain Premium Tortilla Chips</span>

                        <span class="js-product-entry-size-detail">(240 g)</span>

                    </a>
                </div>

                <span class="ad-match-badge  hidden">Ad Match</span>

                <div class="price">
                    <div class="price-wrapper no-discount  ">
                        <span class="reg-price  " aria-label="Regular Price: $2.98">
					    <span class="reg-price-text">$2.98</span>

                        <sup class="reg-price-unit">ea</sup>
                        </span>
                        <span class="sale-price hidden" aria-label="Sale Price:">
					    <span class="sale-price-text"></span>
                        <sup class="sale-price-unit">ea</sup>
                        </span>

                        <span class="secondary-price hidden">

					    <span class="secondary-price-text" aria-label="Secondary Price:"></span>
                        </span>
                    </div>
                </div>

                <div class="qty">
                    <span class="reg-qty  ">

		  		<span class="sr-only">Sale Price Per Unit:</span> $1.24 / 100 g

                    </span>

                    <span class="sale-qty hidden">

		  		<span class="sr-only">Sale Price Per Unit:</span> $1.24 / 100 g

                    </span>

                    <span class="secondary-qty hidden">

	  	<span class="secondary-qty-text"></span>
                    </span>
                </div>
            </div>

        </div>
        <form class="form-product  quickview-btn-simple" data-product-id="20712944_EA" data-min-qty="1.0" data-max-qty="999.0" data-unit-type="ea" data-cart-qty="1" data-default-qty="1" novalidate="novalidate" promoCode="" promoNumber="" data-is-customized="false" data-cart-url="/cart/product/20712944_EA" data-csrf-token="5582ec01-90c0-448b-b4f7-e2cf68d9f8a0" data-is-weighted-product="false">

            <div class="module-add-to-cart " data-change-type="plus" data-auto-edit="true" data-auto-add="true" data-cart-ajax-url="/cart/updateCart">
                <div class="wrapper-add-to-cart-btn">
                    <div class="module-add-to-cart-button-small">
                        <button type="button" class="btn btn-secondary btn-add-to-cart " data-auid="add-to-cart-button" data-has-pts-badge="false" aria-label="Add Multigrain Premium Tortilla Chips to cart">
                            <span class="icon-cart"></span>
                            <span class="add-to-cart-text">
											Add</span>
                        </button>
                        <button type="button" class="btn btn-secondary btn-edit-cart hidden " aria-label="Edit Cart">
                            <span class="qty-in-cart"></span>
                            <span class="edit-cart-text">
											<spring code="product.edit.text" />"
										</span>
                        </button>
                        <div class="add-list-parent add-list-module  bottom-add-list-module ">
                            <button class="btn btn-inline-link btn-save-to-list  dark is-btn-animated" data-login-url="/account/login?productCode=20712944_EA" data-ajax-url="/restful/lists/all?productCode=20712944_EA" data-user-guest="Y" data-user-guest="Y" data-product-code="20712944_EA" data-delete-item="false" aria-label="Add Multigrain Premium Tortilla Chips to a List">
                                <span class="glyphicon glyphicon-th-list"></span>
                                <div class="list-cta-text  is-btn-animated">Add to List</div>
                            </button>

                            <!-- this is the list HTML   -->
                            <div class="save-to-list-popup  is-btn-animated animation-up dark" data-save-to-list-error="Can not get lists at this time. Please try again later." data-product-name="Multigrain Premium Tortilla Chips">
                                <div class="inner-container">
                                </div>

                            </div>
                        </div>

                    </div>
                </div>
            </div>

            <div class="module-plus-minus-buttons small hidden ">
                <button type="button" class="btn cart-change-qty" data-change-type="minus" data-auid="decrease-product-quantity" alt="Minus" aria-label="Minus">
                    <span class="icon-minimize"></span>
                </button>
                <div class="plus-minus-input-wrapper">
                    <input class="input-qty cart-change-qty" aria-label="Enter manual quantity" type="text" name="qty" title="Change quantity in cart" data-unit-type="ea" value="1ea" data-change-type="equals" maxlength="7">

                    <span class="input-qty-pretty">
							<span class="input-qty-pretty-value">1</span>
                    <span class="input-qty-pretty-unit"></span>
                    </span>
                </div>

                <button type="button" class="btn cart-change-qty" data-change-type="plus" data-auid="increase-product-quantity" alt="Plus" aria-label="Plus">
                    <span class="icon-plus-sign"></span>
                </button>

                <p class="deal-limit-reached hidden">Deal Limit Reached</p>

                <div class="tooltip-qty-error tooltip-qty-limit hidden">
                    <p>
                        Limit to &nbsp; 999 &nbsp;each&nbsp; per customer.</p>
                </div>
                <div class="tooltip-qty-error tooltip-round-error hidden">
                    <p>
                        We do not have this in the weight you wanted. We've rounded your order to the nearest weight increment we stock.</p>
                </div>
            </div>
        </form>

        <!-- End Template: AddToCartSmall -->

    </div>
</div>
<div class="item">

    <div class="module-grocery-product quickview-simple  clicked" data-quickview-ajax-url="/p/21003800_EA/quickViewProduct" data-product-id="21003800_EA" data-product-price="$1.88">

        <span class="subtitle"></span>

        <div class="product-page-hotspot">
            <div class="product-cell quickview-button">
                <div class="product-image ">

                    <img src="https://assets.shop.loblaws.ca/products/21003800/b1/en/front/21003800_front_a01.png" onerror="this.src='https://assets.shop.loblaws.ca/products/NoImage/b1/en/front/NoImage_front_a01_@2.png';" alt="Dill Pickle Flavour Potato Chips" />

                    <span class="sticker deal">
	  				        <span class="deal-badge">

	  				            <span class="module-deal-badge module-deal-badge-grid simple-save-unit "
	  						        data-deal-type="$1.88 LIMIT 4"
	  						        data-ajax-promo-url="/simpleDeal/deals/product-tile?productCode=21003800_EA"
	  						        data-deal-id="21003800_EA">
	  						        <span class="deal-type">$1.88 LIMIT 4</span>

                    <span class="deal-expiry">
		Exp. 12/27
	</span>

                    </span>
                    </span>
                    </span>

                    <div class="hover-text-container">
                        <button href="#" tabindex="0" class="hover-text " aria-label="Quick View for Dill Pickle Flavour Potato Chips.">Quick View</button>
                    </div>
                </div>
            </div>

            <div class="product-in-cart">
                <div class="wrapper-product-in-cart">
                    <span>
	  			    In Cart
	  		    </span>
                </div>
            </div>

            <div class="product-info">
                <div class="product-name-wrapper">
                    <a href="/Food/Pantry/Chips-%26-Salty-Snacks/Potato-Chips/Pringles-Dill-Pickle-Flavour-Potato-Chips/p/21003800_EA" class="product-name" aria-label="Product page for Dill Pickle Flavour Potato Chips">
                        <span class="js-product-entry-brand">Pringles&nbsp;</span>

                        <span class="js-product-entry-name">Dill Pickle Flavour Potato Chips</span>

                        <span class="js-product-entry-size-detail">(156 g)</span>

                    </a>
                </div>

                <span class="ad-match-badge  hidden">Ad Match</span>

                <div class="price">
                    <div class="price-wrapper no-discount promo-alert ">
                        <span class="reg-price  price-alert" aria-label="Regular Price: $1.88">
					    <span class="reg-price-text">$1.88</span>

                        <sup class="reg-price-unit">ea</sup>
                        </span>
                        <span class="sale-price hidden" aria-label="Sale Price:">
					    <span class="sale-price-text"></span>
                        <sup class="sale-price-unit">ea</sup>
                        </span>

                        <span class="secondary-price hidden">

					    <span class="secondary-price-text" aria-label="Secondary Price:"></span>
                        </span>
                    </div>
                </div>

                <div class="qty">
                    <span class="reg-qty  price-alert">

		  		<span class="sr-only">Sale Price Per Unit:</span> $1.21 / 100 g

                    </span>

                    <span class="sale-qty hidden">

		  		<span class="sr-only">Sale Price Per Unit:</span> $1.21 / 100 g

                    </span>

                    <span class="secondary-qty hidden">

	  	<span class="secondary-qty-text"></span>
                    </span>
                </div>
            </div>

        </div>
        <form class="form-product  quickview-btn-simple" data-product-id="21003800_EA" data-min-qty="1.0" data-max-qty="999.0" data-unit-type="ea" data-cart-qty="1" data-default-qty="1" novalidate="novalidate" promoCode="" promoNumber="" data-is-customized="false" data-cart-url="/cart/product/21003800_EA" data-csrf-token="5582ec01-90c0-448b-b4f7-e2cf68d9f8a0" data-is-weighted-product="false">

            <div class="module-add-to-cart " data-change-type="plus" data-auto-edit="true" data-auto-add="true" data-cart-ajax-url="/cart/updateCart">
                <div class="wrapper-add-to-cart-btn">
                    <div class="module-add-to-cart-button-small">
                        <button type="button" class="btn btn-secondary btn-add-to-cart " data-auid="add-to-cart-button" data-has-pts-badge="false" aria-label="Add Dill Pickle Flavour Potato Chips to cart">
                            <span class="icon-cart"></span>
                            <span class="add-to-cart-text">
											Add</span>
                        </button>
                        <button type="button" class="btn btn-secondary btn-edit-cart hidden " aria-label="Edit Cart">
                            <span class="qty-in-cart"></span>
                            <span class="edit-cart-text">
											<spring code="product.edit.text" />"
										</span>
                        </button>
                        <div class="add-list-parent add-list-module  bottom-add-list-module ">
                            <button class="btn btn-inline-link btn-save-to-list  dark is-btn-animated" data-login-url="/account/login?productCode=21003800_EA" data-ajax-url="/restful/lists/all?productCode=21003800_EA" data-user-guest="Y" data-user-guest="Y" data-product-code="21003800_EA" data-delete-item="false" aria-label="Add Dill Pickle Flavour Potato Chips to a List">
                                <span class="glyphicon glyphicon-th-list"></span>
                                <div class="list-cta-text  is-btn-animated">Add to List</div>
                            </button>

                            <!-- this is the list HTML   -->
                            <div class="save-to-list-popup  is-btn-animated animation-up dark" data-save-to-list-error="Can not get lists at this time. Please try again later." data-product-name="Dill Pickle Flavour Potato Chips">
                                <div class="inner-container">
                                </div>

                            </div>
                        </div>

                    </div>
                </div>
            </div>

            <div class="module-plus-minus-buttons small hidden ">
                <button type="button" class="btn cart-change-qty" data-change-type="minus" data-auid="decrease-product-quantity" alt="Minus" aria-label="Minus">
                    <span class="icon-minimize"></span>
                </button>
                <div class="plus-minus-input-wrapper">
                    <input class="input-qty cart-change-qty" aria-label="Enter manual quantity" type="text" name="qty" title="Change quantity in cart" data-unit-type="ea" value="1ea" data-change-type="equals" maxlength="7">

                    <span class="input-qty-pretty">
							<span class="input-qty-pretty-value">1</span>
                    <span class="input-qty-pretty-unit"></span>
                    </span>
                </div>

                <button type="button" class="btn cart-change-qty" data-change-type="plus" data-auid="increase-product-quantity" alt="Plus" aria-label="Plus">
                    <span class="icon-plus-sign"></span>
                </button>

                <p class="deal-limit-reached hidden">Deal Limit Reached</p>

                <div class="tooltip-qty-error tooltip-qty-limit hidden">
                    <p>
                        Limit to &nbsp; 999 &nbsp;each&nbsp; per customer.</p>
                </div>
                <div class="tooltip-qty-error tooltip-round-error hidden">
                    <p>
                        We do not have this in the weight you wanted. We've rounded your order to the nearest weight increment we stock.</p>
                </div>
            </div>
        </form>

        <!-- End Template: AddToCartSmall -->

    </div>
</div>
<div class="item">

    <div class="module-grocery-product quickview-simple  clicked" data-quickview-ajax-url="/p/21003827_EA/quickViewProduct" data-product-id="21003827_EA" data-product-price="$1.88">

        <span class="subtitle"></span>

        <div class="product-page-hotspot">
            <div class="product-cell quickview-button">
                <div class="product-image ">

                    <img src="https://assets.shop.loblaws.ca/products/21003827/b1/en/front/21003827_front_a01.png" onerror="this.src='https://assets.shop.loblaws.ca/products/NoImage/b1/en/front/NoImage_front_a01_@2.png';" alt="Reduced Fat Original" />

                    <span class="sticker deal">
	  				        <span class="deal-badge">

	  				            <span class="module-deal-badge module-deal-badge-grid simple-save-unit "
	  						        data-deal-type="$1.88 LIMIT 4"
	  						        data-ajax-promo-url="/simpleDeal/deals/product-tile?productCode=21003827_EA"
	  						        data-deal-id="21003827_EA">
	  						        <span class="deal-type">$1.88 LIMIT 4</span>

                    <span class="deal-expiry">
		Exp. 12/27
	</span>

                    </span>
                    </span>
                    </span>

                    <div class="hover-text-container">
                        <button href="#" tabindex="0" class="hover-text " aria-label="Quick View for Reduced Fat Original.">Quick View</button>
                    </div>
                </div>
            </div>

            <div class="product-in-cart">
                <div class="wrapper-product-in-cart">
                    <span>
	  			    In Cart
	  		    </span>
                </div>
            </div>

            <div class="product-info">
                <div class="product-name-wrapper">
                    <a href="/Food/Pantry/Chips-%26-Salty-Snacks/Potato-Chips/Pringles-Reduced-Fat-Original/p/21003827_EA" class="product-name" aria-label="Product page for Reduced Fat Original">
                        <span class="js-product-entry-brand">Pringles&nbsp;</span>

                        <span class="js-product-entry-name">Reduced Fat Original</span>

                        <span class="js-product-entry-size-detail">(139 g)</span>

                    </a>
                </div>

                <span class="ad-match-badge  hidden">Ad Match</span>

                <div class="price">
                    <div class="price-wrapper no-discount promo-alert ">
                        <span class="reg-price  price-alert" aria-label="Regular Price: $1.88">
					    <span class="reg-price-text">$1.88</span>

                        <sup class="reg-price-unit">ea</sup>
                        </span>
                        <span class="sale-price hidden" aria-label="Sale Price:">
					    <span class="sale-price-text"></span>
                        <sup class="sale-price-unit">ea</sup>
                        </span>

                        <span class="secondary-price hidden">

					    <span class="secondary-price-text" aria-label="Secondary Price:"></span>
                        </span>
                    </div>
                </div>

                <div class="qty">
                    <span class="reg-qty  price-alert">

		  		<span class="sr-only">Sale Price Per Unit:</span> $1.35 / 100 g

                    </span>

                    <span class="sale-qty hidden">

		  		<span class="sr-only">Sale Price Per Unit:</span> $1.35 / 100 g

                    </span>

                    <span class="secondary-qty hidden">

	  	<span class="secondary-qty-text"></span>
                    </span>
                </div>
            </div>

        </div>
        <form class="form-product  quickview-btn-simple" data-product-id="21003827_EA" data-min-qty="1.0" data-max-qty="999.0" data-unit-type="ea" data-cart-qty="1" data-default-qty="1" novalidate="novalidate" promoCode="" promoNumber="" data-is-customized="false" data-cart-url="/cart/product/21003827_EA" data-csrf-token="5582ec01-90c0-448b-b4f7-e2cf68d9f8a0" data-is-weighted-product="false">

            <div class="module-add-to-cart " data-change-type="plus" data-auto-edit="true" data-auto-add="true" data-cart-ajax-url="/cart/updateCart">
                <div class="wrapper-add-to-cart-btn">
                    <div class="module-add-to-cart-button-small">
                        <button type="button" class="btn btn-secondary btn-add-to-cart " data-auid="add-to-cart-button" data-has-pts-badge="false" aria-label="Add Reduced Fat Original to cart">
                            <span class="icon-cart"></span>
                            <span class="add-to-cart-text">
											Add</span>
                        </button>
                        <button type="button" class="btn btn-secondary btn-edit-cart hidden " aria-label="Edit Cart">
                            <span class="qty-in-cart"></span>
                            <span class="edit-cart-text">
											<spring code="product.edit.text" />"
										</span>
                        </button>
                        <div class="add-list-parent add-list-module  bottom-add-list-module ">
                            <button class="btn btn-inline-link btn-save-to-list  dark is-btn-animated" data-login-url="/account/login?productCode=21003827_EA" data-ajax-url="/restful/lists/all?productCode=21003827_EA" data-user-guest="Y" data-user-guest="Y" data-product-code="21003827_EA" data-delete-item="false" aria-label="Add Reduced Fat Original to a List">
                                <span class="glyphicon glyphicon-th-list"></span>
                                <div class="list-cta-text  is-btn-animated">Add to List</div>
                            </button>

                            <!-- this is the list HTML   -->
                            <div class="save-to-list-popup  is-btn-animated animation-up dark" data-save-to-list-error="Can not get lists at this time. Please try again later." data-product-name="Reduced Fat Original">
                                <div class="inner-container">
                                </div>

                            </div>
                        </div>

                    </div>
                </div>
            </div>

            <div class="module-plus-minus-buttons small hidden ">
                <button type="button" class="btn cart-change-qty" data-change-type="minus" data-auid="decrease-product-quantity" alt="Minus" aria-label="Minus">
                    <span class="icon-minimize"></span>
                </button>
                <div class="plus-minus-input-wrapper">
                    <input class="input-qty cart-change-qty" aria-label="Enter manual quantity" type="text" name="qty" title="Change quantity in cart" data-unit-type="ea" value="1ea" data-change-type="equals" maxlength="7">

                    <span class="input-qty-pretty">
							<span class="input-qty-pretty-value">1</span>
                    <span class="input-qty-pretty-unit"></span>
                    </span>
                </div>

                <button type="button" class="btn cart-change-qty" data-change-type="plus" data-auid="increase-product-quantity" alt="Plus" aria-label="Plus">
                    <span class="icon-plus-sign"></span>
                </button>

                <p class="deal-limit-reached hidden">Deal Limit Reached</p>

                <div class="tooltip-qty-error tooltip-qty-limit hidden">
                    <p>
                        Limit to &nbsp; 999 &nbsp;each&nbsp; per customer.</p>
                </div>
                <div class="tooltip-qty-error tooltip-round-error hidden">
                    <p>
                        We do not have this in the weight you wanted. We've rounded your order to the nearest weight increment we stock.</p>
                </div>
            </div>
        </form>

        <!-- End Template: AddToCartSmall -->

    </div>
</div>
<div class="item">

    <div class="module-grocery-product quickview-simple  clicked" data-quickview-ajax-url="/p/20599686_EA/quickViewProduct" data-product-id="20599686_EA" data-product-price="$6.98">

        <span class="subtitle"></span>

        <div class="product-page-hotspot">
            <div class="product-cell quickview-button">
                <div class="product-image ">

                    <img src="https://assets.shop.loblaws.ca/products/20599686/b1/en/front/20599686_front_a01.png" onerror="this.src='https://assets.shop.loblaws.ca/products/NoImage/b1/en/front/NoImage_front_a01_@2.png';" alt="Frito Classic Mix, 4 Flavour 18 bag - Variety pack" />

                    <div class="hover-text-container">
                        <button href="#" tabindex="0" class="hover-text " aria-label="Quick View for Frito Classic Mix, 4 Flavour 18 bag - Variety pack.">Quick View</button>
                    </div>
                </div>
            </div>

            <div class="product-in-cart">
                <div class="wrapper-product-in-cart">
                    <span>
	  			    In Cart
	  		    </span>
                </div>
            </div>

            <div class="product-info">
                <div class="product-name-wrapper">
                    <a href="/Food/Pantry/Chips-%26-Salty-Snacks/Pretzels-%26-Snack-Mixes/Frito-Classic-Mix%2C-4-Flavour-18-bag---Variety-pack/p/20599686_EA" class="product-name" aria-label="Product page for Frito Classic Mix, 4 Flavour 18 bag - Variety pack">
                        <span class="js-product-entry-brand">Lay's&nbsp;</span>

                        <span class="js-product-entry-name">Frito Classic Mix, 4 Flavour 18 bag - Variety pack</span>

                        <span class="js-product-entry-size-detail">(504 g)</span>

                    </a>
                </div>

                <span class="ad-match-badge  hidden">Ad Match</span>

                <div class="price">
                    <div class="price-wrapper no-discount  ">
                        <span class="reg-price  " aria-label="Regular Price: $6.98">
					    <span class="reg-price-text">$6.98</span>

                        <sup class="reg-price-unit">ea</sup>
                        </span>
                        <span class="sale-price hidden" aria-label="Sale Price:">
					    <span class="sale-price-text"></span>
                        <sup class="sale-price-unit">ea</sup>
                        </span>

                        <span class="secondary-price hidden">

					    <span class="secondary-price-text" aria-label="Secondary Price:"></span>
                        </span>
                    </div>
                </div>

                <div class="qty">
                    <span class="reg-qty  ">

		  		<span class="sr-only">Sale Price Per Unit:</span> $1.38 / 100 g

                    </span>

                    <span class="sale-qty hidden">

		  		<span class="sr-only">Sale Price Per Unit:</span> $1.38 / 100 g

                    </span>

                    <span class="secondary-qty hidden">

	  	<span class="secondary-qty-text"></span>
                    </span>
                </div>
            </div>

        </div>
        <form class="form-product  quickview-btn-simple" data-product-id="20599686_EA" data-min-qty="1.0" data-max-qty="999.0" data-unit-type="ea" data-cart-qty="1" data-default-qty="1" novalidate="novalidate" promoCode="" promoNumber="" data-is-customized="false" data-cart-url="/cart/product/20599686_EA" data-csrf-token="5582ec01-90c0-448b-b4f7-e2cf68d9f8a0" data-is-weighted-product="false">

            <div class="module-add-to-cart " data-change-type="plus" data-auto-edit="true" data-auto-add="true" data-cart-ajax-url="/cart/updateCart">
                <div class="wrapper-add-to-cart-btn">
                    <div class="module-add-to-cart-button-small">
                        <button type="button" class="btn btn-secondary btn-add-to-cart " data-auid="add-to-cart-button" data-has-pts-badge="false" aria-label="Add Frito Classic Mix, 4 Flavour 18 bag - Variety pack to cart">
                            <span class="icon-cart"></span>
                            <span class="add-to-cart-text">
											Add</span>
                        </button>
                        <button type="button" class="btn btn-secondary btn-edit-cart hidden " aria-label="Edit Cart">
                            <span class="qty-in-cart"></span>
                            <span class="edit-cart-text">
											<spring code="product.edit.text" />"
										</span>
                        </button>
                        <div class="add-list-parent add-list-module  bottom-add-list-module ">
                            <button class="btn btn-inline-link btn-save-to-list  dark is-btn-animated" data-login-url="/account/login?productCode=20599686_EA" data-ajax-url="/restful/lists/all?productCode=20599686_EA" data-user-guest="Y" data-user-guest="Y" data-product-code="20599686_EA" data-delete-item="false" aria-label="Add Frito Classic Mix, 4 Flavour 18 bag - Variety pack to a List">
                                <span class="glyphicon glyphicon-th-list"></span>
                                <div class="list-cta-text  is-btn-animated">Add to List</div>
                            </button>

                            <!-- this is the list HTML   -->
                            <div class="save-to-list-popup  is-btn-animated animation-up dark" data-save-to-list-error="Can not get lists at this time. Please try again later." data-product-name="Frito Classic Mix, 4 Flavour 18 bag - Variety pack">
                                <div class="inner-container">
                                </div>

                            </div>
                        </div>

                    </div>
                </div>
            </div>

            <div class="module-plus-minus-buttons small hidden ">
                <button type="button" class="btn cart-change-qty" data-change-type="minus" data-auid="decrease-product-quantity" alt="Minus" aria-label="Minus">
                    <span class="icon-minimize"></span>
                </button>
                <div class="plus-minus-input-wrapper">
                    <input class="input-qty cart-change-qty" aria-label="Enter manual quantity" type="text" name="qty" title="Change quantity in cart" data-unit-type="ea" value="1ea" data-change-type="equals" maxlength="7">

                    <span class="input-qty-pretty">
							<span class="input-qty-pretty-value">1</span>
                    <span class="input-qty-pretty-unit"></span>
                    </span>
                </div>

                <button type="button" class="btn cart-change-qty" data-change-type="plus" data-auid="increase-product-quantity" alt="Plus" aria-label="Plus">
                    <span class="icon-plus-sign"></span>
                </button>

                <p class="deal-limit-reached hidden">Deal Limit Reached</p>

                <div class="tooltip-qty-error tooltip-qty-limit hidden">
                    <p>
                        Limit to &nbsp; 999 &nbsp;each&nbsp; per customer.</p>
                </div>
                <div class="tooltip-qty-error tooltip-round-error hidden">
                    <p>
                        We do not have this in the weight you wanted. We've rounded your order to the nearest weight increment we stock.</p>
                </div>
            </div>
        </form>

        <!-- End Template: AddToCartSmall -->

    </div>
</div>
<div class="item">

    <div class="module-grocery-product quickview-simple  clicked" data-quickview-ajax-url="/p/20503479003_EA/quickViewProduct" data-product-id="20503479003_EA" data-product-price="$3.28">

        <span class="subtitle"></span>

        <div class="product-page-hotspot">
            <div class="product-cell quickview-button">
                <div class="product-image ">

                    <img src="https://assets.shop.loblaws.ca/products/20503479003/b1/en/front/20503479003_front_a01.png" onerror="this.src='https://assets.shop.loblaws.ca/products/NoImage/b1/en/front/NoImage_front_a01_@2.png';" alt="Dutch Crunch Kettle Chips, Jalapeno & Cheddar" />

                    <div class="hover-text-container">
                        <button href="#" tabindex="0" class="hover-text " aria-label="Quick View for Dutch Crunch Kettle Chips, Jalapeno & Cheddar.">Quick View</button>
                    </div>
                </div>
            </div>

            <div class="product-in-cart">
                <div class="wrapper-product-in-cart">
                    <span>
	  			    In Cart
	  		    </span>
                </div>
            </div>

            <div class="product-info">
                <div class="product-name-wrapper">
                    <a href="/Food/Pantry/Chips-%26-Salty-Snacks/Potato-Chips/Dutch-Crunch-Kettle-Chips%2C-Jalapeno-%26-Cheddar/p/20503479003_EA" class="product-name" aria-label="Product page for Dutch Crunch Kettle Chips, Jalapeno & Cheddar">
                        <span class="js-product-entry-brand">Old Dutch&nbsp;</span>

                        <span class="js-product-entry-subbrand">DUTCH CRUNCH&nbsp;</span>

                        <span class="js-product-entry-name">Dutch Crunch Kettle Chips, Jalapeno & Cheddar</span>

                        <span class="js-product-entry-size-detail">(200 g)</span>

                    </a>
                </div>

                <span class="ad-match-badge  hidden">Ad Match</span>

                <div class="price">
                    <div class="price-wrapper no-discount  ">
                        <span class="reg-price  " aria-label="Regular Price: $3.28">
					    <span class="reg-price-text">$3.28</span>

                        <sup class="reg-price-unit">ea</sup>
                        </span>
                        <span class="sale-price hidden" aria-label="Sale Price:">
					    <span class="sale-price-text"></span>
                        <sup class="sale-price-unit">ea</sup>
                        </span>

                        <span class="secondary-price hidden">

					    <span class="secondary-price-text" aria-label="Secondary Price:"></span>
                        </span>
                    </div>
                </div>

                <div class="qty">
                    <span class="reg-qty  ">

		  		<span class="sr-only">Sale Price Per Unit:</span> $1.64 / 100 g

                    </span>

                    <span class="sale-qty hidden">

		  		<span class="sr-only">Sale Price Per Unit:</span> $1.64 / 100 g

                    </span>

                    <span class="secondary-qty hidden">

	  	<span class="secondary-qty-text"></span>
                    </span>
                </div>
            </div>

        </div>
        <form class="form-product  quickview-btn-simple" data-product-id="20503479003_EA" data-min-qty="1.0" data-max-qty="999.0" data-unit-type="ea" data-cart-qty="1" data-default-qty="1" novalidate="novalidate" promoCode="" promoNumber="" data-is-customized="false" data-cart-url="/cart/product/20503479003_EA" data-csrf-token="5582ec01-90c0-448b-b4f7-e2cf68d9f8a0" data-is-weighted-product="false">

            <div class="module-add-to-cart " data-change-type="plus" data-auto-edit="true" data-auto-add="true" data-cart-ajax-url="/cart/updateCart">
                <div class="wrapper-add-to-cart-btn">
                    <div class="module-add-to-cart-button-small">
                        <button type="button" class="btn btn-secondary btn-add-to-cart " data-auid="add-to-cart-button" data-has-pts-badge="false" aria-label="Add Dutch Crunch Kettle Chips, Jalapeno & Cheddar to cart">
                            <span class="icon-cart"></span>
                            <span class="add-to-cart-text">
											Add</span>
                        </button>
                        <button type="button" class="btn btn-secondary btn-edit-cart hidden " aria-label="Edit Cart">
                            <span class="qty-in-cart"></span>
                            <span class="edit-cart-text">
											<spring code="product.edit.text" />"
										</span>
                        </button>
                        <div class="add-list-parent add-list-module  bottom-add-list-module ">
                            <button class="btn btn-inline-link btn-save-to-list  dark is-btn-animated" data-login-url="/account/login?productCode=20503479003_EA" data-ajax-url="/restful/lists/all?productCode=20503479003_EA" data-user-guest="Y" data-user-guest="Y" data-product-code="20503479003_EA" data-delete-item="false" aria-label="Add Dutch Crunch Kettle Chips, Jalapeno & Cheddar to a List">
                                <span class="glyphicon glyphicon-th-list"></span>
                                <div class="list-cta-text  is-btn-animated">Add to List</div>
                            </button>

                            <!-- this is the list HTML   -->
                            <div class="save-to-list-popup  is-btn-animated animation-up dark" data-save-to-list-error="Can not get lists at this time. Please try again later." data-product-name="Dutch Crunch Kettle Chips, Jalapeno & Cheddar">
                                <div class="inner-container">
                                </div>

                            </div>
                        </div>

                    </div>
                </div>
            </div>

            <div class="module-plus-minus-buttons small hidden ">
                <button type="button" class="btn cart-change-qty" data-change-type="minus" data-auid="decrease-product-quantity" alt="Minus" aria-label="Minus">
                    <span class="icon-minimize"></span>
                </button>
                <div class="plus-minus-input-wrapper">
                    <input class="input-qty cart-change-qty" aria-label="Enter manual quantity" type="text" name="qty" title="Change quantity in cart" data-unit-type="ea" value="1ea" data-change-type="equals" maxlength="7">

                    <span class="input-qty-pretty">
							<span class="input-qty-pretty-value">1</span>
                    <span class="input-qty-pretty-unit"></span>
                    </span>
                </div>

                <button type="button" class="btn cart-change-qty" data-change-type="plus" data-auid="increase-product-quantity" alt="Plus" aria-label="Plus">
                    <span class="icon-plus-sign"></span>
                </button>

                <p class="deal-limit-reached hidden">Deal Limit Reached</p>

                <div class="tooltip-qty-error tooltip-qty-limit hidden">
                    <p>
                        Limit to &nbsp; 999 &nbsp;each&nbsp; per customer.</p>
                </div>
                <div class="tooltip-qty-error tooltip-round-error hidden">
                    <p>
                        We do not have this in the weight you wanted. We've rounded your order to the nearest weight increment we stock.</p>
                </div>
            </div>
        </form>

        <!-- End Template: AddToCartSmall -->

    </div>
</div>
<div class="item">

    <div class="module-grocery-product quickview-simple  clicked" data-quickview-ajax-url="/p/21074284_EA/quickViewProduct" data-product-id="21074284_EA" data-product-price="$2.98">

        <span class="subtitle"></span>

        <div class="product-page-hotspot">
            <div class="product-cell quickview-button">
                <div class="product-image ">

                    <img src="https://assets.shop.loblaws.ca/products/21074284/b1/en/front/21074284_front_a01.png" onerror="this.src='https://assets.shop.loblaws.ca/products/NoImage/b1/en/front/NoImage_front_a01_@2.png';" alt="Mega Can Original Flavour" />

                    <div class="hover-text-container">
                        <button href="#" tabindex="0" class="hover-text " aria-label="Quick View for Mega Can Original Flavour.">Quick View</button>
                    </div>
                </div>
            </div>

            <div class="product-in-cart">
                <div class="wrapper-product-in-cart">
                    <span>
	  			    In Cart
	  		    </span>
                </div>
            </div>

            <div class="product-info">
                <div class="product-name-wrapper">
                    <a href="/Food/Pantry/Chips-%26-Salty-Snacks/Potato-Chips/Pringles-Mega-Can-Original-Flavour/p/21074284_EA" class="product-name" aria-label="Product page for Mega Can Original Flavour">
                        <span class="js-product-entry-brand">Pringles&nbsp;</span>

                        <span class="js-product-entry-name">Mega Can Original Flavour</span>

                        <span class="js-product-entry-size-detail">(194 g)</span>

                    </a>
                </div>

                <span class="ad-match-badge  hidden">Ad Match</span>

                <div class="price">
                    <div class="price-wrapper no-discount  ">
                        <span class="reg-price  " aria-label="Regular Price: $2.98">
					    <span class="reg-price-text">$2.98</span>

                        <sup class="reg-price-unit">ea</sup>
                        </span>
                        <span class="sale-price hidden" aria-label="Sale Price:">
					    <span class="sale-price-text"></span>
                        <sup class="sale-price-unit">ea</sup>
                        </span>

                        <span class="secondary-price hidden">

					    <span class="secondary-price-text" aria-label="Secondary Price:"></span>
                        </span>
                    </div>
                </div>

                <div class="qty">
                    <span class="reg-qty  ">

		  		<span class="sr-only">Sale Price Per Unit:</span> $1.54 / 100 g

                    </span>

                    <span class="sale-qty hidden">

		  		<span class="sr-only">Sale Price Per Unit:</span> $1.54 / 100 g

                    </span>

                    <span class="secondary-qty hidden">

	  	<span class="secondary-qty-text"></span>
                    </span>
                </div>
            </div>

        </div>
        <form class="form-product  quickview-btn-simple" data-product-id="21074284_EA" data-min-qty="1.0" data-max-qty="999.0" data-unit-type="ea" data-cart-qty="1" data-default-qty="1" novalidate="novalidate" promoCode="" promoNumber="" data-is-customized="false" data-cart-url="/cart/product/21074284_EA" data-csrf-token="5582ec01-90c0-448b-b4f7-e2cf68d9f8a0" data-is-weighted-product="false">

            <div class="module-add-to-cart " data-change-type="plus" data-auto-edit="true" data-auto-add="true" data-cart-ajax-url="/cart/updateCart">
                <div class="wrapper-add-to-cart-btn">
                    <div class="module-add-to-cart-button-small">
                        <button type="button" class="btn btn-secondary btn-add-to-cart " data-auid="add-to-cart-button" data-has-pts-badge="false" aria-label="Add Mega Can Original Flavour to cart">
                            <span class="icon-cart"></span>
                            <span class="add-to-cart-text">
											Add</span>
                        </button>
                        <button type="button" class="btn btn-secondary btn-edit-cart hidden " aria-label="Edit Cart">
                            <span class="qty-in-cart"></span>
                            <span class="edit-cart-text">
											<spring code="product.edit.text" />"
										</span>
                        </button>
                        <div class="add-list-parent add-list-module  bottom-add-list-module ">
                            <button class="btn btn-inline-link btn-save-to-list  dark is-btn-animated" data-login-url="/account/login?productCode=21074284_EA" data-ajax-url="/restful/lists/all?productCode=21074284_EA" data-user-guest="Y" data-user-guest="Y" data-product-code="21074284_EA" data-delete-item="false" aria-label="Add Mega Can Original Flavour to a List">
                                <span class="glyphicon glyphicon-th-list"></span>
                                <div class="list-cta-text  is-btn-animated">Add to List</div>
                            </button>

                            <!-- this is the list HTML   -->
                            <div class="save-to-list-popup  is-btn-animated animation-up dark" data-save-to-list-error="Can not get lists at this time. Please try again later." data-product-name="Mega Can Original Flavour">
                                <div class="inner-container">
                                </div>

                            </div>
                        </div>

                    </div>
                </div>
            </div>

            <div class="module-plus-minus-buttons small hidden ">
                <button type="button" class="btn cart-change-qty" data-change-type="minus" data-auid="decrease-product-quantity" alt="Minus" aria-label="Minus">
                    <span class="icon-minimize"></span>
                </button>
                <div class="plus-minus-input-wrapper">
                    <input class="input-qty cart-change-qty" aria-label="Enter manual quantity" type="text" name="qty" title="Change quantity in cart" data-unit-type="ea" value="1ea" data-change-type="equals" maxlength="7">

                    <span class="input-qty-pretty">
							<span class="input-qty-pretty-value">1</span>
                    <span class="input-qty-pretty-unit"></span>
                    </span>
                </div>

                <button type="button" class="btn cart-change-qty" data-change-type="plus" data-auid="increase-product-quantity" alt="Plus" aria-label="Plus">
                    <span class="icon-plus-sign"></span>
                </button>

                <p class="deal-limit-reached hidden">Deal Limit Reached</p>

                <div class="tooltip-qty-error tooltip-qty-limit hidden">
                    <p>
                        Limit to &nbsp; 999 &nbsp;each&nbsp; per customer.</p>
                </div>
                <div class="tooltip-qty-error tooltip-round-error hidden">
                    <p>
                        We do not have this in the weight you wanted. We've rounded your order to the nearest weight increment we stock.</p>
                </div>
            </div>
        </form>

        <!-- End Template: AddToCartSmall -->

    </div>
</div>
<div class="item">

    <div class="module-grocery-product quickview-simple  clicked" data-quickview-ajax-url="/p/20889026_EA/quickViewProduct" data-product-id="20889026_EA" data-product-price="$3.97">

        <span class="subtitle"></span>

        <div class="product-page-hotspot">
            <div class="product-cell quickview-button">
                <div class="product-image ">

                    <img src="https://assets.shop.loblaws.ca/products/20889026/b1/en/front/20889026_front_a01.png" onerror="this.src='https://assets.shop.loblaws.ca/products/NoImage/b1/en/front/NoImage_front_a01_@2.png';" alt="Kettle Cooked Potato Chips, Applewood Smoked BBQ" />

                    <div class="hover-text-container">
                        <button href="#" tabindex="0" class="hover-text " aria-label="Quick View for Kettle Cooked Potato Chips, Applewood Smoked BBQ.">Quick View</button>
                    </div>
                </div>
            </div>

            <div class="product-in-cart">
                <div class="wrapper-product-in-cart">
                    <span>
	  			    In Cart
	  		    </span>
                </div>
            </div>

            <div class="product-info">
                <div class="product-name-wrapper">
                    <a href="/Food/Pantry/Chips-%26-Salty-Snacks/Potato-Chips/Miss-Vickies-Kettle-Cooked-Potato-Chips%2C-Applewood-Smoked-BBQ/p/20889026_EA" class="product-name" aria-label="Product page for Kettle Cooked Potato Chips, Applewood Smoked BBQ">
                        <span class="js-product-entry-brand">Miss Vickies&nbsp;</span>

                        <span class="js-product-entry-name">Kettle Cooked Potato Chips, Applewood Smoked BBQ</span>

                        <span class="js-product-entry-size-detail">(220 g)</span>

                    </a>
                </div>

                <span class="ad-match-badge  hidden">Ad Match</span>

                <div class="price">
                    <div class="price-wrapper no-discount  ">
                        <span class="reg-price  " aria-label="Regular Price: $3.97">
					    <span class="reg-price-text">$3.97</span>

                        <sup class="reg-price-unit">ea</sup>
                        </span>
                        <span class="sale-price hidden" aria-label="Sale Price:">
					    <span class="sale-price-text"></span>
                        <sup class="sale-price-unit">ea</sup>
                        </span>

                        <span class="secondary-price hidden">

					    <span class="secondary-price-text" aria-label="Secondary Price:"></span>
                        </span>
                    </div>
                </div>

                <div class="qty">
                    <span class="reg-qty  ">

		  		<span class="sr-only">Sale Price Per Unit:</span> $1.80 / 100 g

                    </span>

                    <span class="sale-qty hidden">

		  		<span class="sr-only">Sale Price Per Unit:</span> $1.80 / 100 g

                    </span>

                    <span class="secondary-qty hidden">

	  	<span class="secondary-qty-text"></span>
                    </span>
                </div>
            </div>

        </div>
        <form class="form-product  quickview-btn-simple" data-product-id="20889026_EA" data-min-qty="1.0" data-max-qty="999.0" data-unit-type="ea" data-cart-qty="1" data-default-qty="1" novalidate="novalidate" promoCode="" promoNumber="" data-is-customized="false" data-cart-url="/cart/product/20889026_EA" data-csrf-token="5582ec01-90c0-448b-b4f7-e2cf68d9f8a0" data-is-weighted-product="false">

            <div class="module-add-to-cart " data-change-type="plus" data-auto-edit="true" data-auto-add="true" data-cart-ajax-url="/cart/updateCart">
                <div class="wrapper-add-to-cart-btn">
                    <div class="module-add-to-cart-button-small">
                        <button type="button" class="btn btn-secondary btn-add-to-cart " data-auid="add-to-cart-button" data-has-pts-badge="false" aria-label="Add Kettle Cooked Potato Chips, Applewood Smoked BBQ to cart">
                            <span class="icon-cart"></span>
                            <span class="add-to-cart-text">
											Add</span>
                        </button>
                        <button type="button" class="btn btn-secondary btn-edit-cart hidden " aria-label="Edit Cart">
                            <span class="qty-in-cart"></span>
                            <span class="edit-cart-text">
											<spring code="product.edit.text" />"
										</span>
                        </button>
                        <div class="add-list-parent add-list-module  bottom-add-list-module ">
                            <button class="btn btn-inline-link btn-save-to-list  dark is-btn-animated" data-login-url="/account/login?productCode=20889026_EA" data-ajax-url="/restful/lists/all?productCode=20889026_EA" data-user-guest="Y" data-user-guest="Y" data-product-code="20889026_EA" data-delete-item="false" aria-label="Add Kettle Cooked Potato Chips, Applewood Smoked BBQ to a List">
                                <span class="glyphicon glyphicon-th-list"></span>
                                <div class="list-cta-text  is-btn-animated">Add to List</div>
                            </button>

                            <!-- this is the list HTML   -->
                            <div class="save-to-list-popup  is-btn-animated animation-up dark" data-save-to-list-error="Can not get lists at this time. Please try again later." data-product-name="Kettle Cooked Potato Chips, Applewood Smoked BBQ">
                                <div class="inner-container">
                                </div>

                            </div>
                        </div>

                    </div>
                </div>
            </div>

            <div class="module-plus-minus-buttons small hidden ">
                <button type="button" class="btn cart-change-qty" data-change-type="minus" data-auid="decrease-product-quantity" alt="Minus" aria-label="Minus">
                    <span class="icon-minimize"></span>
                </button>
                <div class="plus-minus-input-wrapper">
                    <input class="input-qty cart-change-qty" aria-label="Enter manual quantity" type="text" name="qty" title="Change quantity in cart" data-unit-type="ea" value="1ea" data-change-type="equals" maxlength="7">

                    <span class="input-qty-pretty">
							<span class="input-qty-pretty-value">1</span>
                    <span class="input-qty-pretty-unit"></span>
                    </span>
                </div>

                <button type="button" class="btn cart-change-qty" data-change-type="plus" data-auid="increase-product-quantity" alt="Plus" aria-label="Plus">
                    <span class="icon-plus-sign"></span>
                </button>

                <p class="deal-limit-reached hidden">Deal Limit Reached</p>

                <div class="tooltip-qty-error tooltip-qty-limit hidden">
                    <p>
                        Limit to &nbsp; 999 &nbsp;each&nbsp; per customer.</p>
                </div>
                <div class="tooltip-qty-error tooltip-round-error hidden">
                    <p>
                        We do not have this in the weight you wanted. We've rounded your order to the nearest weight increment we stock.</p>
                </div>
            </div>
        </form>

        <!-- End Template: AddToCartSmall -->

    </div>
</div>
<div class="item">

    <div class="module-grocery-product quickview-simple  clicked" data-quickview-ajax-url="/p/20969620_EA/quickViewProduct" data-product-id="20969620_EA" data-product-price="$3.18">

        <span class="subtitle"></span>

        <div class="product-page-hotspot">
            <div class="product-cell quickview-button">
                <div class="product-image ">

                    <img src="https://assets.shop.loblaws.ca/products/20969620/b1/en/front/20969620_front_a01.png" onerror="this.src='https://assets.shop.loblaws.ca/products/NoImage/b1/en/front/NoImage_front_a01_@2.png';" alt="Wavy Potato Chips, Sour Cream & Sriracha" />

                    <span class="sticker deal">
	  				    <span class="deal-badge">
	  					    <span class="module-deal-badge module-deal-badge-feature flyer expires undefined">
	  						    <span class="deal-type">
								    Flyer<br />
	  							    Item
	  						    </span>

                    <span class="deal-expiry">
		Exp. 12/19
	</span>

                    </span>
                    </span>
                    </span>

                    <div class="hover-text-container">
                        <button href="#" tabindex="0" class="hover-text " aria-label="Quick View for Wavy Potato Chips, Sour Cream & Sriracha.">Quick View</button>
                    </div>
                </div>
            </div>

            <div class="product-in-cart">
                <div class="wrapper-product-in-cart">
                    <span>
	  			    In Cart
	  		    </span>
                </div>
            </div>

            <div class="product-info">
                <div class="product-name-wrapper">
                    <a href="/Food/Pantry/Chips-%26-Salty-Snacks/Potato-Chips/Lay%27s-WAVY-Wavy-Potato-Chips%2C-Sour-Cream-%26-Sriracha/p/20969620_EA" class="product-name" aria-label="Product page for Wavy Potato Chips, Sour Cream & Sriracha">
                        <span class="js-product-entry-brand">Lay's&nbsp;</span>

                        <span class="js-product-entry-name">Wavy Potato Chips, Sour Cream & Sriracha</span>

                        <span class="js-product-entry-size-detail">(240 g)</span>

                    </a>
                </div>

                <span class="ad-match-badge  hidden">Ad Match</span>

                <div class="price">
                    <div class="price-wrapper no-discount  ">
                        <span class="reg-price  " aria-label="Regular Price: $3.18">
					    <span class="reg-price-text">$3.18</span>

                        <sup class="reg-price-unit">ea</sup>
                        </span>
                        <span class="sale-price hidden" aria-label="Sale Price:">
					    <span class="sale-price-text"></span>
                        <sup class="sale-price-unit">ea</sup>
                        </span>

                        <span class="secondary-price hidden">

					    <span class="secondary-price-text" aria-label="Secondary Price:"></span>
                        </span>
                    </div>
                </div>

                <div class="qty">
                    <span class="reg-qty  ">

		  		<span class="sr-only">Sale Price Per Unit:</span> $1.33 / 100 g

                    </span>

                    <span class="sale-qty hidden">

		  		<span class="sr-only">Sale Price Per Unit:</span> $1.33 / 100 g

                    </span>

                    <span class="secondary-qty hidden">

	  	<span class="secondary-qty-text"></span>
                    </span>
                </div>
            </div>

        </div>
        <form class="form-product  quickview-btn-simple" data-product-id="20969620_EA" data-min-qty="1.0" data-max-qty="999.0" data-unit-type="ea" data-cart-qty="1" data-default-qty="1" novalidate="novalidate" promoCode="" promoNumber="" data-is-customized="false" data-cart-url="/cart/product/20969620_EA" data-csrf-token="5582ec01-90c0-448b-b4f7-e2cf68d9f8a0" data-is-weighted-product="false">

            <div class="module-add-to-cart " data-change-type="plus" data-auto-edit="true" data-auto-add="true" data-cart-ajax-url="/cart/updateCart">
                <div class="wrapper-add-to-cart-btn">
                    <div class="module-add-to-cart-button-small">
                        <button type="button" class="btn btn-secondary btn-add-to-cart " data-auid="add-to-cart-button" data-has-pts-badge="false" aria-label="Add Wavy Potato Chips, Sour Cream & Sriracha to cart">
                            <span class="icon-cart"></span>
                            <span class="add-to-cart-text">
											Add</span>
                        </button>
                        <button type="button" class="btn btn-secondary btn-edit-cart hidden " aria-label="Edit Cart">
                            <span class="qty-in-cart"></span>
                            <span class="edit-cart-text">
											<spring code="product.edit.text" />"
										</span>
                        </button>
                        <div class="add-list-parent add-list-module  bottom-add-list-module ">
                            <button class="btn btn-inline-link btn-save-to-list  dark is-btn-animated" data-login-url="/account/login?productCode=20969620_EA" data-ajax-url="/restful/lists/all?productCode=20969620_EA" data-user-guest="Y" data-user-guest="Y" data-product-code="20969620_EA" data-delete-item="false" aria-label="Add Wavy Potato Chips, Sour Cream & Sriracha to a List">
                                <span class="glyphicon glyphicon-th-list"></span>
                                <div class="list-cta-text  is-btn-animated">Add to List</div>
                            </button>

                            <!-- this is the list HTML   -->
                            <div class="save-to-list-popup  is-btn-animated animation-up dark" data-save-to-list-error="Can not get lists at this time. Please try again later." data-product-name="Wavy Potato Chips, Sour Cream & Sriracha">
                                <div class="inner-container">
                                </div>

                            </div>
                        </div>

                    </div>
                </div>
            </div>

            <div class="module-plus-minus-buttons small hidden ">
                <button type="button" class="btn cart-change-qty" data-change-type="minus" data-auid="decrease-product-quantity" alt="Minus" aria-label="Minus">
                    <span class="icon-minimize"></span>
                </button>
                <div class="plus-minus-input-wrapper">
                    <input class="input-qty cart-change-qty" aria-label="Enter manual quantity" type="text" name="qty" title="Change quantity in cart" data-unit-type="ea" value="1ea" data-change-type="equals" maxlength="7">

                    <span class="input-qty-pretty">
							<span class="input-qty-pretty-value">1</span>
                    <span class="input-qty-pretty-unit"></span>
                    </span>
                </div>

                <button type="button" class="btn cart-change-qty" data-change-type="plus" data-auid="increase-product-quantity" alt="Plus" aria-label="Plus">
                    <span class="icon-plus-sign"></span>
                </button>

                <p class="deal-limit-reached hidden">Deal Limit Reached</p>

                <div class="tooltip-qty-error tooltip-qty-limit hidden">
                    <p>
                        Limit to &nbsp; 999 &nbsp;each&nbsp; per customer.</p>
                </div>
                <div class="tooltip-qty-error tooltip-round-error hidden">
                    <p>
                        We do not have this in the weight you wanted. We've rounded your order to the nearest weight increment we stock.</p>
                </div>
            </div>
        </form>

        <!-- End Template: AddToCartSmall -->

    </div>
</div>
<div class="item">

    <div class="module-grocery-product quickview-simple  clicked" data-quickview-ajax-url="/p/20064039_EA/quickViewProduct" data-product-id="20064039_EA" data-product-price="$1.98">

        <span class="subtitle"></span>

        <div class="product-page-hotspot">
            <div class="product-cell quickview-button">
                <div class="product-image ">

                    <img src="https://assets.shop.loblaws.ca/products/20064039/b1/en/front/20064039_front_a01.png" onerror="this.src='https://assets.shop.loblaws.ca/products/NoImage/b1/en/front/NoImage_front_a01_@2.png';" alt="Potato Chips, Cheese" />

                    <span class="sticker deal">
	  				        <span class="deal-badge">

	  				            <span class="module-deal-badge module-deal-badge-grid simple-save-unit "
	  						        data-deal-type="2 FOR $3.56"
	  						        data-ajax-promo-url="/simpleDeal/deals/product-tile?productCode=20064039_EA"
	  						        data-deal-id="20064039_EA">
	  						        <span class="deal-type">2 FOR $3.56</span>

                    <span class="deal-expiry">
		Exp. 12/31
	</span>

                    </span>
                    </span>
                    </span>

                    <div class="hover-text-container">
                        <button href="#" tabindex="0" class="hover-text " aria-label="Quick View for Potato Chips, Cheese.">Quick View</button>
                    </div>
                </div>
            </div>

            <div class="product-in-cart">
                <div class="wrapper-product-in-cart">
                    <span>
	  			    In Cart
	  		    </span>
                </div>
            </div>

            <div class="product-info">
                <div class="product-name-wrapper">
                    <a href="/Food/Pantry/Chips-%26-Salty-Snacks/Potato-Chips/Leslie%27s-Clover-Potato-Chips%2C-Cheese/p/20064039_EA" class="product-name" aria-label="Product page for Potato Chips, Cheese">

                        <span class="js-product-entry-name">Potato Chips, Cheese</span>

                        <span class="js-product-entry-size-detail">(160 g)</span>

                    </a>
                </div>

                <span class="ad-match-badge  hidden">Ad Match</span>

                <div class="price">
                    <div class="price-wrapper no-discount  ">
                        <span class="reg-price  " aria-label="Regular Price: $1.98">
					    <span class="reg-price-text">$1.98</span>

                        <sup class="reg-price-unit">ea</sup>
                        </span>
                        <span class="sale-price hidden" aria-label="Sale Price:">
					    <span class="sale-price-text"></span>
                        <sup class="sale-price-unit">ea</sup>
                        </span>

                        <span class="secondary-price hidden">

					    <span class="secondary-price-text" aria-label="Secondary Price:"></span>
                        </span>
                    </div>
                </div>

                <div class="qty">
                    <span class="reg-qty  ">

		  		<span class="sr-only">Sale Price Per Unit:</span> $1.24 / 100 g

                    </span>

                    <span class="sale-qty hidden">

		  		<span class="sr-only">Sale Price Per Unit:</span> $1.24 / 100 g

                    </span>

                    <span class="secondary-qty hidden">

	  	<span class="secondary-qty-text"></span>
                    </span>
                </div>
            </div>

        </div>
        <form class="form-product  quickview-btn-simple" data-product-id="20064039_EA" data-min-qty="1.0" data-max-qty="999.0" data-unit-type="ea" data-cart-qty="1" data-default-qty="1" novalidate="novalidate" promoCode="" promoNumber="" data-is-customized="false" data-cart-url="/cart/product/20064039_EA" data-csrf-token="5582ec01-90c0-448b-b4f7-e2cf68d9f8a0" data-is-weighted-product="false">

            <div class="module-add-to-cart " data-change-type="plus" data-auto-edit="true" data-auto-add="true" data-cart-ajax-url="/cart/updateCart">
                <div class="wrapper-add-to-cart-btn">
                    <div class="module-add-to-cart-button-small">
                        <button type="button" class="btn btn-secondary btn-add-to-cart " data-auid="add-to-cart-button" data-has-pts-badge="false" aria-label="Add Potato Chips, Cheese to cart">
                            <span class="icon-cart"></span>
                            <span class="add-to-cart-text">
											Add</span>
                        </button>
                        <button type="button" class="btn btn-secondary btn-edit-cart hidden " aria-label="Edit Cart">
                            <span class="qty-in-cart"></span>
                            <span class="edit-cart-text">
											<spring code="product.edit.text" />"
										</span>
                        </button>
                        <div class="add-list-parent add-list-module  bottom-add-list-module ">
                            <button class="btn btn-inline-link btn-save-to-list  dark is-btn-animated" data-login-url="/account/login?productCode=20064039_EA" data-ajax-url="/restful/lists/all?productCode=20064039_EA" data-user-guest="Y" data-user-guest="Y" data-product-code="20064039_EA" data-delete-item="false" aria-label="Add Potato Chips, Cheese to a List">
                                <span class="glyphicon glyphicon-th-list"></span>
                                <div class="list-cta-text  is-btn-animated">Add to List</div>
                            </button>

                            <!-- this is the list HTML   -->
                            <div class="save-to-list-popup  is-btn-animated animation-up dark" data-save-to-list-error="Can not get lists at this time. Please try again later." data-product-name="Potato Chips, Cheese">
                                <div class="inner-container">
                                </div>

                            </div>
                        </div>

                    </div>
                </div>
            </div>

            <div class="module-plus-minus-buttons small hidden ">
                <button type="button" class="btn cart-change-qty" data-change-type="minus" data-auid="decrease-product-quantity" alt="Minus" aria-label="Minus">
                    <span class="icon-minimize"></span>
                </button>
                <div class="plus-minus-input-wrapper">
                    <input class="input-qty cart-change-qty" aria-label="Enter manual quantity" type="text" name="qty" title="Change quantity in cart" data-unit-type="ea" value="1ea" data-change-type="equals" maxlength="7">

                    <span class="input-qty-pretty">
							<span class="input-qty-pretty-value">1</span>
                    <span class="input-qty-pretty-unit"></span>
                    </span>
                </div>

                <button type="button" class="btn cart-change-qty" data-change-type="plus" data-auid="increase-product-quantity" alt="Plus" aria-label="Plus">
                    <span class="icon-plus-sign"></span>
                </button>

                <p class="deal-limit-reached hidden">Deal Limit Reached</p>

                <div class="tooltip-qty-error tooltip-qty-limit hidden">
                    <p>
                        Limit to &nbsp; 999 &nbsp;each&nbsp; per customer.</p>
                </div>
                <div class="tooltip-qty-error tooltip-round-error hidden">
                    <p>
                        We do not have this in the weight you wanted. We've rounded your order to the nearest weight increment we stock.</p>
                </div>
            </div>
        </form>

        <!-- End Template: AddToCartSmall -->

    </div>
</div>
<div class="item">

    <div class="module-grocery-product quickview-simple  clicked" data-quickview-ajax-url="/p/21032474_EA/quickViewProduct" data-product-id="21032474_EA" data-product-price="$4.48">

        <span class="subtitle"></span>

        <div class="product-page-hotspot">
            <div class="product-cell quickview-button">
                <div class="product-image ">

                    <img src="https://assets.shop.loblaws.ca/products/21032474/b1/en/front/21032474_front_a01.png" onerror="this.src='https://assets.shop.loblaws.ca/products/NoImage/b1/en/front/NoImage_front_a01_@2.png';" alt="Haunted Ghost Pepper Tortilla Chips" />

                    <span class="sticker deal">
	  				        <span class="deal-badge">

	  				            <span class="module-deal-badge module-deal-badge-grid simple-save-unit "
	  						        data-deal-type="2 FOR $8.00"
	  						        data-ajax-promo-url="/simpleDeal/deals/product-tile?productCode=21032474_EA"
	  						        data-deal-id="21032474_EA">
	  						        <span class="deal-type">2 FOR $8.00</span>

                    <span class="deal-expiry">
		Exp. 05/13
	</span>

                    </span>
                    </span>
                    </span>

                    <div class="hover-text-container">
                        <button href="#" tabindex="0" class="hover-text " aria-label="Quick View for Haunted Ghost Pepper Tortilla Chips.">Quick View</button>
                    </div>
                </div>
            </div>

            <div class="product-in-cart">
                <div class="wrapper-product-in-cart">
                    <span>
	  			    In Cart
	  		    </span>
                </div>
            </div>

            <div class="product-info">
                <div class="product-name-wrapper">
                    <a href="/Food/Pantry/Chips-%26-Salty-Snacks/Potato-Chips/Paqui-Haunted-Ghost-Pepper-Tortilla-Chips/p/21032474_EA" class="product-name" aria-label="Product page for Haunted Ghost Pepper Tortilla Chips">
                        <span class="js-product-entry-brand">Paqui&nbsp;</span>

                        <span class="js-product-entry-name">Haunted Ghost Pepper Tortilla Chips</span>

                        <span class="js-product-entry-size-detail">(155 g)</span>

                    </a>
                </div>

                <span class="ad-match-badge  hidden">Ad Match</span>

                <div class="price">
                    <div class="price-wrapper no-discount  ">
                        <span class="reg-price  " aria-label="Regular Price: $4.48">
					    <span class="reg-price-text">$4.48</span>

                        <sup class="reg-price-unit">ea</sup>
                        </span>
                        <span class="sale-price hidden" aria-label="Sale Price:">
					    <span class="sale-price-text"></span>
                        <sup class="sale-price-unit">ea</sup>
                        </span>

                        <span class="secondary-price hidden">

					    <span class="secondary-price-text" aria-label="Secondary Price:"></span>
                        </span>
                    </div>
                </div>

                <div class="qty">
                    <span class="reg-qty  ">

		  		<span class="sr-only">Sale Price Per Unit:</span> $2.89 / 100 g

                    </span>

                    <span class="sale-qty hidden">

		  		<span class="sr-only">Sale Price Per Unit:</span> $2.89 / 100 g

                    </span>

                    <span class="secondary-qty hidden">

	  	<span class="secondary-qty-text"></span>
                    </span>
                </div>
            </div>

        </div>
        <form class="form-product  quickview-btn-simple" data-product-id="21032474_EA" data-min-qty="1.0" data-max-qty="999.0" data-unit-type="ea" data-cart-qty="1" data-default-qty="1" novalidate="novalidate" promoCode="" promoNumber="" data-is-customized="false" data-cart-url="/cart/product/21032474_EA" data-csrf-token="5582ec01-90c0-448b-b4f7-e2cf68d9f8a0" data-is-weighted-product="false">

            <div class="module-add-to-cart " data-change-type="plus" data-auto-edit="true" data-auto-add="true" data-cart-ajax-url="/cart/updateCart">
                <div class="wrapper-add-to-cart-btn">
                    <div class="module-add-to-cart-button-small">
                        <button type="button" class="btn btn-secondary btn-add-to-cart " data-auid="add-to-cart-button" data-has-pts-badge="false" aria-label="Add Haunted Ghost Pepper Tortilla Chips to cart">
                            <span class="icon-cart"></span>
                            <span class="add-to-cart-text">
											Add</span>
                        </button>
                        <button type="button" class="btn btn-secondary btn-edit-cart hidden " aria-label="Edit Cart">
                            <span class="qty-in-cart"></span>
                            <span class="edit-cart-text">
											<spring code="product.edit.text" />"
										</span>
                        </button>
                        <div class="add-list-parent add-list-module  bottom-add-list-module ">
                            <button class="btn btn-inline-link btn-save-to-list  dark is-btn-animated" data-login-url="/account/login?productCode=21032474_EA" data-ajax-url="/restful/lists/all?productCode=21032474_EA" data-user-guest="Y" data-user-guest="Y" data-product-code="21032474_EA" data-delete-item="false" aria-label="Add Haunted Ghost Pepper Tortilla Chips to a List">
                                <span class="glyphicon glyphicon-th-list"></span>
                                <div class="list-cta-text  is-btn-animated">Add to List</div>
                            </button>

                            <!-- this is the list HTML   -->
                            <div class="save-to-list-popup  is-btn-animated animation-up dark" data-save-to-list-error="Can not get lists at this time. Please try again later." data-product-name="Haunted Ghost Pepper Tortilla Chips">
                                <div class="inner-container">
                                </div>

                            </div>
                        </div>

                    </div>
                </div>
            </div>

            <div class="module-plus-minus-buttons small hidden ">
                <button type="button" class="btn cart-change-qty" data-change-type="minus" data-auid="decrease-product-quantity" alt="Minus" aria-label="Minus">
                    <span class="icon-minimize"></span>
                </button>
                <div class="plus-minus-input-wrapper">
                    <input class="input-qty cart-change-qty" aria-label="Enter manual quantity" type="text" name="qty" title="Change quantity in cart" data-unit-type="ea" value="1ea" data-change-type="equals" maxlength="7">

                    <span class="input-qty-pretty">
							<span class="input-qty-pretty-value">1</span>
                    <span class="input-qty-pretty-unit"></span>
                    </span>
                </div>

                <button type="button" class="btn cart-change-qty" data-change-type="plus" data-auid="increase-product-quantity" alt="Plus" aria-label="Plus">
                    <span class="icon-plus-sign"></span>
                </button>

                <p class="deal-limit-reached hidden">Deal Limit Reached</p>

                <div class="tooltip-qty-error tooltip-qty-limit hidden">
                    <p>
                        Limit to &nbsp; 999 &nbsp;each&nbsp; per customer.</p>
                </div>
                <div class="tooltip-qty-error tooltip-round-error hidden">
                    <p>
                        We do not have this in the weight you wanted. We've rounded your order to the nearest weight increment we stock.</p>
                </div>
            </div>
        </form>

        <!-- End Template: AddToCartSmall -->

    </div>
</div>
<div class="item">

    <div class="module-grocery-product quickview-simple  clicked" data-quickview-ajax-url="/p/20840911006_EA/quickViewProduct" data-product-id="20840911006_EA" data-product-price="$1.68">

        <span class="subtitle">New</span>

        <div class="product-page-hotspot">
            <div class="product-cell quickview-button">
                <div class="product-image ">

                    <img src="https://assets.shop.loblaws.ca/products/20840911006/b1/en/front/20840911006_front_a01.png" onerror="this.src='https://assets.shop.loblaws.ca/products/NoImage/b1/en/front/NoImage_front_a01_@2.png';" alt="Loads Of Barbecue Flavour Rippled Potato Chips" />

                    <span class="sticker deal">
	  				        <span class="deal-badge">

	  				            <span class="module-deal-badge module-deal-badge-grid simple-save-unit "
	  						        data-deal-type="SAVE $0.20"
	  						        data-ajax-promo-url="/simpleDeal/deals/product-tile?productCode=20840911006_EA"
	  						        data-deal-id="20840911006_EA">
	  						        <span class="deal-type">SAVE $0.20</span>

                    <span class="deal-expiry">
		Exp. 01/03
	</span>

                    </span>
                    </span>
                    </span>

                    <div class="hover-text-container">
                        <button href="#" tabindex="0" class="hover-text " aria-label="Quick View for Loads Of Barbecue Flavour Rippled Potato Chips.">Quick View</button>
                    </div>
                </div>
            </div>

            <div class="product-in-cart">
                <div class="wrapper-product-in-cart">
                    <span>
	  			    In Cart
	  		    </span>
                </div>
            </div>

            <div class="product-info">
                <div class="product-name-wrapper">
                    <a href="/Food/Pantry/Chips-%26-Salty-Snacks/Potato-Chips/President%27s-Choice-Loads-Of-Barbecue-Flavour-Rippled-Potato-Chips/p/20840911006_EA" class="product-name" aria-label="Product page for Loads Of Barbecue Flavour Rippled Potato Chips">
                        <span class="js-product-entry-brand">President's Choice&nbsp;</span>

                        <span class="js-product-entry-name">Loads Of Barbecue Flavour Rippled Potato Chips</span>

                        <span class="js-product-entry-size-detail">(200 g)</span>

                    </a>
                </div>

                <span class="ad-match-badge  hidden">Ad Match</span>

                <div class="price">
                    <div class="price-wrapper discount promo-alert ">
                        <span class="reg-price  price-alert" aria-label="Regular Price: $1.68">
					    <span class="reg-price-text">$1.68</span>

                        <sup class="reg-price-unit">ea</sup>
                        </span>
                        <span class="sale-price hidden" aria-label="Sale Price:">
					    <span class="sale-price-text"></span>
                        <sup class="sale-price-unit">ea</sup>
                        </span>

                        <span class="old-price" aria-label="Original Price: $1.88">
						    <span class="old-price-text">$1.88</span>
                        </span>

                        <span class="secondary-price hidden">

					    <span class="secondary-price-text" aria-label="Secondary Price:"></span>
                        </span>
                    </div>
                </div>

                <div class="qty">
                    <span class="reg-qty  price-alert">

		  		<span class="sr-only">Sale Price Per Unit:</span> $0.84 / 100 g

                    </span>

                    <span class="sale-qty hidden">

		  		<span class="sr-only">Sale Price Per Unit:</span> $0.84 / 100 g

                    </span>

                    <span class="secondary-qty hidden">

	  	<span class="secondary-qty-text"></span>
                    </span>
                </div>
            </div>

        </div>
        <form class="form-product  quickview-btn-simple" data-product-id="20840911006_EA" data-min-qty="1.0" data-max-qty="999.0" data-unit-type="ea" data-cart-qty="1" data-default-qty="1" novalidate="novalidate" promoCode="" promoNumber="" data-is-customized="false" data-cart-url="/cart/product/20840911006_EA" data-csrf-token="5582ec01-90c0-448b-b4f7-e2cf68d9f8a0" data-is-weighted-product="false">

            <div class="module-add-to-cart " data-change-type="plus" data-auto-edit="true" data-auto-add="true" data-cart-ajax-url="/cart/updateCart">
                <div class="wrapper-add-to-cart-btn">
                    <div class="module-add-to-cart-button-small">
                        <button type="button" class="btn btn-secondary btn-add-to-cart " data-auid="add-to-cart-button" data-has-pts-badge="false" aria-label="Add Loads Of Barbecue Flavour Rippled Potato Chips to cart">
                            <span class="icon-cart"></span>
                            <span class="add-to-cart-text">
											Add</span>
                        </button>
                        <button type="button" class="btn btn-secondary btn-edit-cart hidden " aria-label="Edit Cart">
                            <span class="qty-in-cart"></span>
                            <span class="edit-cart-text">
											<spring code="product.edit.text" />"
										</span>
                        </button>
                        <div class="add-list-parent add-list-module  bottom-add-list-module ">
                            <button class="btn btn-inline-link btn-save-to-list  dark is-btn-animated" data-login-url="/account/login?productCode=20840911006_EA" data-ajax-url="/restful/lists/all?productCode=20840911006_EA" data-user-guest="Y" data-user-guest="Y" data-product-code="20840911006_EA" data-delete-item="false" aria-label="Add Loads Of Barbecue Flavour Rippled Potato Chips to a List">
                                <span class="glyphicon glyphicon-th-list"></span>
                                <div class="list-cta-text  is-btn-animated">Add to List</div>
                            </button>

                            <!-- this is the list HTML   -->
                            <div class="save-to-list-popup  is-btn-animated animation-up dark" data-save-to-list-error="Can not get lists at this time. Please try again later." data-product-name="Loads Of Barbecue Flavour Rippled Potato Chips">
                                <div class="inner-container">
                                </div>

                            </div>
                        </div>

                    </div>
                </div>
            </div>

            <div class="module-plus-minus-buttons small hidden ">
                <button type="button" class="btn cart-change-qty" data-change-type="minus" data-auid="decrease-product-quantity" alt="Minus" aria-label="Minus">
                    <span class="icon-minimize"></span>
                </button>
                <div class="plus-minus-input-wrapper">
                    <input class="input-qty cart-change-qty" aria-label="Enter manual quantity" type="text" name="qty" title="Change quantity in cart" data-unit-type="ea" value="1ea" data-change-type="equals" maxlength="7">

                    <span class="input-qty-pretty">
							<span class="input-qty-pretty-value">1</span>
                    <span class="input-qty-pretty-unit"></span>
                    </span>
                </div>

                <button type="button" class="btn cart-change-qty" data-change-type="plus" data-auid="increase-product-quantity" alt="Plus" aria-label="Plus">
                    <span class="icon-plus-sign"></span>
                </button>

                <p class="deal-limit-reached hidden">Deal Limit Reached</p>

                <div class="tooltip-qty-error tooltip-qty-limit hidden">
                    <p>
                        Limit to &nbsp; 999 &nbsp;each&nbsp; per customer.</p>
                </div>
                <div class="tooltip-qty-error tooltip-round-error hidden">
                    <p>
                        We do not have this in the weight you wanted. We've rounded your order to the nearest weight increment we stock.</p>
                </div>
            </div>
        </form>

        <!-- End Template: AddToCartSmall -->

    </div>
</div>
<div class="item">

    <div class="module-grocery-product quickview-simple  clicked" data-quickview-ajax-url="/p/20622128002_EA/quickViewProduct" data-product-id="20622128002_EA" data-product-price="$4.98">

        <span class="subtitle"></span>

        <div class="product-page-hotspot">
            <div class="product-cell quickview-button">
                <div class="product-image ">

                    <img src="https://assets.shop.loblaws.ca/products/20622128002/b1/en/front/20622128002_front_a01.png" onerror="this.src='https://assets.shop.loblaws.ca/products/NoImage/b1/en/front/NoImage_front_a01_@2.png';" alt="Potato Chips, Sour Cream & Onion" />

                    <div class="hover-text-container">
                        <button href="#" tabindex="0" class="hover-text " aria-label="Quick View for Potato Chips, Sour Cream & Onion.">Quick View</button>
                    </div>
                </div>
            </div>

            <div class="product-in-cart">
                <div class="wrapper-product-in-cart">
                    <span>
	  			    In Cart
	  		    </span>
                </div>
            </div>

            <div class="product-info">
                <div class="product-name-wrapper">
                    <a href="/Food/Pantry/Chips-%26-Salty-Snacks/Potato-Chips/No-Name-Potato-Chips%2C-Sour-Cream-%26-Onion/p/20622128002_EA" class="product-name" aria-label="Product page for Potato Chips, Sour Cream & Onion">
                        <span class="js-product-entry-brand">No Name&nbsp;</span>

                        <span class="js-product-entry-name">Potato Chips, Sour Cream & Onion</span>

                        <span class="js-product-entry-size-detail">(750 g)</span>

                    </a>
                </div>

                <span class="ad-match-badge  hidden">Ad Match</span>

                <div class="price">
                    <div class="price-wrapper no-discount  ">
                        <span class="reg-price  " aria-label="Regular Price: $4.98">
					    <span class="reg-price-text">$4.98</span>

                        <sup class="reg-price-unit">ea</sup>
                        </span>
                        <span class="sale-price hidden" aria-label="Sale Price:">
					    <span class="sale-price-text"></span>
                        <sup class="sale-price-unit">ea</sup>
                        </span>

                        <span class="secondary-price hidden">

					    <span class="secondary-price-text" aria-label="Secondary Price:"></span>
                        </span>
                    </div>
                </div>

                <div class="qty">
                    <span class="reg-qty  ">

		  		<span class="sr-only">Sale Price Per Unit:</span> $0.66 / 100 g

                    </span>

                    <span class="sale-qty hidden">

		  		<span class="sr-only">Sale Price Per Unit:</span> $0.66 / 100 g

                    </span>

                    <span class="secondary-qty hidden">

	  	<span class="secondary-qty-text"></span>
                    </span>
                </div>
            </div>

        </div>
        <form class="form-product  quickview-btn-simple" data-product-id="20622128002_EA" data-min-qty="1.0" data-max-qty="999.0" data-unit-type="ea" data-cart-qty="1" data-default-qty="1" novalidate="novalidate" promoCode="" promoNumber="" data-is-customized="false" data-cart-url="/cart/product/20622128002_EA" data-csrf-token="5582ec01-90c0-448b-b4f7-e2cf68d9f8a0" data-is-weighted-product="false">

            <div class="module-add-to-cart " data-change-type="plus" data-auto-edit="true" data-auto-add="true" data-cart-ajax-url="/cart/updateCart">
                <div class="wrapper-add-to-cart-btn">
                    <div class="module-add-to-cart-button-small">
                        <button type="button" class="btn btn-secondary btn-add-to-cart " data-auid="add-to-cart-button" data-has-pts-badge="false" aria-label="Add Potato Chips, Sour Cream & Onion to cart">
                            <span class="icon-cart"></span>
                            <span class="add-to-cart-text">
											Add</span>
                        </button>
                        <button type="button" class="btn btn-secondary btn-edit-cart hidden " aria-label="Edit Cart">
                            <span class="qty-in-cart"></span>
                            <span class="edit-cart-text">
											<spring code="product.edit.text" />"
										</span>
                        </button>
                        <div class="add-list-parent add-list-module  bottom-add-list-module ">
                            <button class="btn btn-inline-link btn-save-to-list  dark is-btn-animated" data-login-url="/account/login?productCode=20622128002_EA" data-ajax-url="/restful/lists/all?productCode=20622128002_EA" data-user-guest="Y" data-user-guest="Y" data-product-code="20622128002_EA" data-delete-item="false" aria-label="Add Potato Chips, Sour Cream & Onion to a List">
                                <span class="glyphicon glyphicon-th-list"></span>
                                <div class="list-cta-text  is-btn-animated">Add to List</div>
                            </button>

                            <!-- this is the list HTML   -->
                            <div class="save-to-list-popup  is-btn-animated animation-up dark" data-save-to-list-error="Can not get lists at this time. Please try again later." data-product-name="Potato Chips, Sour Cream & Onion">
                                <div class="inner-container">
                                </div>

                            </div>
                        </div>

                    </div>
                </div>
            </div>

            <div class="module-plus-minus-buttons small hidden ">
                <button type="button" class="btn cart-change-qty" data-change-type="minus" data-auid="decrease-product-quantity" alt="Minus" aria-label="Minus">
                    <span class="icon-minimize"></span>
                </button>
                <div class="plus-minus-input-wrapper">
                    <input class="input-qty cart-change-qty" aria-label="Enter manual quantity" type="text" name="qty" title="Change quantity in cart" data-unit-type="ea" value="1ea" data-change-type="equals" maxlength="7">

                    <span class="input-qty-pretty">
							<span class="input-qty-pretty-value">1</span>
                    <span class="input-qty-pretty-unit"></span>
                    </span>
                </div>

                <button type="button" class="btn cart-change-qty" data-change-type="plus" data-auid="increase-product-quantity" alt="Plus" aria-label="Plus">
                    <span class="icon-plus-sign"></span>
                </button>

                <p class="deal-limit-reached hidden">Deal Limit Reached</p>

                <div class="tooltip-qty-error tooltip-qty-limit hidden">
                    <p>
                        Limit to &nbsp; 999 &nbsp;each&nbsp; per customer.</p>
                </div>
                <div class="tooltip-qty-error tooltip-round-error hidden">
                    <p>
                        We do not have this in the weight you wanted. We've rounded your order to the nearest weight increment we stock.</p>
                </div>
            </div>
        </form>

        <!-- End Template: AddToCartSmall -->

    </div>
</div>
<div class="item">

    <div class="module-grocery-product quickview-simple  clicked" data-quickview-ajax-url="/p/20971867_EA/quickViewProduct" data-product-id="20971867_EA" data-product-price="$4.58">

        <span class="subtitle"></span>

        <div class="product-page-hotspot">
            <div class="product-cell quickview-button">
                <div class="product-image ">

                    <img src="https://assets.shop.loblaws.ca/products/20971867/b1/en/front/20971867_front_a01.png" onerror="this.src='https://assets.shop.loblaws.ca/products/NoImage/b1/en/front/NoImage_front_a01_@2.png';" alt="Wavy Potato Chips, Original" />

                    <div class="hover-text-container">
                        <button href="#" tabindex="0" class="hover-text " aria-label="Quick View for Wavy Potato Chips, Original.">Quick View</button>
                    </div>
                </div>
            </div>

            <div class="product-in-cart">
                <div class="wrapper-product-in-cart">
                    <span>
	  			    In Cart
	  		    </span>
                </div>
            </div>

            <div class="product-info">
                <div class="product-name-wrapper">
                    <a href="/Food/Pantry/Chips-%26-Salty-Snacks/Potato-Chips/Lay%27s-WAVY-Wavy-Potato-Chips%2C-Original/p/20971867_EA" class="product-name" aria-label="Product page for Wavy Potato Chips, Original">
                        <span class="js-product-entry-brand">Lay's&nbsp;</span>

                        <span class="js-product-entry-name">Wavy Potato Chips, Original</span>

                        <span class="js-product-entry-size-detail">(450 g)</span>

                    </a>
                </div>

                <span class="ad-match-badge  hidden">Ad Match</span>

                <div class="price">
                    <div class="price-wrapper no-discount  ">
                        <span class="reg-price  " aria-label="Regular Price: $4.58">
					    <span class="reg-price-text">$4.58</span>

                        <sup class="reg-price-unit">ea</sup>
                        </span>
                        <span class="sale-price hidden" aria-label="Sale Price:">
					    <span class="sale-price-text"></span>
                        <sup class="sale-price-unit">ea</sup>
                        </span>

                        <span class="secondary-price hidden">

					    <span class="secondary-price-text" aria-label="Secondary Price:"></span>
                        </span>
                    </div>
                </div>

                <div class="qty">
                    <span class="reg-qty  ">

		  		<span class="sr-only">Sale Price Per Unit:</span> $1.02 / 100 g

                    </span>

                    <span class="sale-qty hidden">

		  		<span class="sr-only">Sale Price Per Unit:</span> $1.02 / 100 g

                    </span>

                    <span class="secondary-qty hidden">

	  	<span class="secondary-qty-text"></span>
                    </span>
                </div>
            </div>

        </div>
        <form class="form-product  quickview-btn-simple" data-product-id="20971867_EA" data-min-qty="1.0" data-max-qty="999.0" data-unit-type="ea" data-cart-qty="1" data-default-qty="1" novalidate="novalidate" promoCode="" promoNumber="" data-is-customized="false" data-cart-url="/cart/product/20971867_EA" data-csrf-token="5582ec01-90c0-448b-b4f7-e2cf68d9f8a0" data-is-weighted-product="false">

            <div class="module-add-to-cart " data-change-type="plus" data-auto-edit="true" data-auto-add="true" data-cart-ajax-url="/cart/updateCart">
                <div class="wrapper-add-to-cart-btn">
                    <div class="module-add-to-cart-button-small">
                        <button type="button" class="btn btn-secondary btn-add-to-cart " data-auid="add-to-cart-button" data-has-pts-badge="false" aria-label="Add Wavy Potato Chips, Original to cart">
                            <span class="icon-cart"></span>
                            <span class="add-to-cart-text">
											Add</span>
                        </button>
                        <button type="button" class="btn btn-secondary btn-edit-cart hidden " aria-label="Edit Cart">
                            <span class="qty-in-cart"></span>
                            <span class="edit-cart-text">
											<spring code="product.edit.text" />"
										</span>
                        </button>
                        <div class="add-list-parent add-list-module  bottom-add-list-module ">
                            <button class="btn btn-inline-link btn-save-to-list  dark is-btn-animated" data-login-url="/account/login?productCode=20971867_EA" data-ajax-url="/restful/lists/all?productCode=20971867_EA" data-user-guest="Y" data-user-guest="Y" data-product-code="20971867_EA" data-delete-item="false" aria-label="Add Wavy Potato Chips, Original to a List">
                                <span class="glyphicon glyphicon-th-list"></span>
                                <div class="list-cta-text  is-btn-animated">Add to List</div>
                            </button>

                            <!-- this is the list HTML   -->
                            <div class="save-to-list-popup  is-btn-animated animation-up dark" data-save-to-list-error="Can not get lists at this time. Please try again later." data-product-name="Wavy Potato Chips, Original">
                                <div class="inner-container">
                                </div>

                            </div>
                        </div>

                    </div>
                </div>
            </div>

            <div class="module-plus-minus-buttons small hidden ">
                <button type="button" class="btn cart-change-qty" data-change-type="minus" data-auid="decrease-product-quantity" alt="Minus" aria-label="Minus">
                    <span class="icon-minimize"></span>
                </button>
                <div class="plus-minus-input-wrapper">
                    <input class="input-qty cart-change-qty" aria-label="Enter manual quantity" type="text" name="qty" title="Change quantity in cart" data-unit-type="ea" value="1ea" data-change-type="equals" maxlength="7">

                    <span class="input-qty-pretty">
							<span class="input-qty-pretty-value">1</span>
                    <span class="input-qty-pretty-unit"></span>
                    </span>
                </div>

                <button type="button" class="btn cart-change-qty" data-change-type="plus" data-auid="increase-product-quantity" alt="Plus" aria-label="Plus">
                    <span class="icon-plus-sign"></span>
                </button>

                <p class="deal-limit-reached hidden">Deal Limit Reached</p>

                <div class="tooltip-qty-error tooltip-qty-limit hidden">
                    <p>
                        Limit to &nbsp; 999 &nbsp;each&nbsp; per customer.</p>
                </div>
                <div class="tooltip-qty-error tooltip-round-error hidden">
                    <p>
                        We do not have this in the weight you wanted. We've rounded your order to the nearest weight increment we stock.</p>
                </div>
            </div>
        </form>

        <!-- End Template: AddToCartSmall -->

    </div>
</div>
<div class="item">

    <div class="module-grocery-product quickview-simple  clicked" data-quickview-ajax-url="/p/21089054_EA/quickViewProduct" data-product-id="21089054_EA" data-product-price="$3.99">

        <span class="subtitle"></span>

        <div class="product-page-hotspot">
            <div class="product-cell quickview-button">
                <div class="product-image ">

                    <img src="https://assets.shop.loblaws.ca/products/21089054/b1/en/front/21089054_front_a01.png" onerror="this.src='https://assets.shop.loblaws.ca/products/NoImage/b1/en/front/NoImage_front_a01_@2.png';" alt="Seaweed Snack Almond Flavour" />

                    <div class="hover-text-container">
                        <button href="#" tabindex="0" class="hover-text " aria-label="Quick View for Seaweed Snack Almond Flavour.">Quick View</button>
                    </div>
                </div>
            </div>

            <div class="product-in-cart">
                <div class="wrapper-product-in-cart">
                    <span>
	  			    In Cart
	  		    </span>
                </div>
            </div>

            <div class="product-info">
                <div class="product-name-wrapper">
                    <a href="/Food/Pantry/Chips-%26-Salty-Snacks/Potato-Chips/Paldo-Seaweed-Snack-Almond-Flavour/p/21089054_EA" class="product-name" aria-label="Product page for Seaweed Snack Almond Flavour">
                        <span class="js-product-entry-brand">Paldo&nbsp;</span>

                        <span class="js-product-entry-name">Seaweed Snack Almond Flavour</span>

                        <span class="js-product-entry-size-detail">(18 g)</span>

                    </a>
                </div>

                <span class="ad-match-badge  hidden">Ad Match</span>

                <div class="price">
                    <div class="price-wrapper no-discount  ">
                        <span class="reg-price  " aria-label="Regular Price: $3.99">
					    <span class="reg-price-text">$3.99</span>

                        <sup class="reg-price-unit">ea</sup>
                        </span>
                        <span class="sale-price hidden" aria-label="Sale Price:">
					    <span class="sale-price-text"></span>
                        <sup class="sale-price-unit">ea</sup>
                        </span>

                        <span class="secondary-price hidden">

					    <span class="secondary-price-text" aria-label="Secondary Price:"></span>
                        </span>
                    </div>
                </div>

                <div class="qty">
                    <span class="reg-qty  ">

		  		<span class="sr-only">Sale Price Per Unit:</span> $22.17 / 100 g

                    </span>

                    <span class="sale-qty hidden">

		  		<span class="sr-only">Sale Price Per Unit:</span> $22.17 / 100 g

                    </span>

                    <span class="secondary-qty hidden">

	  	<span class="secondary-qty-text"></span>
                    </span>
                </div>
            </div>

        </div>
        <form class="form-product  quickview-btn-simple" data-product-id="21089054_EA" data-min-qty="1.0" data-max-qty="999.0" data-unit-type="ea" data-cart-qty="1" data-default-qty="1" novalidate="novalidate" promoCode="" promoNumber="" data-is-customized="false" data-cart-url="/cart/product/21089054_EA" data-csrf-token="5582ec01-90c0-448b-b4f7-e2cf68d9f8a0" data-is-weighted-product="false">

            <div class="module-add-to-cart " data-change-type="plus" data-auto-edit="true" data-auto-add="true" data-cart-ajax-url="/cart/updateCart">
                <div class="wrapper-add-to-cart-btn">
                    <div class="module-add-to-cart-button-small">
                        <button type="button" class="btn btn-secondary btn-add-to-cart " data-auid="add-to-cart-button" data-has-pts-badge="false" aria-label="Add Seaweed Snack Almond Flavour to cart">
                            <span class="icon-cart"></span>
                            <span class="add-to-cart-text">
											Add</span>
                        </button>
                        <button type="button" class="btn btn-secondary btn-edit-cart hidden " aria-label="Edit Cart">
                            <span class="qty-in-cart"></span>
                            <span class="edit-cart-text">
											<spring code="product.edit.text" />"
										</span>
                        </button>
                        <div class="add-list-parent add-list-module  bottom-add-list-module ">
                            <button class="btn btn-inline-link btn-save-to-list  dark is-btn-animated" data-login-url="/account/login?productCode=21089054_EA" data-ajax-url="/restful/lists/all?productCode=21089054_EA" data-user-guest="Y" data-user-guest="Y" data-product-code="21089054_EA" data-delete-item="false" aria-label="Add Seaweed Snack Almond Flavour to a List">
                                <span class="glyphicon glyphicon-th-list"></span>
                                <div class="list-cta-text  is-btn-animated">Add to List</div>
                            </button>

                            <!-- this is the list HTML   -->
                            <div class="save-to-list-popup  is-btn-animated animation-up dark" data-save-to-list-error="Can not get lists at this time. Please try again later." data-product-name="Seaweed Snack Almond Flavour">
                                <div class="inner-container">
                                </div>

                            </div>
                        </div>

                    </div>
                </div>
            </div>

            <div class="module-plus-minus-buttons small hidden ">
                <button type="button" class="btn cart-change-qty" data-change-type="minus" data-auid="decrease-product-quantity" alt="Minus" aria-label="Minus">
                    <span class="icon-minimize"></span>
                </button>
                <div class="plus-minus-input-wrapper">
                    <input class="input-qty cart-change-qty" aria-label="Enter manual quantity" type="text" name="qty" title="Change quantity in cart" data-unit-type="ea" value="1ea" data-change-type="equals" maxlength="7">

                    <span class="input-qty-pretty">
							<span class="input-qty-pretty-value">1</span>
                    <span class="input-qty-pretty-unit"></span>
                    </span>
                </div>

                <button type="button" class="btn cart-change-qty" data-change-type="plus" data-auid="increase-product-quantity" alt="Plus" aria-label="Plus">
                    <span class="icon-plus-sign"></span>
                </button>

                <p class="deal-limit-reached hidden">Deal Limit Reached</p>

                <div class="tooltip-qty-error tooltip-qty-limit hidden">
                    <p>
                        Limit to &nbsp; 999 &nbsp;each&nbsp; per customer.</p>
                </div>
                <div class="tooltip-qty-error tooltip-round-error hidden">
                    <p>
                        We do not have this in the weight you wanted. We've rounded your order to the nearest weight increment we stock.</p>
                </div>
            </div>
        </form>

        <!-- End Template: AddToCartSmall -->

    </div>
</div>
<div class="item">

    <div class="module-grocery-product quickview-simple  clicked" data-quickview-ajax-url="/p/20964367_EA/quickViewProduct" data-product-id="20964367_EA" data-product-price="$2.47">

        <span class="subtitle"></span>

        <div class="product-page-hotspot">
            <div class="product-cell quickview-button">
                <div class="product-image ">

                    <img src="https://assets.shop.loblaws.ca/products/20964367/b1/en/front/20964367_front_a01.png" onerror="this.src='https://assets.shop.loblaws.ca/products/NoImage/b1/en/front/NoImage_front_a01_@2.png';" alt="Potato Chips, Bar-B-Q" />

                    <span class="sticker deal">
	  				    <span class="deal-badge">
	  					    <span class="module-deal-badge module-deal-badge-feature flyer expires undefined">
	  						    <span class="deal-type">
								    Flyer<br />
	  							    Item
	  						    </span>

                    <span class="deal-expiry">
		Exp. 12/19
	</span>

                    </span>
                    </span>
                    </span>

                    <div class="hover-text-container">
                        <button href="#" tabindex="0" class="hover-text " aria-label="Quick View for Potato Chips, Bar-B-Q.">Quick View</button>
                    </div>
                </div>
            </div>

            <div class="product-in-cart">
                <div class="wrapper-product-in-cart">
                    <span>
	  			    In Cart
	  		    </span>
                </div>
            </div>

            <div class="product-info">
                <div class="product-name-wrapper">
                    <a href="/Food/Holiday/Appetizers/Chips-%26-Dips/Lay%27s-Potato-Chips%2C-Bar-B-Q/p/20964367_EA" class="product-name" aria-label="Product page for Potato Chips, Bar-B-Q">
                        <span class="js-product-entry-brand">Lay's&nbsp;</span>

                        <span class="js-product-entry-name">Potato Chips, Bar-B-Q</span>

                        <span class="js-product-entry-size-detail">(255 g)</span>

                    </a>
                </div>

                <span class="ad-match-badge  hidden">Ad Match</span>

                <div class="price">
                    <div class="price-wrapper no-discount  ">
                        <span class="reg-price  " aria-label="Regular Price: $2.47">
					    <span class="reg-price-text">$2.47</span>

                        <sup class="reg-price-unit">ea</sup>
                        </span>
                        <span class="sale-price hidden" aria-label="Sale Price:">
					    <span class="sale-price-text"></span>
                        <sup class="sale-price-unit">ea</sup>
                        </span>

                        <span class="secondary-price hidden">

					    <span class="secondary-price-text" aria-label="Secondary Price:"></span>
                        </span>
                    </div>
                </div>

                <div class="qty">
                    <span class="reg-qty  ">

		  		<span class="sr-only">Sale Price Per Unit:</span> $0.97 / 100 g

                    </span>

                    <span class="sale-qty hidden">

		  		<span class="sr-only">Sale Price Per Unit:</span> $0.97 / 100 g

                    </span>

                    <span class="secondary-qty hidden">

	  	<span class="secondary-qty-text"></span>
                    </span>
                </div>
            </div>

        </div>
        <form class="form-product  quickview-btn-simple" data-product-id="20964367_EA" data-min-qty="1.0" data-max-qty="999.0" data-unit-type="ea" data-cart-qty="1" data-default-qty="1" novalidate="novalidate" promoCode="" promoNumber="" data-is-customized="false" data-cart-url="/cart/product/20964367_EA" data-csrf-token="5582ec01-90c0-448b-b4f7-e2cf68d9f8a0" data-is-weighted-product="false">

            <div class="module-add-to-cart " data-change-type="plus" data-auto-edit="true" data-auto-add="true" data-cart-ajax-url="/cart/updateCart">
                <div class="wrapper-add-to-cart-btn">
                    <div class="module-add-to-cart-button-small">
                        <button type="button" class="btn btn-secondary btn-add-to-cart " data-auid="add-to-cart-button" data-has-pts-badge="false" aria-label="Add Potato Chips, Bar-B-Q to cart">
                            <span class="icon-cart"></span>
                            <span class="add-to-cart-text">
											Add</span>
                        </button>
                        <button type="button" class="btn btn-secondary btn-edit-cart hidden " aria-label="Edit Cart">
                            <span class="qty-in-cart"></span>
                            <span class="edit-cart-text">
											<spring code="product.edit.text" />"
										</span>
                        </button>
                        <div class="add-list-parent add-list-module  bottom-add-list-module ">
                            <button class="btn btn-inline-link btn-save-to-list  dark is-btn-animated" data-login-url="/account/login?productCode=20964367_EA" data-ajax-url="/restful/lists/all?productCode=20964367_EA" data-user-guest="Y" data-user-guest="Y" data-product-code="20964367_EA" data-delete-item="false" aria-label="Add Potato Chips, Bar-B-Q to a List">
                                <span class="glyphicon glyphicon-th-list"></span>
                                <div class="list-cta-text  is-btn-animated">Add to List</div>
                            </button>

                            <!-- this is the list HTML   -->
                            <div class="save-to-list-popup  is-btn-animated animation-up dark" data-save-to-list-error="Can not get lists at this time. Please try again later." data-product-name="Potato Chips, Bar-B-Q">
                                <div class="inner-container">
                                </div>

                            </div>
                        </div>

                    </div>
                </div>
            </div>

            <div class="module-plus-minus-buttons small hidden ">
                <button type="button" class="btn cart-change-qty" data-change-type="minus" data-auid="decrease-product-quantity" alt="Minus" aria-label="Minus">
                    <span class="icon-minimize"></span>
                </button>
                <div class="plus-minus-input-wrapper">
                    <input class="input-qty cart-change-qty" aria-label="Enter manual quantity" type="text" name="qty" title="Change quantity in cart" data-unit-type="ea" value="1ea" data-change-type="equals" maxlength="7">

                    <span class="input-qty-pretty">
							<span class="input-qty-pretty-value">1</span>
                    <span class="input-qty-pretty-unit"></span>
                    </span>
                </div>

                <button type="button" class="btn cart-change-qty" data-change-type="plus" data-auid="increase-product-quantity" alt="Plus" aria-label="Plus">
                    <span class="icon-plus-sign"></span>
                </button>

                <p class="deal-limit-reached hidden">Deal Limit Reached</p>

                <div class="tooltip-qty-error tooltip-qty-limit hidden">
                    <p>
                        Limit to &nbsp; 999 &nbsp;each&nbsp; per customer.</p>
                </div>
                <div class="tooltip-qty-error tooltip-round-error hidden">
                    <p>
                        We do not have this in the weight you wanted. We've rounded your order to the nearest weight increment we stock.</p>
                </div>
            </div>
        </form>

        <!-- End Template: AddToCartSmall -->

    </div>
</div>
<div class="item">

    <div class="module-grocery-product quickview-simple  clicked" data-quickview-ajax-url="/p/21109257_EA/quickViewProduct" data-product-id="21109257_EA" data-product-price="$2.47">

        <span class="subtitle"></span>

        <div class="product-page-hotspot">
            <div class="product-cell quickview-button">
                <div class="product-image ">

                    <img src="https://assets.shop.loblaws.ca/products/21109257/b1/en/front/21109257_front_a01.png" onerror="this.src='https://assets.shop.loblaws.ca/products/NoImage/b1/en/front/NoImage_front_a01_@2.png';" alt="Potato Chips, Grilled Cheese" />

                    <span class="sticker deal">
	  				    <span class="deal-badge">
	  					    <span class="module-deal-badge module-deal-badge-feature flyer expires undefined">
	  						    <span class="deal-type">
								    Flyer<br />
	  							    Item
	  						    </span>

                    <span class="deal-expiry">
		Exp. 12/19
	</span>

                    </span>
                    </span>
                    </span>

                    <div class="hover-text-container">
                        <button href="#" tabindex="0" class="hover-text " aria-label="Quick View for Potato Chips, Grilled Cheese.">Quick View</button>
                    </div>
                </div>
            </div>

            <div class="product-in-cart">
                <div class="wrapper-product-in-cart">
                    <span>
	  			    In Cart
	  		    </span>
                </div>
            </div>

            <div class="product-info">
                <div class="product-name-wrapper">
                    <a href="/Food/Pantry/Chips-%26-Salty-Snacks/Potato-Chips/Lay%27s-Potato-Chips%2C-Grilled-Cheese/p/21109257_EA" class="product-name" aria-label="Product page for Potato Chips, Grilled Cheese">
                        <span class="js-product-entry-brand">Lay's&nbsp;</span>

                        <span class="js-product-entry-name">Potato Chips, Grilled Cheese</span>

                        <span class="js-product-entry-size-detail">(240 g)</span>

                    </a>
                </div>

                <span class="ad-match-badge  hidden">Ad Match</span>

                <div class="price">
                    <div class="price-wrapper no-discount  ">
                        <span class="reg-price  " aria-label="Regular Price: $2.47">
					    <span class="reg-price-text">$2.47</span>

                        <sup class="reg-price-unit">ea</sup>
                        </span>
                        <span class="sale-price hidden" aria-label="Sale Price:">
					    <span class="sale-price-text"></span>
                        <sup class="sale-price-unit">ea</sup>
                        </span>

                        <span class="secondary-price hidden">

					    <span class="secondary-price-text" aria-label="Secondary Price:"></span>
                        </span>
                    </div>
                </div>

                <div class="qty">
                    <span class="reg-qty  ">

		  		<span class="sr-only">Sale Price Per Unit:</span> $1.03 / 100 g

                    </span>

                    <span class="sale-qty hidden">

		  		<span class="sr-only">Sale Price Per Unit:</span> $1.03 / 100 g

                    </span>

                    <span class="secondary-qty hidden">

	  	<span class="secondary-qty-text"></span>
                    </span>
                </div>
            </div>

        </div>
        <form class="form-product  quickview-btn-simple" data-product-id="21109257_EA" data-min-qty="1.0" data-max-qty="999.0" data-unit-type="ea" data-cart-qty="1" data-default-qty="1" novalidate="novalidate" promoCode="" promoNumber="" data-is-customized="false" data-cart-url="/cart/product/21109257_EA" data-csrf-token="5582ec01-90c0-448b-b4f7-e2cf68d9f8a0" data-is-weighted-product="false">

            <div class="module-add-to-cart " data-change-type="plus" data-auto-edit="true" data-auto-add="true" data-cart-ajax-url="/cart/updateCart">
                <div class="wrapper-add-to-cart-btn">
                    <div class="module-add-to-cart-button-small">
                        <button type="button" class="btn btn-secondary btn-add-to-cart " data-auid="add-to-cart-button" data-has-pts-badge="false" aria-label="Add Potato Chips, Grilled Cheese to cart">
                            <span class="icon-cart"></span>
                            <span class="add-to-cart-text">
											Add</span>
                        </button>
                        <button type="button" class="btn btn-secondary btn-edit-cart hidden " aria-label="Edit Cart">
                            <span class="qty-in-cart"></span>
                            <span class="edit-cart-text">
											<spring code="product.edit.text" />"
										</span>
                        </button>
                        <div class="add-list-parent add-list-module  bottom-add-list-module ">
                            <button class="btn btn-inline-link btn-save-to-list  dark is-btn-animated" data-login-url="/account/login?productCode=21109257_EA" data-ajax-url="/restful/lists/all?productCode=21109257_EA" data-user-guest="Y" data-user-guest="Y" data-product-code="21109257_EA" data-delete-item="false" aria-label="Add Potato Chips, Grilled Cheese to a List">
                                <span class="glyphicon glyphicon-th-list"></span>
                                <div class="list-cta-text  is-btn-animated">Add to List</div>
                            </button>

                            <!-- this is the list HTML   -->
                            <div class="save-to-list-popup  is-btn-animated animation-up dark" data-save-to-list-error="Can not get lists at this time. Please try again later." data-product-name="Potato Chips, Grilled Cheese">
                                <div class="inner-container">
                                </div>

                            </div>
                        </div>

                    </div>
                </div>
            </div>

            <div class="module-plus-minus-buttons small hidden ">
                <button type="button" class="btn cart-change-qty" data-change-type="minus" data-auid="decrease-product-quantity" alt="Minus" aria-label="Minus">
                    <span class="icon-minimize"></span>
                </button>
                <div class="plus-minus-input-wrapper">
                    <input class="input-qty cart-change-qty" aria-label="Enter manual quantity" type="text" name="qty" title="Change quantity in cart" data-unit-type="ea" value="1ea" data-change-type="equals" maxlength="7">

                    <span class="input-qty-pretty">
							<span class="input-qty-pretty-value">1</span>
                    <span class="input-qty-pretty-unit"></span>
                    </span>
                </div>

                <button type="button" class="btn cart-change-qty" data-change-type="plus" data-auid="increase-product-quantity" alt="Plus" aria-label="Plus">
                    <span class="icon-plus-sign"></span>
                </button>

                <p class="deal-limit-reached hidden">Deal Limit Reached</p>

                <div class="tooltip-qty-error tooltip-qty-limit hidden">
                    <p>
                        Limit to &nbsp; 999 &nbsp;each&nbsp; per customer.</p>
                </div>
                <div class="tooltip-qty-error tooltip-round-error hidden">
                    <p>
                        We do not have this in the weight you wanted. We've rounded your order to the nearest weight increment we stock.</p>
                </div>
            </div>
        </form>

        <!-- End Template: AddToCartSmall -->

    </div>
</div>
<div class="item">

    <div class="module-grocery-product quickview-simple  clicked" data-quickview-ajax-url="/p/20943732_EA/quickViewProduct" data-product-id="20943732_EA" data-product-price="$3.18">

        <span class="subtitle"></span>

        <div class="product-page-hotspot">
            <div class="product-cell quickview-button">
                <div class="product-image ">

                    <img src="https://assets.shop.loblaws.ca/products/20943732/b1/en/front/20943732_front_a01.png" onerror="this.src='https://assets.shop.loblaws.ca/products/NoImage/b1/en/front/NoImage_front_a01_@2.png';" alt="Tortilla Chips, Cool Ranch" />

                    <div class="hover-text-container">
                        <button href="#" tabindex="0" class="hover-text " aria-label="Quick View for Tortilla Chips, Cool Ranch.">Quick View</button>
                    </div>
                </div>
            </div>

            <div class="product-in-cart">
                <div class="wrapper-product-in-cart">
                    <span>
	  			    In Cart
	  		    </span>
                </div>
            </div>

            <div class="product-info">
                <div class="product-name-wrapper">
                    <a href="/Food/Pantry/Chips-%26-Salty-Snacks/Pretzels-%26-Snack-Mixes/Doritos-Tortilla-Chips%2C-Cool-Ranch/p/20943732_EA" class="product-name" aria-label="Product page for Tortilla Chips, Cool Ranch">
                        <span class="js-product-entry-brand">Doritos&nbsp;</span>

                        <span class="js-product-entry-name">Tortilla Chips, Cool Ranch</span>

                        <span class="js-product-entry-size-detail">(255 g)</span>

                    </a>
                </div>

                <span class="ad-match-badge  hidden">Ad Match</span>

                <div class="price">
                    <div class="price-wrapper no-discount  ">
                        <span class="reg-price  " aria-label="Regular Price: $3.18">
					    <span class="reg-price-text">$3.18</span>

                        <sup class="reg-price-unit">ea</sup>
                        </span>
                        <span class="sale-price hidden" aria-label="Sale Price:">
					    <span class="sale-price-text"></span>
                        <sup class="sale-price-unit">ea</sup>
                        </span>

                        <span class="secondary-price hidden">

					    <span class="secondary-price-text" aria-label="Secondary Price:"></span>
                        </span>
                    </div>
                </div>

                <div class="qty">
                    <span class="reg-qty  ">

		  		<span class="sr-only">Sale Price Per Unit:</span> $1.25 / 100 g

                    </span>

                    <span class="sale-qty hidden">

		  		<span class="sr-only">Sale Price Per Unit:</span> $1.25 / 100 g

                    </span>

                    <span class="secondary-qty hidden">

	  	<span class="secondary-qty-text"></span>
                    </span>
                </div>
            </div>

        </div>
        <form class="form-product  quickview-btn-simple" data-product-id="20943732_EA" data-min-qty="1.0" data-max-qty="999.0" data-unit-type="ea" data-cart-qty="1" data-default-qty="1" novalidate="novalidate" promoCode="" promoNumber="" data-is-customized="false" data-cart-url="/cart/product/20943732_EA" data-csrf-token="5582ec01-90c0-448b-b4f7-e2cf68d9f8a0" data-is-weighted-product="false">

            <div class="module-add-to-cart " data-change-type="plus" data-auto-edit="true" data-auto-add="true" data-cart-ajax-url="/cart/updateCart">
                <div class="wrapper-add-to-cart-btn">
                    <div class="module-add-to-cart-button-small">
                        <button type="button" class="btn btn-secondary btn-add-to-cart " data-auid="add-to-cart-button" data-has-pts-badge="false" aria-label="Add Tortilla Chips, Cool Ranch to cart">
                            <span class="icon-cart"></span>
                            <span class="add-to-cart-text">
											Add</span>
                        </button>
                        <button type="button" class="btn btn-secondary btn-edit-cart hidden " aria-label="Edit Cart">
                            <span class="qty-in-cart"></span>
                            <span class="edit-cart-text">
											<spring code="product.edit.text" />"
										</span>
                        </button>
                        <div class="add-list-parent add-list-module  bottom-add-list-module ">
                            <button class="btn btn-inline-link btn-save-to-list  dark is-btn-animated" data-login-url="/account/login?productCode=20943732_EA" data-ajax-url="/restful/lists/all?productCode=20943732_EA" data-user-guest="Y" data-user-guest="Y" data-product-code="20943732_EA" data-delete-item="false" aria-label="Add Tortilla Chips, Cool Ranch to a List">
                                <span class="glyphicon glyphicon-th-list"></span>
                                <div class="list-cta-text  is-btn-animated">Add to List</div>
                            </button>

                            <!-- this is the list HTML   -->
                            <div class="save-to-list-popup  is-btn-animated animation-up dark" data-save-to-list-error="Can not get lists at this time. Please try again later." data-product-name="Tortilla Chips, Cool Ranch">
                                <div class="inner-container">
                                </div>

                            </div>
                        </div>

                    </div>
                </div>
            </div>

            <div class="module-plus-minus-buttons small hidden ">
                <button type="button" class="btn cart-change-qty" data-change-type="minus" data-auid="decrease-product-quantity" alt="Minus" aria-label="Minus">
                    <span class="icon-minimize"></span>
                </button>
                <div class="plus-minus-input-wrapper">
                    <input class="input-qty cart-change-qty" aria-label="Enter manual quantity" type="text" name="qty" title="Change quantity in cart" data-unit-type="ea" value="1ea" data-change-type="equals" maxlength="7">

                    <span class="input-qty-pretty">
							<span class="input-qty-pretty-value">1</span>
                    <span class="input-qty-pretty-unit"></span>
                    </span>
                </div>

                <button type="button" class="btn cart-change-qty" data-change-type="plus" data-auid="increase-product-quantity" alt="Plus" aria-label="Plus">
                    <span class="icon-plus-sign"></span>
                </button>

                <p class="deal-limit-reached hidden">Deal Limit Reached</p>

                <div class="tooltip-qty-error tooltip-qty-limit hidden">
                    <p>
                        Limit to &nbsp; 999 &nbsp;each&nbsp; per customer.</p>
                </div>
                <div class="tooltip-qty-error tooltip-round-error hidden">
                    <p>
                        We do not have this in the weight you wanted. We've rounded your order to the nearest weight increment we stock.</p>
                </div>
            </div>
        </form>

        <!-- End Template: AddToCartSmall -->

    </div>
</div>
<div class="item">

    <div class="module-grocery-product quickview-simple  clicked" data-quickview-ajax-url="/p/20096650_EA/quickViewProduct" data-product-id="20096650_EA" data-product-price="$3.97">

        <span class="subtitle"></span>

        <div class="product-page-hotspot">
            <div class="product-cell quickview-button">
                <div class="product-image ">

                    <img src="https://assets.shop.loblaws.ca/products/20096650/b1/en/front/20096650_front_a01.png" onerror="this.src='https://assets.shop.loblaws.ca/products/NoImage/b1/en/front/NoImage_front_a01_@2.png';" alt="Lobster Flavour Chips" />

                    <div class="hover-text-container">
                        <button href="#" tabindex="0" class="hover-text " aria-label="Quick View for Lobster Flavour Chips.">Quick View</button>
                    </div>
                </div>
            </div>

            <div class="product-in-cart">
                <div class="wrapper-product-in-cart">
                    <span>
	  			    In Cart
	  		    </span>
                </div>
            </div>

            <div class="product-info">
                <div class="product-name-wrapper">
                    <a href="/Food/Pantry/Chips-%26-Salty-Snacks/Potato-Chips/Lobster-Flavour-Chips/p/20096650_EA" class="product-name" aria-label="Product page for Lobster Flavour Chips">
                        <span class="js-product-entry-brand">Six Fortune&nbsp;</span>

                        <span class="js-product-entry-name">Lobster Flavour Chips</span>

                        <span class="js-product-entry-size-detail">(160 g)</span>

                    </a>
                </div>

                <span class="ad-match-badge  hidden">Ad Match</span>

                <div class="price">
                    <div class="price-wrapper no-discount  ">
                        <span class="reg-price  " aria-label="Regular Price: $3.97">
					    <span class="reg-price-text">$3.97</span>

                        <sup class="reg-price-unit">ea</sup>
                        </span>
                        <span class="sale-price hidden" aria-label="Sale Price:">
					    <span class="sale-price-text"></span>
                        <sup class="sale-price-unit">ea</sup>
                        </span>

                        <span class="secondary-price hidden">

					    <span class="secondary-price-text" aria-label="Secondary Price:"></span>
                        </span>
                    </div>
                </div>

                <div class="qty">
                    <span class="reg-qty  ">

		  		<span class="sr-only">Sale Price Per Unit:</span> $2.48 / 100 g

                    </span>

                    <span class="sale-qty hidden">

		  		<span class="sr-only">Sale Price Per Unit:</span> $2.48 / 100 g

                    </span>

                    <span class="secondary-qty hidden">

	  	<span class="secondary-qty-text"></span>
                    </span>
                </div>
            </div>

        </div>
        <form class="form-product  quickview-btn-simple" data-product-id="20096650_EA" data-min-qty="1.0" data-max-qty="999.0" data-unit-type="ea" data-cart-qty="1" data-default-qty="1" novalidate="novalidate" promoCode="" promoNumber="" data-is-customized="false" data-cart-url="/cart/product/20096650_EA" data-csrf-token="5582ec01-90c0-448b-b4f7-e2cf68d9f8a0" data-is-weighted-product="false">

            <div class="module-add-to-cart " data-change-type="plus" data-auto-edit="true" data-auto-add="true" data-cart-ajax-url="/cart/updateCart">
                <div class="wrapper-add-to-cart-btn">
                    <div class="module-add-to-cart-button-small">
                        <button type="button" class="btn btn-secondary btn-add-to-cart " data-auid="add-to-cart-button" data-has-pts-badge="false" aria-label="Add Lobster Flavour Chips to cart">
                            <span class="icon-cart"></span>
                            <span class="add-to-cart-text">
											Add</span>
                        </button>
                        <button type="button" class="btn btn-secondary btn-edit-cart hidden " aria-label="Edit Cart">
                            <span class="qty-in-cart"></span>
                            <span class="edit-cart-text">
											<spring code="product.edit.text" />"
										</span>
                        </button>
                        <div class="add-list-parent add-list-module  bottom-add-list-module ">
                            <button class="btn btn-inline-link btn-save-to-list  dark is-btn-animated" data-login-url="/account/login?productCode=20096650_EA" data-ajax-url="/restful/lists/all?productCode=20096650_EA" data-user-guest="Y" data-user-guest="Y" data-product-code="20096650_EA" data-delete-item="false" aria-label="Add Lobster Flavour Chips to a List">
                                <span class="glyphicon glyphicon-th-list"></span>
                                <div class="list-cta-text  is-btn-animated">Add to List</div>
                            </button>

                            <!-- this is the list HTML   -->
                            <div class="save-to-list-popup  is-btn-animated animation-up dark" data-save-to-list-error="Can not get lists at this time. Please try again later." data-product-name="Lobster Flavour Chips">
                                <div class="inner-container">
                                </div>

                            </div>
                        </div>

                    </div>
                </div>
            </div>

            <div class="module-plus-minus-buttons small hidden ">
                <button type="button" class="btn cart-change-qty" data-change-type="minus" data-auid="decrease-product-quantity" alt="Minus" aria-label="Minus">
                    <span class="icon-minimize"></span>
                </button>
                <div class="plus-minus-input-wrapper">
                    <input class="input-qty cart-change-qty" aria-label="Enter manual quantity" type="text" name="qty" title="Change quantity in cart" data-unit-type="ea" value="1ea" data-change-type="equals" maxlength="7">

                    <span class="input-qty-pretty">
							<span class="input-qty-pretty-value">1</span>
                    <span class="input-qty-pretty-unit"></span>
                    </span>
                </div>

                <button type="button" class="btn cart-change-qty" data-change-type="plus" data-auid="increase-product-quantity" alt="Plus" aria-label="Plus">
                    <span class="icon-plus-sign"></span>
                </button>

                <p class="deal-limit-reached hidden">Deal Limit Reached</p>

                <div class="tooltip-qty-error tooltip-qty-limit hidden">
                    <p>
                        Limit to &nbsp; 999 &nbsp;each&nbsp; per customer.</p>
                </div>
                <div class="tooltip-qty-error tooltip-round-error hidden">
                    <p>
                        We do not have this in the weight you wanted. We've rounded your order to the nearest weight increment we stock.</p>
                </div>
            </div>
        </form>

        <!-- End Template: AddToCartSmall -->

    </div>
</div>
<div class="item">

    <div class="module-grocery-product quickview-simple  clicked" data-quickview-ajax-url="/p/20868465008_EA/quickViewProduct" data-product-id="20868465008_EA" data-product-price="$3.48">

        <span class="subtitle"></span>

        <div class="product-page-hotspot">
            <div class="product-cell quickview-button">
                <div class="product-image ">

                    <img src="https://assets.shop.loblaws.ca/products/20868465008/b1/en/front/20868465008_front_a01.png" onerror="this.src='https://assets.shop.loblaws.ca/products/NoImage/b1/en/front/NoImage_front_a01_@2.png';" alt="Potato Chips, Sour Cream & Onion" />

                    <span class="sticker deal">
	  				        <span class="deal-badge">

	  				            <span class="module-deal-badge module-deal-badge-grid simple-save-unit "
	  						        data-deal-type="2 FOR $5.00"
	  						        data-ajax-promo-url="/simpleDeal/deals/product-tile?productCode=20868465008_EA"
	  						        data-deal-id="20868465008_EA">
	  						        <span class="deal-type">2 FOR $5.00</span>

                    <span class="deal-expiry">
		Exp. 12/19
	</span>

                    </span>
                    </span>
                    </span>

                    <div class="hover-text-container">
                        <button href="#" tabindex="0" class="hover-text " aria-label="Quick View for Potato Chips, Sour Cream & Onion.">Quick View</button>
                    </div>
                </div>
            </div>

            <div class="product-in-cart">
                <div class="wrapper-product-in-cart">
                    <span>
	  			    In Cart
	  		    </span>
                </div>
            </div>

            <div class="product-info">
                <div class="product-name-wrapper">
                    <a href="/Food/Pantry/Chips-%26-Salty-Snacks/Potato-Chips/Old-Dutch-RIP-L-Potato-Chips%2C-Sour-Cream-%26-Onion/p/20868465008_EA" class="product-name" aria-label="Product page for Potato Chips, Sour Cream & Onion">
                        <span class="js-product-entry-brand">Old Dutch&nbsp;</span>

                        <span class="js-product-entry-name">Potato Chips, Sour Cream & Onion</span>

                        <span class="js-product-entry-size-detail">(255 g)</span>

                    </a>
                </div>

                <span class="ad-match-badge  hidden">Ad Match</span>

                <div class="price">
                    <div class="price-wrapper no-discount  ">
                        <span class="reg-price  " aria-label="Regular Price: $3.48">
					    <span class="reg-price-text">$3.48</span>

                        <sup class="reg-price-unit">ea</sup>
                        </span>
                        <span class="sale-price hidden" aria-label="Sale Price:">
					    <span class="sale-price-text"></span>
                        <sup class="sale-price-unit">ea</sup>
                        </span>

                        <span class="secondary-price hidden">

					    <span class="secondary-price-text" aria-label="Secondary Price:"></span>
                        </span>
                    </div>
                </div>

                <div class="qty">
                    <span class="reg-qty  ">

		  		<span class="sr-only">Sale Price Per Unit:</span> $1.36 / 100 g

                    </span>

                    <span class="sale-qty hidden">

		  		<span class="sr-only">Sale Price Per Unit:</span> $1.36 / 100 g

                    </span>

                    <span class="secondary-qty hidden">

	  	<span class="secondary-qty-text"></span>
                    </span>
                </div>
            </div>

        </div>
        <form class="form-product  quickview-btn-simple" data-product-id="20868465008_EA" data-min-qty="1.0" data-max-qty="999.0" data-unit-type="ea" data-cart-qty="1" data-default-qty="1" novalidate="novalidate" promoCode="" promoNumber="" data-is-customized="false" data-cart-url="/cart/product/20868465008_EA" data-csrf-token="5582ec01-90c0-448b-b4f7-e2cf68d9f8a0" data-is-weighted-product="false">

            <div class="module-add-to-cart " data-change-type="plus" data-auto-edit="true" data-auto-add="true" data-cart-ajax-url="/cart/updateCart">
                <div class="wrapper-add-to-cart-btn">
                    <div class="module-add-to-cart-button-small">
                        <button type="button" class="btn btn-secondary btn-add-to-cart " data-auid="add-to-cart-button" data-has-pts-badge="false" aria-label="Add Potato Chips, Sour Cream & Onion to cart">
                            <span class="icon-cart"></span>
                            <span class="add-to-cart-text">
											Add</span>
                        </button>
                        <button type="button" class="btn btn-secondary btn-edit-cart hidden " aria-label="Edit Cart">
                            <span class="qty-in-cart"></span>
                            <span class="edit-cart-text">
											<spring code="product.edit.text" />"
										</span>
                        </button>
                        <div class="add-list-parent add-list-module  bottom-add-list-module ">
                            <button class="btn btn-inline-link btn-save-to-list  dark is-btn-animated" data-login-url="/account/login?productCode=20868465008_EA" data-ajax-url="/restful/lists/all?productCode=20868465008_EA" data-user-guest="Y" data-user-guest="Y" data-product-code="20868465008_EA" data-delete-item="false" aria-label="Add Potato Chips, Sour Cream & Onion to a List">
                                <span class="glyphicon glyphicon-th-list"></span>
                                <div class="list-cta-text  is-btn-animated">Add to List</div>
                            </button>

                            <!-- this is the list HTML   -->
                            <div class="save-to-list-popup  is-btn-animated animation-up dark" data-save-to-list-error="Can not get lists at this time. Please try again later." data-product-name="Potato Chips, Sour Cream & Onion">
                                <div class="inner-container">
                                </div>

                            </div>
                        </div>

                    </div>
                </div>
            </div>

            <div class="module-plus-minus-buttons small hidden ">
                <button type="button" class="btn cart-change-qty" data-change-type="minus" data-auid="decrease-product-quantity" alt="Minus" aria-label="Minus">
                    <span class="icon-minimize"></span>
                </button>
                <div class="plus-minus-input-wrapper">
                    <input class="input-qty cart-change-qty" aria-label="Enter manual quantity" type="text" name="qty" title="Change quantity in cart" data-unit-type="ea" value="1ea" data-change-type="equals" maxlength="7">

                    <span class="input-qty-pretty">
							<span class="input-qty-pretty-value">1</span>
                    <span class="input-qty-pretty-unit"></span>
                    </span>
                </div>

                <button type="button" class="btn cart-change-qty" data-change-type="plus" data-auid="increase-product-quantity" alt="Plus" aria-label="Plus">
                    <span class="icon-plus-sign"></span>
                </button>

                <p class="deal-limit-reached hidden">Deal Limit Reached</p>

                <div class="tooltip-qty-error tooltip-qty-limit hidden">
                    <p>
                        Limit to &nbsp; 999 &nbsp;each&nbsp; per customer.</p>
                </div>
                <div class="tooltip-qty-error tooltip-round-error hidden">
                    <p>
                        We do not have this in the weight you wanted. We've rounded your order to the nearest weight increment we stock.</p>
                </div>
            </div>
        </form>

        <!-- End Template: AddToCartSmall -->

    </div>
</div>
<div class="item">

    <div class="module-grocery-product quickview-simple  clicked" data-quickview-ajax-url="/p/20301951007_EA/quickViewProduct" data-product-id="20301951007_EA" data-product-price="$3.97">

        <span class="subtitle"></span>

        <div class="product-page-hotspot">
            <div class="product-cell quickview-button">
                <div class="product-image ">

                    <img src="https://assets.shop.loblaws.ca/products/20301951007/b1/en/front/20301951007_front_a01.png" onerror="this.src='https://assets.shop.loblaws.ca/products/NoImage/b1/en/front/NoImage_front_a01_@2.png';" alt="Kettle Cooked Potato Chips, Lime & Black Pepper" />

                    <div class="hover-text-container">
                        <button href="#" tabindex="0" class="hover-text " aria-label="Quick View for Kettle Cooked Potato Chips, Lime & Black Pepper.">Quick View</button>
                    </div>
                </div>
            </div>

            <div class="product-in-cart">
                <div class="wrapper-product-in-cart">
                    <span>
	  			    In Cart
	  		    </span>
                </div>
            </div>

            <div class="product-info">
                <div class="product-name-wrapper">
                    <a href="/Food/Pantry/Chips-%26-Salty-Snacks/Potato-Chips/Kettle-Cooked-Potato-Chips%2C-Lime-%26-Black-Pepper/p/20301951007_EA" class="product-name" aria-label="Product page for Kettle Cooked Potato Chips, Lime & Black Pepper">
                        <span class="js-product-entry-brand">Miss Vickies&nbsp;</span>

                        <span class="js-product-entry-name">Kettle Cooked Potato Chips, Lime & Black Pepper</span>

                        <span class="js-product-entry-size-detail">(220 g)</span>

                    </a>
                </div>

                <span class="ad-match-badge  hidden">Ad Match</span>

                <div class="price">
                    <div class="price-wrapper no-discount  ">
                        <span class="reg-price  " aria-label="Regular Price: $3.97">
					    <span class="reg-price-text">$3.97</span>

                        <sup class="reg-price-unit">ea</sup>
                        </span>
                        <span class="sale-price hidden" aria-label="Sale Price:">
					    <span class="sale-price-text"></span>
                        <sup class="sale-price-unit">ea</sup>
                        </span>

                        <span class="secondary-price hidden">

					    <span class="secondary-price-text" aria-label="Secondary Price:"></span>
                        </span>
                    </div>
                </div>

                <div class="qty">
                    <span class="reg-qty  ">

		  		<span class="sr-only">Sale Price Per Unit:</span> $1.80 / 100 g

                    </span>

                    <span class="sale-qty hidden">

		  		<span class="sr-only">Sale Price Per Unit:</span> $1.80 / 100 g

                    </span>

                    <span class="secondary-qty hidden">

	  	<span class="secondary-qty-text"></span>
                    </span>
                </div>
            </div>

        </div>
        <form class="form-product  quickview-btn-simple" data-product-id="20301951007_EA" data-min-qty="1.0" data-max-qty="999.0" data-unit-type="ea" data-cart-qty="1" data-default-qty="1" novalidate="novalidate" promoCode="" promoNumber="" data-is-customized="false" data-cart-url="/cart/product/20301951007_EA" data-csrf-token="5582ec01-90c0-448b-b4f7-e2cf68d9f8a0" data-is-weighted-product="false">

            <div class="module-add-to-cart " data-change-type="plus" data-auto-edit="true" data-auto-add="true" data-cart-ajax-url="/cart/updateCart">
                <div class="wrapper-add-to-cart-btn">
                    <div class="module-add-to-cart-button-small">
                        <button type="button" class="btn btn-secondary btn-add-to-cart " data-auid="add-to-cart-button" data-has-pts-badge="false" aria-label="Add Kettle Cooked Potato Chips, Lime & Black Pepper to cart">
                            <span class="icon-cart"></span>
                            <span class="add-to-cart-text">
											Add</span>
                        </button>
                        <button type="button" class="btn btn-secondary btn-edit-cart hidden " aria-label="Edit Cart">
                            <span class="qty-in-cart"></span>
                            <span class="edit-cart-text">
											<spring code="product.edit.text" />"
										</span>
                        </button>
                        <div class="add-list-parent add-list-module  bottom-add-list-module ">
                            <button class="btn btn-inline-link btn-save-to-list  dark is-btn-animated" data-login-url="/account/login?productCode=20301951007_EA" data-ajax-url="/restful/lists/all?productCode=20301951007_EA" data-user-guest="Y" data-user-guest="Y" data-product-code="20301951007_EA" data-delete-item="false" aria-label="Add Kettle Cooked Potato Chips, Lime & Black Pepper to a List">
                                <span class="glyphicon glyphicon-th-list"></span>
                                <div class="list-cta-text  is-btn-animated">Add to List</div>
                            </button>

                            <!-- this is the list HTML   -->
                            <div class="save-to-list-popup  is-btn-animated animation-up dark" data-save-to-list-error="Can not get lists at this time. Please try again later." data-product-name="Kettle Cooked Potato Chips, Lime & Black Pepper">
                                <div class="inner-container">
                                </div>

                            </div>
                        </div>

                    </div>
                </div>
            </div>

            <div class="module-plus-minus-buttons small hidden ">
                <button type="button" class="btn cart-change-qty" data-change-type="minus" data-auid="decrease-product-quantity" alt="Minus" aria-label="Minus">
                    <span class="icon-minimize"></span>
                </button>
                <div class="plus-minus-input-wrapper">
                    <input class="input-qty cart-change-qty" aria-label="Enter manual quantity" type="text" name="qty" title="Change quantity in cart" data-unit-type="ea" value="1ea" data-change-type="equals" maxlength="7">

                    <span class="input-qty-pretty">
							<span class="input-qty-pretty-value">1</span>
                    <span class="input-qty-pretty-unit"></span>
                    </span>
                </div>

                <button type="button" class="btn cart-change-qty" data-change-type="plus" data-auid="increase-product-quantity" alt="Plus" aria-label="Plus">
                    <span class="icon-plus-sign"></span>
                </button>

                <p class="deal-limit-reached hidden">Deal Limit Reached</p>

                <div class="tooltip-qty-error tooltip-qty-limit hidden">
                    <p>
                        Limit to &nbsp; 999 &nbsp;each&nbsp; per customer.</p>
                </div>
                <div class="tooltip-qty-error tooltip-round-error hidden">
                    <p>
                        We do not have this in the weight you wanted. We've rounded your order to the nearest weight increment we stock.</p>
                </div>
            </div>
        </form>

        <!-- End Template: AddToCartSmall -->

    </div>
</div>
<div class="item">

    <div class="module-grocery-product quickview-simple  clicked" data-quickview-ajax-url="/p/20590014001_EA/quickViewProduct" data-product-id="20590014001_EA" data-product-price="$3.98">

        <span class="subtitle"></span>

        <div class="product-page-hotspot">
            <div class="product-cell quickview-button">
                <div class="product-image ">

                    <img src="https://assets.shop.loblaws.ca/products/20590014001/b1/en/front/20590014001_front_a01.png" onerror="this.src='https://assets.shop.loblaws.ca/products/NoImage/b1/en/front/NoImage_front_a01_@2.png';" alt="Plentils Lentil Chips, Sea Salt" />

                    <div class="hover-text-container">
                        <button href="#" tabindex="0" class="hover-text " aria-label="Quick View for Plentils Lentil Chips, Sea Salt.">Quick View</button>
                    </div>
                </div>
            </div>

            <div class="product-in-cart">
                <div class="wrapper-product-in-cart">
                    <span>
	  			    In Cart
	  		    </span>
                </div>
            </div>

            <div class="product-info">
                <div class="product-name-wrapper">
                    <a href="/Food/Natural-%26-Organic/Pantry/Snacks-%26-Candy/Plentils-Lentil-Chips%2C-Sea-Salt/p/20590014001_EA" class="product-name" aria-label="Product page for Plentils Lentil Chips, Sea Salt">
                        <span class="js-product-entry-brand">Enjoy Life&nbsp;</span>

                        <span class="js-product-entry-name">Plentils Lentil Chips, Sea Salt</span>

                        <span class="js-product-entry-size-detail">(113 g)</span>

                    </a>
                </div>

                <span class="ad-match-badge  hidden">Ad Match</span>

                <div class="price">
                    <div class="price-wrapper no-discount  ">
                        <span class="reg-price  " aria-label="Regular Price: $3.98">
					    <span class="reg-price-text">$3.98</span>

                        <sup class="reg-price-unit">ea</sup>
                        </span>
                        <span class="sale-price hidden" aria-label="Sale Price:">
					    <span class="sale-price-text"></span>
                        <sup class="sale-price-unit">ea</sup>
                        </span>

                        <span class="secondary-price hidden">

					    <span class="secondary-price-text" aria-label="Secondary Price:"></span>
                        </span>
                    </div>
                </div>

                <div class="qty">
                    <span class="reg-qty  ">

		  		<span class="sr-only">Sale Price Per Unit:</span> $3.52 / 100 g

                    </span>

                    <span class="sale-qty hidden">

		  		<span class="sr-only">Sale Price Per Unit:</span> $3.52 / 100 g

                    </span>

                    <span class="secondary-qty hidden">

	  	<span class="secondary-qty-text"></span>
                    </span>
                </div>
            </div>

        </div>
        <form class="form-product  quickview-btn-simple" data-product-id="20590014001_EA" data-min-qty="1.0" data-max-qty="999.0" data-unit-type="ea" data-cart-qty="1" data-default-qty="1" novalidate="novalidate" promoCode="" promoNumber="" data-is-customized="false" data-cart-url="/cart/product/20590014001_EA" data-csrf-token="5582ec01-90c0-448b-b4f7-e2cf68d9f8a0" data-is-weighted-product="false">

            <div class="module-add-to-cart " data-change-type="plus" data-auto-edit="true" data-auto-add="true" data-cart-ajax-url="/cart/updateCart">
                <div class="wrapper-add-to-cart-btn">
                    <div class="module-add-to-cart-button-small">
                        <button type="button" class="btn btn-secondary btn-add-to-cart " data-auid="add-to-cart-button" data-has-pts-badge="false" aria-label="Add Plentils Lentil Chips, Sea Salt to cart">
                            <span class="icon-cart"></span>
                            <span class="add-to-cart-text">
											Add</span>
                        </button>
                        <button type="button" class="btn btn-secondary btn-edit-cart hidden " aria-label="Edit Cart">
                            <span class="qty-in-cart"></span>
                            <span class="edit-cart-text">
											<spring code="product.edit.text" />"
										</span>
                        </button>
                        <div class="add-list-parent add-list-module  bottom-add-list-module ">
                            <button class="btn btn-inline-link btn-save-to-list  dark is-btn-animated" data-login-url="/account/login?productCode=20590014001_EA" data-ajax-url="/restful/lists/all?productCode=20590014001_EA" data-user-guest="Y" data-user-guest="Y" data-product-code="20590014001_EA" data-delete-item="false" aria-label="Add Plentils Lentil Chips, Sea Salt to a List">
                                <span class="glyphicon glyphicon-th-list"></span>
                                <div class="list-cta-text  is-btn-animated">Add to List</div>
                            </button>

                            <!-- this is the list HTML   -->
                            <div class="save-to-list-popup  is-btn-animated animation-up dark" data-save-to-list-error="Can not get lists at this time. Please try again later." data-product-name="Plentils Lentil Chips, Sea Salt">
                                <div class="inner-container">
                                </div>

                            </div>
                        </div>

                    </div>
                </div>
            </div>

            <div class="module-plus-minus-buttons small hidden ">
                <button type="button" class="btn cart-change-qty" data-change-type="minus" data-auid="decrease-product-quantity" alt="Minus" aria-label="Minus">
                    <span class="icon-minimize"></span>
                </button>
                <div class="plus-minus-input-wrapper">
                    <input class="input-qty cart-change-qty" aria-label="Enter manual quantity" type="text" name="qty" title="Change quantity in cart" data-unit-type="ea" value="1ea" data-change-type="equals" maxlength="7">

                    <span class="input-qty-pretty">
							<span class="input-qty-pretty-value">1</span>
                    <span class="input-qty-pretty-unit"></span>
                    </span>
                </div>

                <button type="button" class="btn cart-change-qty" data-change-type="plus" data-auid="increase-product-quantity" alt="Plus" aria-label="Plus">
                    <span class="icon-plus-sign"></span>
                </button>

                <p class="deal-limit-reached hidden">Deal Limit Reached</p>

                <div class="tooltip-qty-error tooltip-qty-limit hidden">
                    <p>
                        Limit to &nbsp; 999 &nbsp;each&nbsp; per customer.</p>
                </div>
                <div class="tooltip-qty-error tooltip-round-error hidden">
                    <p>
                        We do not have this in the weight you wanted. We've rounded your order to the nearest weight increment we stock.</p>
                </div>
            </div>
        </form>

        <!-- End Template: AddToCartSmall -->

    </div>
</div>
<div class="item">

    <div class="module-grocery-product quickview-simple  clicked" data-quickview-ajax-url="/p/20346879_EA/quickViewProduct" data-product-id="20346879_EA" data-product-price="$2.98">

        <span class="subtitle"></span>

        <div class="product-page-hotspot">
            <div class="product-cell quickview-button">
                <div class="product-image ">

                    <img src="https://assets.shop.loblaws.ca/products/20346879/b1/en/front/20346879_front_a01.png" onerror="this.src='https://assets.shop.loblaws.ca/products/NoImage/b1/en/front/NoImage_front_a01_@2.png';" alt="Jack'N Jill Piattos, Cheese" />

                    <span class="sticker deal">
	  				        <span class="deal-badge">

	  				            <span class="module-deal-badge module-deal-badge-grid simple-save-unit "
	  						        data-deal-type="2 FOR $5.36"
	  						        data-ajax-promo-url="/simpleDeal/deals/product-tile?productCode=20346879_EA"
	  						        data-deal-id="20346879_EA">
	  						        <span class="deal-type">2 FOR $5.36</span>

                    <span class="deal-expiry">
		Exp. 12/31
	</span>

                    </span>
                    </span>
                    </span>

                    <div class="hover-text-container">
                        <button href="#" tabindex="0" class="hover-text " aria-label="Quick View for Jack'N Jill Piattos, Cheese.">Quick View</button>
                    </div>
                </div>
            </div>

            <div class="product-in-cart">
                <div class="wrapper-product-in-cart">
                    <span>
	  			    In Cart
	  		    </span>
                </div>
            </div>

            <div class="product-info">
                <div class="product-name-wrapper">
                    <a href="/Food/Pantry/Chips-%26-Salty-Snacks/Pretzels-%26-Snack-Mixes/Jack-n%27-Jill-Jack%27N-Jill-Piattos%2C-Cheese/p/20346879_EA" class="product-name" aria-label="Product page for Jack'N Jill Piattos, Cheese">
                        <span class="js-product-entry-brand">Jack n' Jill&nbsp;</span>

                        <span class="js-product-entry-name">Jack'N Jill Piattos, Cheese</span>

                        <span class="js-product-entry-size-detail">(212 g)</span>

                    </a>
                </div>

                <span class="ad-match-badge  hidden">Ad Match</span>

                <div class="price">
                    <div class="price-wrapper no-discount  ">
                        <span class="reg-price  " aria-label="Regular Price: $2.98">
					    <span class="reg-price-text">$2.98</span>

                        <sup class="reg-price-unit">ea</sup>
                        </span>
                        <span class="sale-price hidden" aria-label="Sale Price:">
					    <span class="sale-price-text"></span>
                        <sup class="sale-price-unit">ea</sup>
                        </span>

                        <span class="secondary-price hidden">

					    <span class="secondary-price-text" aria-label="Secondary Price:"></span>
                        </span>
                    </div>
                </div>

                <div class="qty">
                    <span class="reg-qty  ">

		  		<span class="sr-only">Sale Price Per Unit:</span> $1.41 / 100 g

                    </span>

                    <span class="sale-qty hidden">

		  		<span class="sr-only">Sale Price Per Unit:</span> $1.41 / 100 g

                    </span>

                    <span class="secondary-qty hidden">

	  	<span class="secondary-qty-text"></span>
                    </span>
                </div>
            </div>

        </div>
        <form class="form-product  quickview-btn-simple" data-product-id="20346879_EA" data-min-qty="1.0" data-max-qty="999.0" data-unit-type="ea" data-cart-qty="1" data-default-qty="1" novalidate="novalidate" promoCode="" promoNumber="" data-is-customized="false" data-cart-url="/cart/product/20346879_EA" data-csrf-token="5582ec01-90c0-448b-b4f7-e2cf68d9f8a0" data-is-weighted-product="false">

            <div class="module-add-to-cart " data-change-type="plus" data-auto-edit="true" data-auto-add="true" data-cart-ajax-url="/cart/updateCart">
                <div class="wrapper-add-to-cart-btn">
                    <div class="module-add-to-cart-button-small">
                        <button type="button" class="btn btn-secondary btn-add-to-cart " data-auid="add-to-cart-button" data-has-pts-badge="false" aria-label="Add Jack'N Jill Piattos, Cheese to cart">
                            <span class="icon-cart"></span>
                            <span class="add-to-cart-text">
											Add</span>
                        </button>
                        <button type="button" class="btn btn-secondary btn-edit-cart hidden " aria-label="Edit Cart">
                            <span class="qty-in-cart"></span>
                            <span class="edit-cart-text">
											<spring code="product.edit.text" />"
										</span>
                        </button>
                        <div class="add-list-parent add-list-module  bottom-add-list-module ">
                            <button class="btn btn-inline-link btn-save-to-list  dark is-btn-animated" data-login-url="/account/login?productCode=20346879_EA" data-ajax-url="/restful/lists/all?productCode=20346879_EA" data-user-guest="Y" data-user-guest="Y" data-product-code="20346879_EA" data-delete-item="false" aria-label="Add Jack'N Jill Piattos, Cheese to a List">
                                <span class="glyphicon glyphicon-th-list"></span>
                                <div class="list-cta-text  is-btn-animated">Add to List</div>
                            </button>

                            <!-- this is the list HTML   -->
                            <div class="save-to-list-popup  is-btn-animated animation-up dark" data-save-to-list-error="Can not get lists at this time. Please try again later." data-product-name="Jack'N Jill Piattos, Cheese">
                                <div class="inner-container">
                                </div>

                            </div>
                        </div>

                    </div>
                </div>
            </div>

            <div class="module-plus-minus-buttons small hidden ">
                <button type="button" class="btn cart-change-qty" data-change-type="minus" data-auid="decrease-product-quantity" alt="Minus" aria-label="Minus">
                    <span class="icon-minimize"></span>
                </button>
                <div class="plus-minus-input-wrapper">
                    <input class="input-qty cart-change-qty" aria-label="Enter manual quantity" type="text" name="qty" title="Change quantity in cart" data-unit-type="ea" value="1ea" data-change-type="equals" maxlength="7">

                    <span class="input-qty-pretty">
							<span class="input-qty-pretty-value">1</span>
                    <span class="input-qty-pretty-unit"></span>
                    </span>
                </div>

                <button type="button" class="btn cart-change-qty" data-change-type="plus" data-auid="increase-product-quantity" alt="Plus" aria-label="Plus">
                    <span class="icon-plus-sign"></span>
                </button>

                <p class="deal-limit-reached hidden">Deal Limit Reached</p>

                <div class="tooltip-qty-error tooltip-qty-limit hidden">
                    <p>
                        Limit to &nbsp; 999 &nbsp;each&nbsp; per customer.</p>
                </div>
                <div class="tooltip-qty-error tooltip-round-error hidden">
                    <p>
                        We do not have this in the weight you wanted. We've rounded your order to the nearest weight increment we stock.</p>
                </div>
            </div>
        </form>

        <!-- End Template: AddToCartSmall -->

    </div>
</div>
<div class="item">

    <div class="module-grocery-product quickview-simple  clicked" data-quickview-ajax-url="/p/20503218003_EA/quickViewProduct" data-product-id="20503218003_EA" data-product-price="$3.28">

        <span class="subtitle"></span>

        <div class="product-page-hotspot">
            <div class="product-cell quickview-button">
                <div class="product-image ">

                    <img src="https://assets.shop.loblaws.ca/products/20503218003/b1/en/front/20503218003_front_a01.png" onerror="this.src='https://assets.shop.loblaws.ca/products/NoImage/b1/en/front/NoImage_front_a01_@2.png';" alt="Tortilla Chips, Sea Salt & Hint of Lime" />

                    <div class="hover-text-container">
                        <button href="#" tabindex="0" class="hover-text " aria-label="Quick View for Tortilla Chips, Sea Salt & Hint of Lime.">Quick View</button>
                    </div>
                </div>
            </div>

            <div class="product-in-cart">
                <div class="wrapper-product-in-cart">
                    <span>
	  			    In Cart
	  		    </span>
                </div>
            </div>

            <div class="product-info">
                <div class="product-name-wrapper">
                    <a href="/Food/Pantry/Chips-%26-Salty-Snacks/Potato-Chips/Old-Dutch-RESTAURANTE-Tortilla-Chips%2C-Sea-Salt-%26-Hint-of-Lime/p/20503218003_EA" class="product-name" aria-label="Product page for Tortilla Chips, Sea Salt & Hint of Lime">
                        <span class="js-product-entry-brand">Old Dutch&nbsp;</span>

                        <span class="js-product-entry-name">Tortilla Chips, Sea Salt & Hint of Lime</span>

                        <span class="js-product-entry-size-detail">(310 g)</span>

                    </a>
                </div>

                <span class="ad-match-badge  hidden">Ad Match</span>

                <div class="price">
                    <div class="price-wrapper no-discount  ">
                        <span class="reg-price  " aria-label="Regular Price: $3.28">
					    <span class="reg-price-text">$3.28</span>

                        <sup class="reg-price-unit">ea</sup>
                        </span>
                        <span class="sale-price hidden" aria-label="Sale Price:">
					    <span class="sale-price-text"></span>
                        <sup class="sale-price-unit">ea</sup>
                        </span>

                        <span class="secondary-price hidden">

					    <span class="secondary-price-text" aria-label="Secondary Price:"></span>
                        </span>
                    </div>
                </div>

                <div class="qty">
                    <span class="reg-qty  ">

		  		<span class="sr-only">Sale Price Per Unit:</span> $1.06 / 100 g

                    </span>

                    <span class="sale-qty hidden">

		  		<span class="sr-only">Sale Price Per Unit:</span> $1.06 / 100 g

                    </span>

                    <span class="secondary-qty hidden">

	  	<span class="secondary-qty-text"></span>
                    </span>
                </div>
            </div>

        </div>
        <form class="form-product  quickview-btn-simple" data-product-id="20503218003_EA" data-min-qty="1.0" data-max-qty="999.0" data-unit-type="ea" data-cart-qty="1" data-default-qty="1" novalidate="novalidate" promoCode="" promoNumber="" data-is-customized="false" data-cart-url="/cart/product/20503218003_EA" data-csrf-token="5582ec01-90c0-448b-b4f7-e2cf68d9f8a0" data-is-weighted-product="false">

            <div class="module-add-to-cart " data-change-type="plus" data-auto-edit="true" data-auto-add="true" data-cart-ajax-url="/cart/updateCart">
                <div class="wrapper-add-to-cart-btn">
                    <div class="module-add-to-cart-button-small">
                        <button type="button" class="btn btn-secondary btn-add-to-cart " data-auid="add-to-cart-button" data-has-pts-badge="false" aria-label="Add Tortilla Chips, Sea Salt & Hint of Lime to cart">
                            <span class="icon-cart"></span>
                            <span class="add-to-cart-text">
											Add</span>
                        </button>
                        <button type="button" class="btn btn-secondary btn-edit-cart hidden " aria-label="Edit Cart">
                            <span class="qty-in-cart"></span>
                            <span class="edit-cart-text">
											<spring code="product.edit.text" />"
										</span>
                        </button>
                        <div class="add-list-parent add-list-module  bottom-add-list-module ">
                            <button class="btn btn-inline-link btn-save-to-list  dark is-btn-animated" data-login-url="/account/login?productCode=20503218003_EA" data-ajax-url="/restful/lists/all?productCode=20503218003_EA" data-user-guest="Y" data-user-guest="Y" data-product-code="20503218003_EA" data-delete-item="false" aria-label="Add Tortilla Chips, Sea Salt & Hint of Lime to a List">
                                <span class="glyphicon glyphicon-th-list"></span>
                                <div class="list-cta-text  is-btn-animated">Add to List</div>
                            </button>

                            <!-- this is the list HTML   -->
                            <div class="save-to-list-popup  is-btn-animated animation-up dark" data-save-to-list-error="Can not get lists at this time. Please try again later." data-product-name="Tortilla Chips, Sea Salt & Hint of Lime">
                                <div class="inner-container">
                                </div>

                            </div>
                        </div>

                    </div>
                </div>
            </div>

            <div class="module-plus-minus-buttons small hidden ">
                <button type="button" class="btn cart-change-qty" data-change-type="minus" data-auid="decrease-product-quantity" alt="Minus" aria-label="Minus">
                    <span class="icon-minimize"></span>
                </button>
                <div class="plus-minus-input-wrapper">
                    <input class="input-qty cart-change-qty" aria-label="Enter manual quantity" type="text" name="qty" title="Change quantity in cart" data-unit-type="ea" value="1ea" data-change-type="equals" maxlength="7">

                    <span class="input-qty-pretty">
							<span class="input-qty-pretty-value">1</span>
                    <span class="input-qty-pretty-unit"></span>
                    </span>
                </div>

                <button type="button" class="btn cart-change-qty" data-change-type="plus" data-auid="increase-product-quantity" alt="Plus" aria-label="Plus">
                    <span class="icon-plus-sign"></span>
                </button>

                <p class="deal-limit-reached hidden">Deal Limit Reached</p>

                <div class="tooltip-qty-error tooltip-qty-limit hidden">
                    <p>
                        Limit to &nbsp; 999 &nbsp;each&nbsp; per customer.</p>
                </div>
                <div class="tooltip-qty-error tooltip-round-error hidden">
                    <p>
                        We do not have this in the weight you wanted. We've rounded your order to the nearest weight increment we stock.</p>
                </div>
            </div>
        </form>

        <!-- End Template: AddToCartSmall -->

    </div>
</div>
<div class="item">

    <div class="module-grocery-product quickview-simple  clicked" data-quickview-ajax-url="/p/20839412002_EA/quickViewProduct" data-product-id="20839412002_EA" data-product-price="$1.88">

        <span class="subtitle"></span>

        <div class="product-page-hotspot">
            <div class="product-cell quickview-button">
                <div class="product-image ">

                    <img src="https://assets.shop.loblaws.ca/products/20839412002/b1/en/front/20839412002_front_a01.png" onerror="this.src='https://assets.shop.loblaws.ca/products/NoImage/b1/en/front/NoImage_front_a01_@2.png';" alt="Smokin' Stampede Chips" />

                    <div class="hover-text-container">
                        <button href="#" tabindex="0" class="hover-text " aria-label="Quick View for Smokin' Stampede Chips.">Quick View</button>
                    </div>
                </div>
            </div>

            <div class="product-in-cart">
                <div class="wrapper-product-in-cart">
                    <span>
	  			    In Cart
	  		    </span>
                </div>
            </div>

            <div class="product-info">
                <div class="product-name-wrapper">
                    <a href="/Food/Pantry/Chips-%26-Salty-Snacks/Potato-Chips/President%27s-Choice-Smokin%27-Stampede-Chips/p/20839412002_EA" class="product-name" aria-label="Product page for Smokin' Stampede Chips">
                        <span class="js-product-entry-brand">President's Choice&nbsp;</span>

                        <span class="js-product-entry-name">Smokin' Stampede Chips</span>

                        <span class="js-product-entry-size-detail">(200 g)</span>

                    </a>
                </div>

                <span class="ad-match-badge  hidden">Ad Match</span>

                <div class="price">
                    <div class="price-wrapper no-discount  ">
                        <span class="reg-price  " aria-label="Regular Price: $1.88">
					    <span class="reg-price-text">$1.88</span>

                        <sup class="reg-price-unit">ea</sup>
                        </span>
                        <span class="sale-price hidden" aria-label="Sale Price:">
					    <span class="sale-price-text"></span>
                        <sup class="sale-price-unit">ea</sup>
                        </span>

                        <span class="secondary-price hidden">

					    <span class="secondary-price-text" aria-label="Secondary Price:"></span>
                        </span>
                    </div>
                </div>

                <div class="qty">
                    <span class="reg-qty  ">

		  		<span class="sr-only">Sale Price Per Unit:</span> $0.94 / 100 g

                    </span>

                    <span class="sale-qty hidden">

		  		<span class="sr-only">Sale Price Per Unit:</span> $0.94 / 100 g

                    </span>

                    <span class="secondary-qty hidden">

	  	<span class="secondary-qty-text"></span>
                    </span>
                </div>
            </div>

        </div>
        <form class="form-product  quickview-btn-simple" data-product-id="20839412002_EA" data-min-qty="1.0" data-max-qty="999.0" data-unit-type="ea" data-cart-qty="1" data-default-qty="1" novalidate="novalidate" promoCode="" promoNumber="" data-is-customized="false" data-cart-url="/cart/product/20839412002_EA" data-csrf-token="5582ec01-90c0-448b-b4f7-e2cf68d9f8a0" data-is-weighted-product="false">

            <div class="module-add-to-cart " data-change-type="plus" data-auto-edit="true" data-auto-add="true" data-cart-ajax-url="/cart/updateCart">
                <div class="wrapper-add-to-cart-btn">
                    <div class="module-add-to-cart-button-small">
                        <button type="button" class="btn btn-secondary btn-add-to-cart " data-auid="add-to-cart-button" data-has-pts-badge="false" aria-label="Add Smokin' Stampede Chips to cart">
                            <span class="icon-cart"></span>
                            <span class="add-to-cart-text">
											Add</span>
                        </button>
                        <button type="button" class="btn btn-secondary btn-edit-cart hidden " aria-label="Edit Cart">
                            <span class="qty-in-cart"></span>
                            <span class="edit-cart-text">
											<spring code="product.edit.text" />"
										</span>
                        </button>
                        <div class="add-list-parent add-list-module  bottom-add-list-module ">
                            <button class="btn btn-inline-link btn-save-to-list  dark is-btn-animated" data-login-url="/account/login?productCode=20839412002_EA" data-ajax-url="/restful/lists/all?productCode=20839412002_EA" data-user-guest="Y" data-user-guest="Y" data-product-code="20839412002_EA" data-delete-item="false" aria-label="Add Smokin' Stampede Chips to a List">
                                <span class="glyphicon glyphicon-th-list"></span>
                                <div class="list-cta-text  is-btn-animated">Add to List</div>
                            </button>

                            <!-- this is the list HTML   -->
                            <div class="save-to-list-popup  is-btn-animated animation-up dark" data-save-to-list-error="Can not get lists at this time. Please try again later." data-product-name="Smokin' Stampede Chips">
                                <div class="inner-container">
                                </div>

                            </div>
                        </div>

                    </div>
                </div>
            </div>

            <div class="module-plus-minus-buttons small hidden ">
                <button type="button" class="btn cart-change-qty" data-change-type="minus" data-auid="decrease-product-quantity" alt="Minus" aria-label="Minus">
                    <span class="icon-minimize"></span>
                </button>
                <div class="plus-minus-input-wrapper">
                    <input class="input-qty cart-change-qty" aria-label="Enter manual quantity" type="text" name="qty" title="Change quantity in cart" data-unit-type="ea" value="1ea" data-change-type="equals" maxlength="7">

                    <span class="input-qty-pretty">
							<span class="input-qty-pretty-value">1</span>
                    <span class="input-qty-pretty-unit"></span>
                    </span>
                </div>

                <button type="button" class="btn cart-change-qty" data-change-type="plus" data-auid="increase-product-quantity" alt="Plus" aria-label="Plus">
                    <span class="icon-plus-sign"></span>
                </button>

                <p class="deal-limit-reached hidden">Deal Limit Reached</p>

                <div class="tooltip-qty-error tooltip-qty-limit hidden">
                    <p>
                        Limit to &nbsp; 999 &nbsp;each&nbsp; per customer.</p>
                </div>
                <div class="tooltip-qty-error tooltip-round-error hidden">
                    <p>
                        We do not have this in the weight you wanted. We've rounded your order to the nearest weight increment we stock.</p>
                </div>
            </div>
        </form>

        <!-- End Template: AddToCartSmall -->

    </div>
</div>
<div class="item">

    <div class="module-grocery-product quickview-simple  clicked" data-quickview-ajax-url="/p/20298997006_EA/quickViewProduct" data-product-id="20298997006_EA" data-product-price="$2.48">

        <span class="subtitle"></span>

        <div class="product-page-hotspot">
            <div class="product-cell quickview-button">
                <div class="product-image ">

                    <img src="https://assets.shop.loblaws.ca/products/20298997006/b1/en/front/20298997006_front_a01.png" onerror="this.src='https://assets.shop.loblaws.ca/products/NoImage/b1/en/front/NoImage_front_a01_@2.png';" alt="Kettle Chips, Yogurt & Green Onion" />

                    <span class="sticker deal">
	  				        <span class="deal-badge">

	  				            <span class="module-deal-badge module-deal-badge-grid simple-save-unit "
	  						        data-deal-type="$2.48 LIMIT 4"
	  						        data-ajax-promo-url="/simpleDeal/deals/product-tile?productCode=20298997006_EA"
	  						        data-deal-id="20298997006_EA">
	  						        <span class="deal-type">$2.48 LIMIT 4</span>

                    <span class="deal-expiry">
		Exp. 12/20
	</span>

                    </span>
                    </span>
                    </span>

                    <div class="hover-text-container">
                        <button href="#" tabindex="0" class="hover-text " aria-label="Quick View for Kettle Chips, Yogurt & Green Onion.">Quick View</button>
                    </div>
                </div>
            </div>

            <div class="product-in-cart">
                <div class="wrapper-product-in-cart">
                    <span>
	  			    In Cart
	  		    </span>
                </div>
            </div>

            <div class="product-info">
                <div class="product-name-wrapper">
                    <a href="/Food/Natural-%26-Organic/Pantry/Snacks-%26-Candy/Kettle-Chips%2C-Yogurt-%26-Green-Onion/p/20298997006_EA" class="product-name" aria-label="Product page for Kettle Chips, Yogurt & Green Onion">
                        <span class="js-product-entry-brand">Kettle&nbsp;</span>

                        <span class="js-product-entry-name">Kettle Chips, Yogurt & Green Onion</span>

                        <span class="js-product-entry-size-detail">(220 g)</span>

                    </a>
                </div>

                <span class="ad-match-badge  hidden">Ad Match</span>

                <div class="price">
                    <div class="price-wrapper no-discount promo-alert ">
                        <span class="reg-price  price-alert" aria-label="Regular Price: $2.48">
					    <span class="reg-price-text">$2.48</span>

                        <sup class="reg-price-unit">ea</sup>
                        </span>
                        <span class="sale-price hidden" aria-label="Sale Price:">
					    <span class="sale-price-text"></span>
                        <sup class="sale-price-unit">ea</sup>
                        </span>

                        <span class="secondary-price hidden">

					    <span class="secondary-price-text" aria-label="Secondary Price:"></span>
                        </span>
                    </div>
                </div>

                <div class="qty">
                    <span class="reg-qty  price-alert">

		  		<span class="sr-only">Sale Price Per Unit:</span> $1.13 / 100 g

                    </span>

                    <span class="sale-qty hidden">

		  		<span class="sr-only">Sale Price Per Unit:</span> $1.13 / 100 g

                    </span>

                    <span class="secondary-qty hidden">

	  	<span class="secondary-qty-text"></span>
                    </span>
                </div>
            </div>

        </div>
        <form class="form-product  quickview-btn-simple" data-product-id="20298997006_EA" data-min-qty="1.0" data-max-qty="999.0" data-unit-type="ea" data-cart-qty="1" data-default-qty="1" novalidate="novalidate" promoCode="" promoNumber="" data-is-customized="false" data-cart-url="/cart/product/20298997006_EA" data-csrf-token="5582ec01-90c0-448b-b4f7-e2cf68d9f8a0" data-is-weighted-product="false">

            <div class="module-add-to-cart " data-change-type="plus" data-auto-edit="true" data-auto-add="true" data-cart-ajax-url="/cart/updateCart">
                <div class="wrapper-add-to-cart-btn">
                    <div class="module-add-to-cart-button-small">
                        <button type="button" class="btn btn-secondary btn-add-to-cart " data-auid="add-to-cart-button" data-has-pts-badge="false" aria-label="Add Kettle Chips, Yogurt & Green Onion to cart">
                            <span class="icon-cart"></span>
                            <span class="add-to-cart-text">
											Add</span>
                        </button>
                        <button type="button" class="btn btn-secondary btn-edit-cart hidden " aria-label="Edit Cart">
                            <span class="qty-in-cart"></span>
                            <span class="edit-cart-text">
											<spring code="product.edit.text" />"
										</span>
                        </button>
                        <div class="add-list-parent add-list-module  bottom-add-list-module ">
                            <button class="btn btn-inline-link btn-save-to-list  dark is-btn-animated" data-login-url="/account/login?productCode=20298997006_EA" data-ajax-url="/restful/lists/all?productCode=20298997006_EA" data-user-guest="Y" data-user-guest="Y" data-product-code="20298997006_EA" data-delete-item="false" aria-label="Add Kettle Chips, Yogurt & Green Onion to a List">
                                <span class="glyphicon glyphicon-th-list"></span>
                                <div class="list-cta-text  is-btn-animated">Add to List</div>
                            </button>

                            <!-- this is the list HTML   -->
                            <div class="save-to-list-popup  is-btn-animated animation-up dark" data-save-to-list-error="Can not get lists at this time. Please try again later." data-product-name="Kettle Chips, Yogurt & Green Onion">
                                <div class="inner-container">
                                </div>

                            </div>
                        </div>

                    </div>
                </div>
            </div>

            <div class="module-plus-minus-buttons small hidden ">
                <button type="button" class="btn cart-change-qty" data-change-type="minus" data-auid="decrease-product-quantity" alt="Minus" aria-label="Minus">
                    <span class="icon-minimize"></span>
                </button>
                <div class="plus-minus-input-wrapper">
                    <input class="input-qty cart-change-qty" aria-label="Enter manual quantity" type="text" name="qty" title="Change quantity in cart" data-unit-type="ea" value="1ea" data-change-type="equals" maxlength="7">

                    <span class="input-qty-pretty">
							<span class="input-qty-pretty-value">1</span>
                    <span class="input-qty-pretty-unit"></span>
                    </span>
                </div>

                <button type="button" class="btn cart-change-qty" data-change-type="plus" data-auid="increase-product-quantity" alt="Plus" aria-label="Plus">
                    <span class="icon-plus-sign"></span>
                </button>

                <p class="deal-limit-reached hidden">Deal Limit Reached</p>

                <div class="tooltip-qty-error tooltip-qty-limit hidden">
                    <p>
                        Limit to &nbsp; 999 &nbsp;each&nbsp; per customer.</p>
                </div>
                <div class="tooltip-qty-error tooltip-round-error hidden">
                    <p>
                        We do not have this in the weight you wanted. We've rounded your order to the nearest weight increment we stock.</p>
                </div>
            </div>
        </form>

        <!-- End Template: AddToCartSmall -->

    </div>
</div>
<div class="item">

    <div class="module-grocery-product quickview-simple  clicked" data-quickview-ajax-url="/p/20370855001_EA/quickViewProduct" data-product-id="20370855001_EA" data-product-price="$1.98">

        <span class="subtitle"></span>

        <div class="product-page-hotspot">
            <div class="product-cell quickview-button">
                <div class="product-image ">

                    <img src="https://assets.shop.loblaws.ca/products/20370855001/b1/en/front/20370855001_front_a01.png" onerror="this.src='https://assets.shop.loblaws.ca/products/NoImage/b1/en/front/NoImage_front_a01_@2.png';" alt="Potato Chips" />

                    <span class="sticker deal">
	  				        <span class="deal-badge">

	  				            <span class="module-deal-badge module-deal-badge-grid simple-save-unit "
	  						        data-deal-type="$1.98 LIMIT 6"
	  						        data-ajax-promo-url="/simpleDeal/deals/product-tile?productCode=20370855001_EA"
	  						        data-deal-id="20370855001_EA">
	  						        <span class="deal-type">$1.98 LIMIT 6</span>

                    <span class="deal-expiry">
		Exp. 01/03
	</span>

                    </span>
                    </span>
                    </span>

                    <div class="hover-text-container">
                        <button href="#" tabindex="0" class="hover-text " aria-label="Quick View for Potato Chips.">Quick View</button>
                    </div>
                </div>
            </div>

            <div class="product-in-cart">
                <div class="wrapper-product-in-cart">
                    <span>
	  			    In Cart
	  		    </span>
                </div>
            </div>

            <div class="product-info">
                <div class="product-name-wrapper">
                    <a href="/Food/Natural-%26-Organic/Pantry/Snacks-%26-Candy/Hardbite-Potato-Chips/p/20370855001_EA" class="product-name" aria-label="Product page for Potato Chips">

                        <span class="js-product-entry-name">Potato Chips</span>

                        <span class="js-product-entry-size-detail">(150 g)</span>

                    </a>
                </div>

                <span class="ad-match-badge  hidden">Ad Match</span>

                <div class="price">
                    <div class="price-wrapper no-discount promo-alert ">
                        <span class="reg-price  price-alert" aria-label="Regular Price: $1.98">
					    <span class="reg-price-text">$1.98</span>

                        <sup class="reg-price-unit">ea</sup>
                        </span>
                        <span class="sale-price hidden" aria-label="Sale Price:">
					    <span class="sale-price-text"></span>
                        <sup class="sale-price-unit">ea</sup>
                        </span>

                        <span class="secondary-price hidden">

					    <span class="secondary-price-text" aria-label="Secondary Price:"></span>
                        </span>
                    </div>
                </div>

                <div class="qty">
                    <span class="reg-qty  price-alert">

		  		<span class="sr-only">Sale Price Per Unit:</span> $1.32 / 100 g

                    </span>

                    <span class="sale-qty hidden">

		  		<span class="sr-only">Sale Price Per Unit:</span> $1.32 / 100 g

                    </span>

                    <span class="secondary-qty hidden">

	  	<span class="secondary-qty-text"></span>
                    </span>
                </div>
            </div>

        </div>
        <form class="form-product  quickview-btn-simple" data-product-id="20370855001_EA" data-min-qty="1.0" data-max-qty="999.0" data-unit-type="ea" data-cart-qty="1" data-default-qty="1" novalidate="novalidate" promoCode="" promoNumber="" data-is-customized="false" data-cart-url="/cart/product/20370855001_EA" data-csrf-token="5582ec01-90c0-448b-b4f7-e2cf68d9f8a0" data-is-weighted-product="false">

            <div class="module-add-to-cart " data-change-type="plus" data-auto-edit="true" data-auto-add="true" data-cart-ajax-url="/cart/updateCart">
                <div class="wrapper-add-to-cart-btn">
                    <div class="module-add-to-cart-button-small">
                        <button type="button" class="btn btn-secondary btn-add-to-cart " data-auid="add-to-cart-button" data-has-pts-badge="false" aria-label="Add Potato Chips to cart">
                            <span class="icon-cart"></span>
                            <span class="add-to-cart-text">
											Add</span>
                        </button>
                        <button type="button" class="btn btn-secondary btn-edit-cart hidden " aria-label="Edit Cart">
                            <span class="qty-in-cart"></span>
                            <span class="edit-cart-text">
											<spring code="product.edit.text" />"
										</span>
                        </button>
                        <div class="add-list-parent add-list-module  bottom-add-list-module ">
                            <button class="btn btn-inline-link btn-save-to-list  dark is-btn-animated" data-login-url="/account/login?productCode=20370855001_EA" data-ajax-url="/restful/lists/all?productCode=20370855001_EA" data-user-guest="Y" data-user-guest="Y" data-product-code="20370855001_EA" data-delete-item="false" aria-label="Add Potato Chips to a List">
                                <span class="glyphicon glyphicon-th-list"></span>
                                <div class="list-cta-text  is-btn-animated">Add to List</div>
                            </button>

                            <!-- this is the list HTML   -->
                            <div class="save-to-list-popup  is-btn-animated animation-up dark" data-save-to-list-error="Can not get lists at this time. Please try again later." data-product-name="Potato Chips">
                                <div class="inner-container">
                                </div>

                            </div>
                        </div>

                    </div>
                </div>
            </div>

            <div class="module-plus-minus-buttons small hidden ">
                <button type="button" class="btn cart-change-qty" data-change-type="minus" data-auid="decrease-product-quantity" alt="Minus" aria-label="Minus">
                    <span class="icon-minimize"></span>
                </button>
                <div class="plus-minus-input-wrapper">
                    <input class="input-qty cart-change-qty" aria-label="Enter manual quantity" type="text" name="qty" title="Change quantity in cart" data-unit-type="ea" value="1ea" data-change-type="equals" maxlength="7">

                    <span class="input-qty-pretty">
							<span class="input-qty-pretty-value">1</span>
                    <span class="input-qty-pretty-unit"></span>
                    </span>
                </div>

                <button type="button" class="btn cart-change-qty" data-change-type="plus" data-auid="increase-product-quantity" alt="Plus" aria-label="Plus">
                    <span class="icon-plus-sign"></span>
                </button>

                <p class="deal-limit-reached hidden">Deal Limit Reached</p>

                <div class="tooltip-qty-error tooltip-qty-limit hidden">
                    <p>
                        Limit to &nbsp; 999 &nbsp;each&nbsp; per customer.</p>
                </div>
                <div class="tooltip-qty-error tooltip-round-error hidden">
                    <p>
                        We do not have this in the weight you wanted. We've rounded your order to the nearest weight increment we stock.</p>
                </div>
            </div>
        </form>

        <!-- End Template: AddToCartSmall -->

    </div>
</div>
<div class="item">

    <div class="module-grocery-product quickview-simple  clicked" data-quickview-ajax-url="/p/21003830_EA/quickViewProduct" data-product-id="21003830_EA" data-product-price="$1.88">

        <span class="subtitle"></span>

        <div class="product-page-hotspot">
            <div class="product-cell quickview-button">
                <div class="product-image ">

                    <img src="https://assets.shop.loblaws.ca/products/21003830/b1/en/front/21003830_front_a01.png" onerror="this.src='https://assets.shop.loblaws.ca/products/NoImage/b1/en/front/NoImage_front_a01_@2.png';" alt="Salt & Vinegar Flavour Potato Chips" />

                    <span class="sticker deal">
	  				        <span class="deal-badge">

	  				            <span class="module-deal-badge module-deal-badge-grid simple-save-unit "
	  						        data-deal-type="$1.88 LIMIT 4"
	  						        data-ajax-promo-url="/simpleDeal/deals/product-tile?productCode=21003830_EA"
	  						        data-deal-id="21003830_EA">
	  						        <span class="deal-type">$1.88 LIMIT 4</span>

                    <span class="deal-expiry">
		Exp. 12/27
	</span>

                    </span>
                    </span>
                    </span>

                    <div class="hover-text-container">
                        <button href="#" tabindex="0" class="hover-text " aria-label="Quick View for Salt & Vinegar Flavour Potato Chips.">Quick View</button>
                    </div>
                </div>
            </div>

            <div class="product-in-cart">
                <div class="wrapper-product-in-cart">
                    <span>
	  			    In Cart
	  		    </span>
                </div>
            </div>

            <div class="product-info">
                <div class="product-name-wrapper">
                    <a href="/Food/Pantry/Chips-%26-Salty-Snacks/Potato-Chips/Pringles-Salt-%26-Vinegar-Flavour-Potato-Chips/p/21003830_EA" class="product-name" aria-label="Product page for Salt & Vinegar Flavour Potato Chips">
                        <span class="js-product-entry-brand">Pringles&nbsp;</span>

                        <span class="js-product-entry-name">Salt & Vinegar Flavour Potato Chips</span>

                        <span class="js-product-entry-size-detail">(156 g)</span>

                    </a>
                </div>

                <span class="ad-match-badge  hidden">Ad Match</span>

                <div class="price">
                    <div class="price-wrapper no-discount promo-alert ">
                        <span class="reg-price  price-alert" aria-label="Regular Price: $1.88">
					    <span class="reg-price-text">$1.88</span>

                        <sup class="reg-price-unit">ea</sup>
                        </span>
                        <span class="sale-price hidden" aria-label="Sale Price:">
					    <span class="sale-price-text"></span>
                        <sup class="sale-price-unit">ea</sup>
                        </span>

                        <span class="secondary-price hidden">

					    <span class="secondary-price-text" aria-label="Secondary Price:"></span>
                        </span>
                    </div>
                </div>

                <div class="qty">
                    <span class="reg-qty  price-alert">

		  		<span class="sr-only">Sale Price Per Unit:</span> $1.21 / 100 g

                    </span>

                    <span class="sale-qty hidden">

		  		<span class="sr-only">Sale Price Per Unit:</span> $1.21 / 100 g

                    </span>

                    <span class="secondary-qty hidden">

	  	<span class="secondary-qty-text"></span>
                    </span>
                </div>
            </div>

        </div>
        <form class="form-product  quickview-btn-simple" data-product-id="21003830_EA" data-min-qty="1.0" data-max-qty="999.0" data-unit-type="ea" data-cart-qty="1" data-default-qty="1" novalidate="novalidate" promoCode="" promoNumber="" data-is-customized="false" data-cart-url="/cart/product/21003830_EA" data-csrf-token="5582ec01-90c0-448b-b4f7-e2cf68d9f8a0" data-is-weighted-product="false">

            <div class="module-add-to-cart " data-change-type="plus" data-auto-edit="true" data-auto-add="true" data-cart-ajax-url="/cart/updateCart">
                <div class="wrapper-add-to-cart-btn">
                    <div class="module-add-to-cart-button-small">
                        <button type="button" class="btn btn-secondary btn-add-to-cart " data-auid="add-to-cart-button" data-has-pts-badge="false" aria-label="Add Salt & Vinegar Flavour Potato Chips to cart">
                            <span class="icon-cart"></span>
                            <span class="add-to-cart-text">
											Add</span>
                        </button>
                        <button type="button" class="btn btn-secondary btn-edit-cart hidden " aria-label="Edit Cart">
                            <span class="qty-in-cart"></span>
                            <span class="edit-cart-text">
											<spring code="product.edit.text" />"
										</span>
                        </button>
                        <div class="add-list-parent add-list-module  bottom-add-list-module ">
                            <button class="btn btn-inline-link btn-save-to-list  dark is-btn-animated" data-login-url="/account/login?productCode=21003830_EA" data-ajax-url="/restful/lists/all?productCode=21003830_EA" data-user-guest="Y" data-user-guest="Y" data-product-code="21003830_EA" data-delete-item="false" aria-label="Add Salt & Vinegar Flavour Potato Chips to a List">
                                <span class="glyphicon glyphicon-th-list"></span>
                                <div class="list-cta-text  is-btn-animated">Add to List</div>
                            </button>

                            <!-- this is the list HTML   -->
                            <div class="save-to-list-popup  is-btn-animated animation-up dark" data-save-to-list-error="Can not get lists at this time. Please try again later." data-product-name="Salt & Vinegar Flavour Potato Chips">
                                <div class="inner-container">
                                </div>

                            </div>
                        </div>

                    </div>
                </div>
            </div>

            <div class="module-plus-minus-buttons small hidden ">
                <button type="button" class="btn cart-change-qty" data-change-type="minus" data-auid="decrease-product-quantity" alt="Minus" aria-label="Minus">
                    <span class="icon-minimize"></span>
                </button>
                <div class="plus-minus-input-wrapper">
                    <input class="input-qty cart-change-qty" aria-label="Enter manual quantity" type="text" name="qty" title="Change quantity in cart" data-unit-type="ea" value="1ea" data-change-type="equals" maxlength="7">

                    <span class="input-qty-pretty">
							<span class="input-qty-pretty-value">1</span>
                    <span class="input-qty-pretty-unit"></span>
                    </span>
                </div>

                <button type="button" class="btn cart-change-qty" data-change-type="plus" data-auid="increase-product-quantity" alt="Plus" aria-label="Plus">
                    <span class="icon-plus-sign"></span>
                </button>

                <p class="deal-limit-reached hidden">Deal Limit Reached</p>

                <div class="tooltip-qty-error tooltip-qty-limit hidden">
                    <p>
                        Limit to &nbsp; 999 &nbsp;each&nbsp; per customer.</p>
                </div>
                <div class="tooltip-qty-error tooltip-round-error hidden">
                    <p>
                        We do not have this in the weight you wanted. We've rounded your order to the nearest weight increment we stock.</p>
                </div>
            </div>
        </form>

        <!-- End Template: AddToCartSmall -->

    </div>
</div>
<div class="item">

    <div class="module-grocery-product quickview-simple  clicked" data-quickview-ajax-url="/p/20712036004_EA/quickViewProduct" data-product-id="20712036004_EA" data-product-price="$2.88">

        <span class="subtitle"></span>

        <div class="product-page-hotspot">
            <div class="product-cell quickview-button">
                <div class="product-image ">

                    <img src="https://assets.shop.loblaws.ca/products/20712036004/b1/en/front/20712036004_front_a01.png" onerror="this.src='https://assets.shop.loblaws.ca/products/NoImage/b1/en/front/NoImage_front_a01_@2.png';" alt="Potato Chips, Regular" />

                    <div class="hover-text-container">
                        <button href="#" tabindex="0" class="hover-text " aria-label="Quick View for Potato Chips, Regular.">Quick View</button>
                    </div>
                </div>
            </div>

            <div class="product-in-cart">
                <div class="wrapper-product-in-cart">
                    <span>
	  			    In Cart
	  		    </span>
                </div>
            </div>

            <div class="product-info">
                <div class="product-name-wrapper">
                    <a href="/Food/Pantry/Chips-%26-Salty-Snacks/Potato-Chips/Old-Dutch-Potato-Chips%2C-Regular/p/20712036004_EA" class="product-name" aria-label="Product page for Potato Chips, Regular">
                        <span class="js-product-entry-brand">Old Dutch&nbsp;</span>

                        <span class="js-product-entry-name">Potato Chips, Regular</span>

                        <span class="js-product-entry-size-detail">(220 g)</span>

                    </a>
                </div>

                <span class="ad-match-badge  hidden">Ad Match</span>

                <div class="price">
                    <div class="price-wrapper no-discount  ">
                        <span class="reg-price  " aria-label="Regular Price: $2.88">
					    <span class="reg-price-text">$2.88</span>

                        <sup class="reg-price-unit">ea</sup>
                        </span>
                        <span class="sale-price hidden" aria-label="Sale Price:">
					    <span class="sale-price-text"></span>
                        <sup class="sale-price-unit">ea</sup>
                        </span>

                        <span class="secondary-price hidden">

					    <span class="secondary-price-text" aria-label="Secondary Price:"></span>
                        </span>
                    </div>
                </div>

                <div class="qty">
                    <span class="reg-qty  ">

		  		<span class="sr-only">Sale Price Per Unit:</span> $1.31 / 100 g

                    </span>

                    <span class="sale-qty hidden">

		  		<span class="sr-only">Sale Price Per Unit:</span> $1.31 / 100 g

                    </span>

                    <span class="secondary-qty hidden">

	  	<span class="secondary-qty-text"></span>
                    </span>
                </div>
            </div>

        </div>
        <form class="form-product  quickview-btn-simple" data-product-id="20712036004_EA" data-min-qty="1.0" data-max-qty="999.0" data-unit-type="ea" data-cart-qty="1" data-default-qty="1" novalidate="novalidate" promoCode="" promoNumber="" data-is-customized="false" data-cart-url="/cart/product/20712036004_EA" data-csrf-token="5582ec01-90c0-448b-b4f7-e2cf68d9f8a0" data-is-weighted-product="false">

            <div class="module-add-to-cart " data-change-type="plus" data-auto-edit="true" data-auto-add="true" data-cart-ajax-url="/cart/updateCart">
                <div class="wrapper-add-to-cart-btn">
                    <div class="module-add-to-cart-button-small">
                        <button type="button" class="btn btn-secondary btn-add-to-cart " data-auid="add-to-cart-button" data-has-pts-badge="false" aria-label="Add Potato Chips, Regular to cart">
                            <span class="icon-cart"></span>
                            <span class="add-to-cart-text">
											Add</span>
                        </button>
                        <button type="button" class="btn btn-secondary btn-edit-cart hidden " aria-label="Edit Cart">
                            <span class="qty-in-cart"></span>
                            <span class="edit-cart-text">
											<spring code="product.edit.text" />"
										</span>
                        </button>
                        <div class="add-list-parent add-list-module  bottom-add-list-module ">
                            <button class="btn btn-inline-link btn-save-to-list  dark is-btn-animated" data-login-url="/account/login?productCode=20712036004_EA" data-ajax-url="/restful/lists/all?productCode=20712036004_EA" data-user-guest="Y" data-user-guest="Y" data-product-code="20712036004_EA" data-delete-item="false" aria-label="Add Potato Chips, Regular to a List">
                                <span class="glyphicon glyphicon-th-list"></span>
                                <div class="list-cta-text  is-btn-animated">Add to List</div>
                            </button>

                            <!-- this is the list HTML   -->
                            <div class="save-to-list-popup  is-btn-animated animation-up dark" data-save-to-list-error="Can not get lists at this time. Please try again later." data-product-name="Potato Chips, Regular">
                                <div class="inner-container">
                                </div>

                            </div>
                        </div>

                    </div>
                </div>
            </div>

            <div class="module-plus-minus-buttons small hidden ">
                <button type="button" class="btn cart-change-qty" data-change-type="minus" data-auid="decrease-product-quantity" alt="Minus" aria-label="Minus">
                    <span class="icon-minimize"></span>
                </button>
                <div class="plus-minus-input-wrapper">
                    <input class="input-qty cart-change-qty" aria-label="Enter manual quantity" type="text" name="qty" title="Change quantity in cart" data-unit-type="ea" value="1ea" data-change-type="equals" maxlength="7">

                    <span class="input-qty-pretty">
							<span class="input-qty-pretty-value">1</span>
                    <span class="input-qty-pretty-unit"></span>
                    </span>
                </div>

                <button type="button" class="btn cart-change-qty" data-change-type="plus" data-auid="increase-product-quantity" alt="Plus" aria-label="Plus">
                    <span class="icon-plus-sign"></span>
                </button>

                <p class="deal-limit-reached hidden">Deal Limit Reached</p>

                <div class="tooltip-qty-error tooltip-qty-limit hidden">
                    <p>
                        Limit to &nbsp; 999 &nbsp;each&nbsp; per customer.</p>
                </div>
                <div class="tooltip-qty-error tooltip-round-error hidden">
                    <p>
                        We do not have this in the weight you wanted. We've rounded your order to the nearest weight increment we stock.</p>
                </div>
            </div>
        </form>

        <!-- End Template: AddToCartSmall -->

    </div>
</div>
<div class="item">

    <div class="module-grocery-product quickview-simple  clicked" data-quickview-ajax-url="/p/21037970_EA/quickViewProduct" data-product-id="21037970_EA" data-product-price="$3.68">

        <span class="subtitle"></span>

        <div class="product-page-hotspot">
            <div class="product-cell quickview-button">
                <div class="product-image ">

                    <img src="https://assets.shop.loblaws.ca/products/21037970/b1/en/front/21037970_front_a01.png" onerror="this.src='https://assets.shop.loblaws.ca/products/NoImage/b1/en/front/NoImage_front_a01_@2.png';" alt="Takis Explosion Chips" />

                    <div class="hover-text-container">
                        <button href="#" tabindex="0" class="hover-text " aria-label="Quick View for Takis Explosion Chips.">Quick View</button>
                    </div>
                </div>
            </div>

            <div class="product-in-cart">
                <div class="wrapper-product-in-cart">
                    <span>
	  			    In Cart
	  		    </span>
                </div>
            </div>

            <div class="product-info">
                <div class="product-name-wrapper">
                    <a href="/Food/Pantry/Chips-%26-Salty-Snacks/Potato-Chips/Barcel-Takis-Explosion-Chips/p/21037970_EA" class="product-name" aria-label="Product page for Takis Explosion Chips">

                        <span class="js-product-entry-name">Takis Explosion Chips</span>

                        <span class="js-product-entry-size-detail">(280 g)</span>

                    </a>
                </div>

                <span class="ad-match-badge  hidden">Ad Match</span>

                <div class="price">
                    <div class="price-wrapper no-discount  ">
                        <span class="reg-price  " aria-label="Regular Price: $3.68">
					    <span class="reg-price-text">$3.68</span>

                        <sup class="reg-price-unit">ea</sup>
                        </span>
                        <span class="sale-price hidden" aria-label="Sale Price:">
					    <span class="sale-price-text"></span>
                        <sup class="sale-price-unit">ea</sup>
                        </span>

                        <span class="secondary-price hidden">

					    <span class="secondary-price-text" aria-label="Secondary Price:"></span>
                        </span>
                    </div>
                </div>

                <div class="qty">
                    <span class="reg-qty  ">

		  		<span class="sr-only">Sale Price Per Unit:</span> $1.31 / 100 g

                    </span>

                    <span class="sale-qty hidden">

		  		<span class="sr-only">Sale Price Per Unit:</span> $1.31 / 100 g

                    </span>

                    <span class="secondary-qty hidden">

	  	<span class="secondary-qty-text"></span>
                    </span>
                </div>
            </div>

        </div>
        <form class="form-product  quickview-btn-simple" data-product-id="21037970_EA" data-min-qty="1.0" data-max-qty="999.0" data-unit-type="ea" data-cart-qty="1" data-default-qty="1" novalidate="novalidate" promoCode="" promoNumber="" data-is-customized="false" data-cart-url="/cart/product/21037970_EA" data-csrf-token="5582ec01-90c0-448b-b4f7-e2cf68d9f8a0" data-is-weighted-product="false">

            <div class="module-add-to-cart " data-change-type="plus" data-auto-edit="true" data-auto-add="true" data-cart-ajax-url="/cart/updateCart">
                <div class="wrapper-add-to-cart-btn">
                    <div class="module-add-to-cart-button-small">
                        <button type="button" class="btn btn-secondary btn-add-to-cart " data-auid="add-to-cart-button" data-has-pts-badge="false" aria-label="Add Takis Explosion Chips to cart">
                            <span class="icon-cart"></span>
                            <span class="add-to-cart-text">
											Add</span>
                        </button>
                        <button type="button" class="btn btn-secondary btn-edit-cart hidden " aria-label="Edit Cart">
                            <span class="qty-in-cart"></span>
                            <span class="edit-cart-text">
											<spring code="product.edit.text" />"
										</span>
                        </button>
                        <div class="add-list-parent add-list-module  bottom-add-list-module ">
                            <button class="btn btn-inline-link btn-save-to-list  dark is-btn-animated" data-login-url="/account/login?productCode=21037970_EA" data-ajax-url="/restful/lists/all?productCode=21037970_EA" data-user-guest="Y" data-user-guest="Y" data-product-code="21037970_EA" data-delete-item="false" aria-label="Add Takis Explosion Chips to a List">
                                <span class="glyphicon glyphicon-th-list"></span>
                                <div class="list-cta-text  is-btn-animated">Add to List</div>
                            </button>

                            <!-- this is the list HTML   -->
                            <div class="save-to-list-popup  is-btn-animated animation-up dark" data-save-to-list-error="Can not get lists at this time. Please try again later." data-product-name="Takis Explosion Chips">
                                <div class="inner-container">
                                </div>

                            </div>
                        </div>

                    </div>
                </div>
            </div>

            <div class="module-plus-minus-buttons small hidden ">
                <button type="button" class="btn cart-change-qty" data-change-type="minus" data-auid="decrease-product-quantity" alt="Minus" aria-label="Minus">
                    <span class="icon-minimize"></span>
                </button>
                <div class="plus-minus-input-wrapper">
                    <input class="input-qty cart-change-qty" aria-label="Enter manual quantity" type="text" name="qty" title="Change quantity in cart" data-unit-type="ea" value="1ea" data-change-type="equals" maxlength="7">

                    <span class="input-qty-pretty">
							<span class="input-qty-pretty-value">1</span>
                    <span class="input-qty-pretty-unit"></span>
                    </span>
                </div>

                <button type="button" class="btn cart-change-qty" data-change-type="plus" data-auid="increase-product-quantity" alt="Plus" aria-label="Plus">
                    <span class="icon-plus-sign"></span>
                </button>

                <p class="deal-limit-reached hidden">Deal Limit Reached</p>

                <div class="tooltip-qty-error tooltip-qty-limit hidden">
                    <p>
                        Limit to &nbsp; 999 &nbsp;each&nbsp; per customer.</p>
                </div>
                <div class="tooltip-qty-error tooltip-round-error hidden">
                    <p>
                        We do not have this in the weight you wanted. We've rounded your order to the nearest weight increment we stock.</p>
                </div>
            </div>
        </form>

        <!-- End Template: AddToCartSmall -->

    </div>
</div>
<div class="item">

    <div class="module-grocery-product quickview-simple  clicked" data-quickview-ajax-url="/p/21031315_EA/quickViewProduct" data-product-id="21031315_EA" data-product-price="$2.98">

        <span class="subtitle"></span>

        <div class="product-page-hotspot">
            <div class="product-cell quickview-button">
                <div class="product-image ">

                    <img src="https://assets.shop.loblaws.ca/products/21031315/b1/en/front/21031315_front_a01.png" onerror="this.src='https://assets.shop.loblaws.ca/products/NoImage/b1/en/front/NoImage_front_a01_@2.png';" alt="Blue Corn Tortilla Chips" />

                    <span class="sticker deal">
	  				        <span class="deal-badge">

	  				            <span class="module-deal-badge module-deal-badge-grid simple-save-unit "
	  						        data-deal-type="$2.98 LIMIT 4"
	  						        data-ajax-promo-url="/simpleDeal/deals/product-tile?productCode=21031315_EA"
	  						        data-deal-id="21031315_EA">
	  						        <span class="deal-type">$2.98 LIMIT 4</span>

                    <span class="deal-expiry">
		Exp. 12/27
	</span>

                    </span>
                    </span>
                    </span>

                    <div class="hover-text-container">
                        <button href="#" tabindex="0" class="hover-text " aria-label="Quick View for Blue Corn Tortilla Chips.">Quick View</button>
                    </div>
                </div>
            </div>

            <div class="product-in-cart">
                <div class="wrapper-product-in-cart">
                    <span>
	  			    In Cart
	  		    </span>
                </div>
            </div>

            <div class="product-info">
                <div class="product-name-wrapper">
                    <a href="/Food/Pantry/Chips-%26-Salty-Snacks/Potato-Chips/Que-Pasa-Blue-Corn-Tortilla-Chips/p/21031315_EA" class="product-name" aria-label="Product page for Blue Corn Tortilla Chips">
                        <span class="js-product-entry-brand">Que Pasa&nbsp;</span>

                        <span class="js-product-entry-name">Blue Corn Tortilla Chips</span>

                        <span class="js-product-entry-size-detail">(350 g)</span>

                    </a>
                </div>

                <span class="ad-match-badge  hidden">Ad Match</span>

                <div class="price">
                    <div class="price-wrapper no-discount promo-alert ">
                        <span class="reg-price  price-alert" aria-label="Regular Price: $2.98">
					    <span class="reg-price-text">$2.98</span>

                        <sup class="reg-price-unit">ea</sup>
                        </span>
                        <span class="sale-price hidden" aria-label="Sale Price:">
					    <span class="sale-price-text"></span>
                        <sup class="sale-price-unit">ea</sup>
                        </span>

                        <span class="secondary-price hidden">

					    <span class="secondary-price-text" aria-label="Secondary Price:"></span>
                        </span>
                    </div>
                </div>

                <div class="qty">
                    <span class="reg-qty  price-alert">

		  		<span class="sr-only">Sale Price Per Unit:</span> $0.85 / 100 g

                    </span>

                    <span class="sale-qty hidden">

		  		<span class="sr-only">Sale Price Per Unit:</span> $0.85 / 100 g

                    </span>

                    <span class="secondary-qty hidden">

	  	<span class="secondary-qty-text"></span>
                    </span>
                </div>
            </div>

        </div>
        <form class="form-product  quickview-btn-simple" data-product-id="21031315_EA" data-min-qty="1.0" data-max-qty="999.0" data-unit-type="ea" data-cart-qty="1" data-default-qty="1" novalidate="novalidate" promoCode="" promoNumber="" data-is-customized="false" data-cart-url="/cart/product/21031315_EA" data-csrf-token="5582ec01-90c0-448b-b4f7-e2cf68d9f8a0" data-is-weighted-product="false">

            <div class="module-add-to-cart " data-change-type="plus" data-auto-edit="true" data-auto-add="true" data-cart-ajax-url="/cart/updateCart">
                <div class="wrapper-add-to-cart-btn">
                    <div class="module-add-to-cart-button-small">
                        <button type="button" class="btn btn-secondary btn-add-to-cart " data-auid="add-to-cart-button" data-has-pts-badge="false" aria-label="Add Blue Corn Tortilla Chips to cart">
                            <span class="icon-cart"></span>
                            <span class="add-to-cart-text">
											Add</span>
                        </button>
                        <button type="button" class="btn btn-secondary btn-edit-cart hidden " aria-label="Edit Cart">
                            <span class="qty-in-cart"></span>
                            <span class="edit-cart-text">
											<spring code="product.edit.text" />"
										</span>
                        </button>
                        <div class="add-list-parent add-list-module  bottom-add-list-module ">
                            <button class="btn btn-inline-link btn-save-to-list  dark is-btn-animated" data-login-url="/account/login?productCode=21031315_EA" data-ajax-url="/restful/lists/all?productCode=21031315_EA" data-user-guest="Y" data-user-guest="Y" data-product-code="21031315_EA" data-delete-item="false" aria-label="Add Blue Corn Tortilla Chips to a List">
                                <span class="glyphicon glyphicon-th-list"></span>
                                <div class="list-cta-text  is-btn-animated">Add to List</div>
                            </button>

                            <!-- this is the list HTML   -->
                            <div class="save-to-list-popup  is-btn-animated animation-up dark" data-save-to-list-error="Can not get lists at this time. Please try again later." data-product-name="Blue Corn Tortilla Chips">
                                <div class="inner-container">
                                </div>

                            </div>
                        </div>

                    </div>
                </div>
            </div>

            <div class="module-plus-minus-buttons small hidden ">
                <button type="button" class="btn cart-change-qty" data-change-type="minus" data-auid="decrease-product-quantity" alt="Minus" aria-label="Minus">
                    <span class="icon-minimize"></span>
                </button>
                <div class="plus-minus-input-wrapper">
                    <input class="input-qty cart-change-qty" aria-label="Enter manual quantity" type="text" name="qty" title="Change quantity in cart" data-unit-type="ea" value="1ea" data-change-type="equals" maxlength="7">

                    <span class="input-qty-pretty">
							<span class="input-qty-pretty-value">1</span>
                    <span class="input-qty-pretty-unit"></span>
                    </span>
                </div>

                <button type="button" class="btn cart-change-qty" data-change-type="plus" data-auid="increase-product-quantity" alt="Plus" aria-label="Plus">
                    <span class="icon-plus-sign"></span>
                </button>

                <p class="deal-limit-reached hidden">Deal Limit Reached</p>

                <div class="tooltip-qty-error tooltip-qty-limit hidden">
                    <p>
                        Limit to &nbsp; 999 &nbsp;each&nbsp; per customer.</p>
                </div>
                <div class="tooltip-qty-error tooltip-round-error hidden">
                    <p>
                        We do not have this in the weight you wanted. We've rounded your order to the nearest weight increment we stock.</p>
                </div>
            </div>
        </form>

        <!-- End Template: AddToCartSmall -->

    </div>
</div>
<div class="item">

    <div class="module-grocery-product quickview-simple  clicked" data-quickview-ajax-url="/p/21029671_EA/quickViewProduct" data-product-id="21029671_EA" data-product-price="$3.48">

        <span class="subtitle"></span>

        <div class="product-page-hotspot">
            <div class="product-cell quickview-button">
                <div class="product-image ">

                    <img src="https://assets.shop.loblaws.ca/products/21029671/b1/en/front/21029671_front_a01.png" onerror="this.src='https://assets.shop.loblaws.ca/products/NoImage/b1/en/front/NoImage_front_a01_@2.png';" alt="Organic Vegan Jalapeo & Lime Tortilla Chips" />

                    <span class="sticker deal">
	  				    <span class="deal-badge">
	  					    <span class="module-deal-badge module-deal-badge-feature flyer expires undefined">
	  						    <span class="deal-type">
								    Flyer<br />
	  							    Item
	  						    </span>

                    <span class="deal-expiry">
		Exp. 12/19
	</span>

                    </span>
                    </span>
                    </span>

                    <div class="hover-text-container">
                        <button href="#" tabindex="0" class="hover-text " aria-label="Quick View for Organic Vegan Jalapeo & Lime Tortilla Chips.">Quick View</button>
                    </div>
                </div>
            </div>

            <div class="product-in-cart">
                <div class="wrapper-product-in-cart">
                    <span>
	  			    In Cart
	  		    </span>
                </div>
            </div>

            <div class="product-info">
                <div class="product-name-wrapper">
                    <a href="/Food/Pantry/Chips-%26-Salty-Snacks/Potato-Chips/Que-Pasa-Organic-Vegan-Jalape%C3%83%C2%B1o-%26-Lime-Tortilla-Chips/p/21029671_EA" class="product-name" aria-label="Product page for Organic Vegan Jalapeo & Lime Tortilla Chips">
                        <span class="js-product-entry-brand">Que Pasa&nbsp;</span>

                        <span class="js-product-entry-name">Organic Vegan Jalapeo & Lime Tortilla Chips</span>

                        <span class="js-product-entry-size-detail">(156 g)</span>

                    </a>
                </div>

                <span class="ad-match-badge  hidden">Ad Match</span>

                <div class="price">
                    <div class="price-wrapper no-discount  ">
                        <span class="reg-price  " aria-label="Regular Price: $3.48">
					    <span class="reg-price-text">$3.48</span>

                        <sup class="reg-price-unit">ea</sup>
                        </span>
                        <span class="sale-price hidden" aria-label="Sale Price:">
					    <span class="sale-price-text"></span>
                        <sup class="sale-price-unit">ea</sup>
                        </span>

                        <span class="secondary-price hidden">

					    <span class="secondary-price-text" aria-label="Secondary Price:"></span>
                        </span>
                    </div>
                </div>

                <div class="qty">
                    <span class="reg-qty  ">

		  		<span class="sr-only">Sale Price Per Unit:</span> $2.23 / 100 g

                    </span>

                    <span class="sale-qty hidden">

		  		<span class="sr-only">Sale Price Per Unit:</span> $2.23 / 100 g

                    </span>

                    <span class="secondary-qty hidden">

	  	<span class="secondary-qty-text"></span>
                    </span>
                </div>
            </div>

        </div>
        <form class="form-product  quickview-btn-simple" data-product-id="21029671_EA" data-min-qty="1.0" data-max-qty="999.0" data-unit-type="ea" data-cart-qty="1" data-default-qty="1" novalidate="novalidate" promoCode="" promoNumber="" data-is-customized="false" data-cart-url="/cart/product/21029671_EA" data-csrf-token="5582ec01-90c0-448b-b4f7-e2cf68d9f8a0" data-is-weighted-product="false">

            <div class="module-add-to-cart " data-change-type="plus" data-auto-edit="true" data-auto-add="true" data-cart-ajax-url="/cart/updateCart">
                <div class="wrapper-add-to-cart-btn">
                    <div class="module-add-to-cart-button-small">
                        <button type="button" class="btn btn-secondary btn-add-to-cart " data-auid="add-to-cart-button" data-has-pts-badge="false" aria-label="Add Organic Vegan Jalapeo & Lime Tortilla Chips to cart">
                            <span class="icon-cart"></span>
                            <span class="add-to-cart-text">
											Add</span>
                        </button>
                        <button type="button" class="btn btn-secondary btn-edit-cart hidden " aria-label="Edit Cart">
                            <span class="qty-in-cart"></span>
                            <span class="edit-cart-text">
											<spring code="product.edit.text" />"
										</span>
                        </button>
                        <div class="add-list-parent add-list-module  bottom-add-list-module ">
                            <button class="btn btn-inline-link btn-save-to-list  dark is-btn-animated" data-login-url="/account/login?productCode=21029671_EA" data-ajax-url="/restful/lists/all?productCode=21029671_EA" data-user-guest="Y" data-user-guest="Y" data-product-code="21029671_EA" data-delete-item="false" aria-label="Add Organic Vegan Jalapeo & Lime Tortilla Chips to a List">
                                <span class="glyphicon glyphicon-th-list"></span>
                                <div class="list-cta-text  is-btn-animated">Add to List</div>
                            </button>

                            <!-- this is the list HTML   -->
                            <div class="save-to-list-popup  is-btn-animated animation-up dark" data-save-to-list-error="Can not get lists at this time. Please try again later." data-product-name="Organic Vegan Jalapeo & Lime Tortilla Chips">
                                <div class="inner-container">
                                </div>

                            </div>
                        </div>

                    </div>
                </div>
            </div>

            <div class="module-plus-minus-buttons small hidden ">
                <button type="button" class="btn cart-change-qty" data-change-type="minus" data-auid="decrease-product-quantity" alt="Minus" aria-label="Minus">
                    <span class="icon-minimize"></span>
                </button>
                <div class="plus-minus-input-wrapper">
                    <input class="input-qty cart-change-qty" aria-label="Enter manual quantity" type="text" name="qty" title="Change quantity in cart" data-unit-type="ea" value="1ea" data-change-type="equals" maxlength="7">

                    <span class="input-qty-pretty">
							<span class="input-qty-pretty-value">1</span>
                    <span class="input-qty-pretty-unit"></span>
                    </span>
                </div>

                <button type="button" class="btn cart-change-qty" data-change-type="plus" data-auid="increase-product-quantity" alt="Plus" aria-label="Plus">
                    <span class="icon-plus-sign"></span>
                </button>

                <p class="deal-limit-reached hidden">Deal Limit Reached</p>

                <div class="tooltip-qty-error tooltip-qty-limit hidden">
                    <p>
                        Limit to &nbsp; 999 &nbsp;each&nbsp; per customer.</p>
                </div>
                <div class="tooltip-qty-error tooltip-round-error hidden">
                    <p>
                        We do not have this in the weight you wanted. We've rounded your order to the nearest weight increment we stock.</p>
                </div>
            </div>
        </form>

        <!-- End Template: AddToCartSmall -->

    </div>
</div>
<div class="item">

    <div class="module-grocery-product quickview-simple  clicked" data-quickview-ajax-url="/p/20077297_EA/quickViewProduct" data-product-id="20077297_EA" data-product-price="$1.98">

        <span class="subtitle"></span>

        <div class="product-page-hotspot">
            <div class="product-cell quickview-button">
                <div class="product-image ">

                    <img src="https://assets.shop.loblaws.ca/products/20077297/b1/en/front/20077297_front_a01.png" onerror="this.src='https://assets.shop.loblaws.ca/products/NoImage/b1/en/front/NoImage_front_a01_@2.png';" alt="Potato Chips, BBQ" />

                    <span class="sticker deal">
	  				        <span class="deal-badge">

	  				            <span class="module-deal-badge module-deal-badge-grid simple-save-unit "
	  						        data-deal-type="2 FOR $3.56"
	  						        data-ajax-promo-url="/simpleDeal/deals/product-tile?productCode=20077297_EA"
	  						        data-deal-id="20077297_EA">
	  						        <span class="deal-type">2 FOR $3.56</span>

                    <span class="deal-expiry">
		Exp. 12/31
	</span>

                    </span>
                    </span>
                    </span>

                    <div class="hover-text-container">
                        <button href="#" tabindex="0" class="hover-text " aria-label="Quick View for Potato Chips, BBQ.">Quick View</button>
                    </div>
                </div>
            </div>

            <div class="product-in-cart">
                <div class="wrapper-product-in-cart">
                    <span>
	  			    In Cart
	  		    </span>
                </div>
            </div>

            <div class="product-info">
                <div class="product-name-wrapper">
                    <a href="/Food/Pantry/Chips-%26-Salty-Snacks/Potato-Chips/Potato-Chips%2C-BBQ/p/20077297_EA" class="product-name" aria-label="Product page for Potato Chips, BBQ">

                        <span class="js-product-entry-name">Potato Chips, BBQ</span>

                        <span class="js-product-entry-size-detail">(160 g)</span>

                    </a>
                </div>

                <span class="ad-match-badge  hidden">Ad Match</span>

                <div class="price">
                    <div class="price-wrapper no-discount  ">
                        <span class="reg-price  " aria-label="Regular Price: $1.98">
					    <span class="reg-price-text">$1.98</span>

                        <sup class="reg-price-unit">ea</sup>
                        </span>
                        <span class="sale-price hidden" aria-label="Sale Price:">
					    <span class="sale-price-text"></span>
                        <sup class="sale-price-unit">ea</sup>
                        </span>

                        <span class="secondary-price hidden">

					    <span class="secondary-price-text" aria-label="Secondary Price:"></span>
                        </span>
                    </div>
                </div>

                <div class="qty">
                    <span class="reg-qty  ">

		  		<span class="sr-only">Sale Price Per Unit:</span> $1.24 / 100 g

                    </span>

                    <span class="sale-qty hidden">

		  		<span class="sr-only">Sale Price Per Unit:</span> $1.24 / 100 g

                    </span>

                    <span class="secondary-qty hidden">

	  	<span class="secondary-qty-text"></span>
                    </span>
                </div>
            </div>

        </div>
        <form class="form-product  quickview-btn-simple" data-product-id="20077297_EA" data-min-qty="1.0" data-max-qty="999.0" data-unit-type="ea" data-cart-qty="1" data-default-qty="1" novalidate="novalidate" promoCode="" promoNumber="" data-is-customized="false" data-cart-url="/cart/product/20077297_EA" data-csrf-token="5582ec01-90c0-448b-b4f7-e2cf68d9f8a0" data-is-weighted-product="false">

            <div class="module-add-to-cart " data-change-type="plus" data-auto-edit="true" data-auto-add="true" data-cart-ajax-url="/cart/updateCart">
                <div class="wrapper-add-to-cart-btn">
                    <div class="module-add-to-cart-button-small">
                        <button type="button" class="btn btn-secondary btn-add-to-cart " data-auid="add-to-cart-button" data-has-pts-badge="false" aria-label="Add Potato Chips, BBQ to cart">
                            <span class="icon-cart"></span>
                            <span class="add-to-cart-text">
											Add</span>
                        </button>
                        <button type="button" class="btn btn-secondary btn-edit-cart hidden " aria-label="Edit Cart">
                            <span class="qty-in-cart"></span>
                            <span class="edit-cart-text">
											<spring code="product.edit.text" />"
										</span>
                        </button>
                        <div class="add-list-parent add-list-module  bottom-add-list-module ">
                            <button class="btn btn-inline-link btn-save-to-list  dark is-btn-animated" data-login-url="/account/login?productCode=20077297_EA" data-ajax-url="/restful/lists/all?productCode=20077297_EA" data-user-guest="Y" data-user-guest="Y" data-product-code="20077297_EA" data-delete-item="false" aria-label="Add Potato Chips, BBQ to a List">
                                <span class="glyphicon glyphicon-th-list"></span>
                                <div class="list-cta-text  is-btn-animated">Add to List</div>
                            </button>

                            <!-- this is the list HTML   -->
                            <div class="save-to-list-popup  is-btn-animated animation-up dark" data-save-to-list-error="Can not get lists at this time. Please try again later." data-product-name="Potato Chips, BBQ">
                                <div class="inner-container">
                                </div>

                            </div>
                        </div>

                    </div>
                </div>
            </div>

            <div class="module-plus-minus-buttons small hidden ">
                <button type="button" class="btn cart-change-qty" data-change-type="minus" data-auid="decrease-product-quantity" alt="Minus" aria-label="Minus">
                    <span class="icon-minimize"></span>
                </button>
                <div class="plus-minus-input-wrapper">
                    <input class="input-qty cart-change-qty" aria-label="Enter manual quantity" type="text" name="qty" title="Change quantity in cart" data-unit-type="ea" value="1ea" data-change-type="equals" maxlength="7">

                    <span class="input-qty-pretty">
							<span class="input-qty-pretty-value">1</span>
                    <span class="input-qty-pretty-unit"></span>
                    </span>
                </div>

                <button type="button" class="btn cart-change-qty" data-change-type="plus" data-auid="increase-product-quantity" alt="Plus" aria-label="Plus">
                    <span class="icon-plus-sign"></span>
                </button>

                <p class="deal-limit-reached hidden">Deal Limit Reached</p>

                <div class="tooltip-qty-error tooltip-qty-limit hidden">
                    <p>
                        Limit to &nbsp; 999 &nbsp;each&nbsp; per customer.</p>
                </div>
                <div class="tooltip-qty-error tooltip-round-error hidden">
                    <p>
                        We do not have this in the weight you wanted. We've rounded your order to the nearest weight increment we stock.</p>
                </div>
            </div>
        </form>

        <!-- End Template: AddToCartSmall -->

    </div>
</div>
<div class="item">

    <div class="module-grocery-product quickview-simple  clicked" data-quickview-ajax-url="/p/21029595_EA/quickViewProduct" data-product-id="21029595_EA" data-product-price="$3.48">

        <span class="subtitle"></span>

        <div class="product-page-hotspot">
            <div class="product-cell quickview-button">
                <div class="product-image ">

                    <img src="https://assets.shop.loblaws.ca/products/21029595/b1/en/front/21029595_front_a01.png" onerror="this.src='https://assets.shop.loblaws.ca/products/NoImage/b1/en/front/NoImage_front_a01_@2.png';" alt="Organic Vegan Nacho Tortilla Chips" />

                    <span class="sticker deal">
	  				    <span class="deal-badge">
	  					    <span class="module-deal-badge module-deal-badge-feature flyer expires undefined">
	  						    <span class="deal-type">
								    Flyer<br />
	  							    Item
	  						    </span>

                    <span class="deal-expiry">
		Exp. 12/19
	</span>

                    </span>
                    </span>
                    </span>

                    <div class="hover-text-container">
                        <button href="#" tabindex="0" class="hover-text " aria-label="Quick View for Organic Vegan Nacho Tortilla Chips.">Quick View</button>
                    </div>
                </div>
            </div>

            <div class="product-in-cart">
                <div class="wrapper-product-in-cart">
                    <span>
	  			    In Cart
	  		    </span>
                </div>
            </div>

            <div class="product-info">
                <div class="product-name-wrapper">
                    <a href="/Food/Pantry/Chips-%26-Salty-Snacks/Potato-Chips/Que-Pasa-Organic-Vegan-Nacho-Tortilla-Chips/p/21029595_EA" class="product-name" aria-label="Product page for Organic Vegan Nacho Tortilla Chips">
                        <span class="js-product-entry-brand">Que Pasa&nbsp;</span>

                        <span class="js-product-entry-name">Organic Vegan Nacho Tortilla Chips</span>

                        <span class="js-product-entry-size-detail">(156 g)</span>

                    </a>
                </div>

                <span class="ad-match-badge  hidden">Ad Match</span>

                <div class="price">
                    <div class="price-wrapper no-discount  ">
                        <span class="reg-price  " aria-label="Regular Price: $3.48">
					    <span class="reg-price-text">$3.48</span>

                        <sup class="reg-price-unit">ea</sup>
                        </span>
                        <span class="sale-price hidden" aria-label="Sale Price:">
					    <span class="sale-price-text"></span>
                        <sup class="sale-price-unit">ea</sup>
                        </span>

                        <span class="secondary-price hidden">

					    <span class="secondary-price-text" aria-label="Secondary Price:"></span>
                        </span>
                    </div>
                </div>

                <div class="qty">
                    <span class="reg-qty  ">

		  		<span class="sr-only">Sale Price Per Unit:</span> $2.23 / 100 g

                    </span>

                    <span class="sale-qty hidden">

		  		<span class="sr-only">Sale Price Per Unit:</span> $2.23 / 100 g

                    </span>

                    <span class="secondary-qty hidden">

	  	<span class="secondary-qty-text"></span>
                    </span>
                </div>
            </div>

        </div>
        <form class="form-product  quickview-btn-simple" data-product-id="21029595_EA" data-min-qty="1.0" data-max-qty="999.0" data-unit-type="ea" data-cart-qty="1" data-default-qty="1" novalidate="novalidate" promoCode="" promoNumber="" data-is-customized="false" data-cart-url="/cart/product/21029595_EA" data-csrf-token="5582ec01-90c0-448b-b4f7-e2cf68d9f8a0" data-is-weighted-product="false">

            <div class="module-add-to-cart " data-change-type="plus" data-auto-edit="true" data-auto-add="true" data-cart-ajax-url="/cart/updateCart">
                <div class="wrapper-add-to-cart-btn">
                    <div class="module-add-to-cart-button-small">
                        <button type="button" class="btn btn-secondary btn-add-to-cart " data-auid="add-to-cart-button" data-has-pts-badge="false" aria-label="Add Organic Vegan Nacho Tortilla Chips to cart">
                            <span class="icon-cart"></span>
                            <span class="add-to-cart-text">
											Add</span>
                        </button>
                        <button type="button" class="btn btn-secondary btn-edit-cart hidden " aria-label="Edit Cart">
                            <span class="qty-in-cart"></span>
                            <span class="edit-cart-text">
											<spring code="product.edit.text" />"
										</span>
                        </button>
                        <div class="add-list-parent add-list-module  bottom-add-list-module ">
                            <button class="btn btn-inline-link btn-save-to-list  dark is-btn-animated" data-login-url="/account/login?productCode=21029595_EA" data-ajax-url="/restful/lists/all?productCode=21029595_EA" data-user-guest="Y" data-user-guest="Y" data-product-code="21029595_EA" data-delete-item="false" aria-label="Add Organic Vegan Nacho Tortilla Chips to a List">
                                <span class="glyphicon glyphicon-th-list"></span>
                                <div class="list-cta-text  is-btn-animated">Add to List</div>
                            </button>

                            <!-- this is the list HTML   -->
                            <div class="save-to-list-popup  is-btn-animated animation-up dark" data-save-to-list-error="Can not get lists at this time. Please try again later." data-product-name="Organic Vegan Nacho Tortilla Chips">
                                <div class="inner-container">
                                </div>

                            </div>
                        </div>

                    </div>
                </div>
            </div>

            <div class="module-plus-minus-buttons small hidden ">
                <button type="button" class="btn cart-change-qty" data-change-type="minus" data-auid="decrease-product-quantity" alt="Minus" aria-label="Minus">
                    <span class="icon-minimize"></span>
                </button>
                <div class="plus-minus-input-wrapper">
                    <input class="input-qty cart-change-qty" aria-label="Enter manual quantity" type="text" name="qty" title="Change quantity in cart" data-unit-type="ea" value="1ea" data-change-type="equals" maxlength="7">

                    <span class="input-qty-pretty">
							<span class="input-qty-pretty-value">1</span>
                    <span class="input-qty-pretty-unit"></span>
                    </span>
                </div>

                <button type="button" class="btn cart-change-qty" data-change-type="plus" data-auid="increase-product-quantity" alt="Plus" aria-label="Plus">
                    <span class="icon-plus-sign"></span>
                </button>

                <p class="deal-limit-reached hidden">Deal Limit Reached</p>

                <div class="tooltip-qty-error tooltip-qty-limit hidden">
                    <p>
                        Limit to &nbsp; 999 &nbsp;each&nbsp; per customer.</p>
                </div>
                <div class="tooltip-qty-error tooltip-round-error hidden">
                    <p>
                        We do not have this in the weight you wanted. We've rounded your order to the nearest weight increment we stock.</p>
                </div>
            </div>
        </form>

        <!-- End Template: AddToCartSmall -->

    </div>
</div>
<div class="item">

    <div class="module-grocery-product quickview-simple  clicked" data-quickview-ajax-url="/p/20701681002_EA/quickViewProduct" data-product-id="20701681002_EA" data-product-price="$2.27">

        <span class="subtitle"></span>

        <div class="product-page-hotspot">
            <div class="product-cell quickview-button">
                <div class="product-image ">

                    <img src="https://assets.shop.loblaws.ca/products/20701681002/b1/en/front/20701681002_front_a01.png" onerror="this.src='https://assets.shop.loblaws.ca/products/NoImage/b1/en/front/NoImage_front_a01_@2.png';" alt="Bits & Bites, Cheddar " />

                    <div class="hover-text-container">
                        <button href="#" tabindex="0" class="hover-text " aria-label="Quick View for Bits & Bites, Cheddar .">Quick View</button>
                    </div>
                </div>
            </div>

            <div class="product-in-cart">
                <div class="wrapper-product-in-cart">
                    <span>
	  			    In Cart
	  		    </span>
                </div>
            </div>

            <div class="product-info">
                <div class="product-name-wrapper">
                    <a href="/Food/Pantry/Chips-%26-Salty-Snacks/Pretzels-%26-Snack-Mixes/Bits-%26-Bites%2C-Cheddar-/p/20701681002_EA" class="product-name" aria-label="Product page for Bits & Bites, Cheddar">
                        <span class="js-product-entry-brand">Christie&nbsp;</span>

                        <span class="js-product-entry-name">Bits & Bites, Cheddar </span>

                        <span class="js-product-entry-size-detail">(175 g)</span>

                    </a>
                </div>

                <span class="ad-match-badge  hidden">Ad Match</span>

                <div class="price">
                    <div class="price-wrapper no-discount  ">
                        <span class="reg-price  " aria-label="Regular Price: $2.27">
					    <span class="reg-price-text">$2.27</span>

                        <sup class="reg-price-unit">ea</sup>
                        </span>
                        <span class="sale-price hidden" aria-label="Sale Price:">
					    <span class="sale-price-text"></span>
                        <sup class="sale-price-unit">ea</sup>
                        </span>

                        <span class="secondary-price hidden">

					    <span class="secondary-price-text" aria-label="Secondary Price:"></span>
                        </span>
                    </div>
                </div>

                <div class="qty">
                    <span class="reg-qty  ">

		  		<span class="sr-only">Sale Price Per Unit:</span> $1.30 / 100 g

                    </span>

                    <span class="sale-qty hidden">

		  		<span class="sr-only">Sale Price Per Unit:</span> $1.30 / 100 g

                    </span>

                    <span class="secondary-qty hidden">

	  	<span class="secondary-qty-text"></span>
                    </span>
                </div>
            </div>

        </div>
        <form class="form-product  quickview-btn-simple" data-product-id="20701681002_EA" data-min-qty="1.0" data-max-qty="999.0" data-unit-type="ea" data-cart-qty="1" data-default-qty="1" novalidate="novalidate" promoCode="" promoNumber="" data-is-customized="false" data-cart-url="/cart/product/20701681002_EA" data-csrf-token="5582ec01-90c0-448b-b4f7-e2cf68d9f8a0" data-is-weighted-product="false">

            <div class="module-add-to-cart " data-change-type="plus" data-auto-edit="true" data-auto-add="true" data-cart-ajax-url="/cart/updateCart">
                <div class="wrapper-add-to-cart-btn">
                    <div class="module-add-to-cart-button-small">
                        <button type="button" class="btn btn-secondary btn-add-to-cart " data-auid="add-to-cart-button" data-has-pts-badge="false" aria-label="Add Bits & Bites, Cheddar  to cart">
                            <span class="icon-cart"></span>
                            <span class="add-to-cart-text">
											Add</span>
                        </button>
                        <button type="button" class="btn btn-secondary btn-edit-cart hidden " aria-label="Edit Cart">
                            <span class="qty-in-cart"></span>
                            <span class="edit-cart-text">
											<spring code="product.edit.text" />"
										</span>
                        </button>
                        <div class="add-list-parent add-list-module  bottom-add-list-module ">
                            <button class="btn btn-inline-link btn-save-to-list  dark is-btn-animated" data-login-url="/account/login?productCode=20701681002_EA" data-ajax-url="/restful/lists/all?productCode=20701681002_EA" data-user-guest="Y" data-user-guest="Y" data-product-code="20701681002_EA" data-delete-item="false" aria-label="Add Bits & Bites, Cheddar  to a List">
                                <span class="glyphicon glyphicon-th-list"></span>
                                <div class="list-cta-text  is-btn-animated">Add to List</div>
                            </button>

                            <!-- this is the list HTML   -->
                            <div class="save-to-list-popup  is-btn-animated animation-up dark" data-save-to-list-error="Can not get lists at this time. Please try again later." data-product-name="Bits & Bites, Cheddar ">
                                <div class="inner-container">
                                </div>

                            </div>
                        </div>

                    </div>
                </div>
            </div>

            <div class="module-plus-minus-buttons small hidden ">
                <button type="button" class="btn cart-change-qty" data-change-type="minus" data-auid="decrease-product-quantity" alt="Minus" aria-label="Minus">
                    <span class="icon-minimize"></span>
                </button>
                <div class="plus-minus-input-wrapper">
                    <input class="input-qty cart-change-qty" aria-label="Enter manual quantity" type="text" name="qty" title="Change quantity in cart" data-unit-type="ea" value="1ea" data-change-type="equals" maxlength="7">

                    <span class="input-qty-pretty">
							<span class="input-qty-pretty-value">1</span>
                    <span class="input-qty-pretty-unit"></span>
                    </span>
                </div>

                <button type="button" class="btn cart-change-qty" data-change-type="plus" data-auid="increase-product-quantity" alt="Plus" aria-label="Plus">
                    <span class="icon-plus-sign"></span>
                </button>

                <p class="deal-limit-reached hidden">Deal Limit Reached</p>

                <div class="tooltip-qty-error tooltip-qty-limit hidden">
                    <p>
                        Limit to &nbsp; 999 &nbsp;each&nbsp; per customer.</p>
                </div>
                <div class="tooltip-qty-error tooltip-round-error hidden">
                    <p>
                        We do not have this in the weight you wanted. We've rounded your order to the nearest weight increment we stock.</p>
                </div>
            </div>
        </form>

        <!-- End Template: AddToCartSmall -->

    </div>
</div>
<div class="item">

    <div class="module-grocery-product quickview-simple  clicked" data-quickview-ajax-url="/p/20797692003_EA/quickViewProduct" data-product-id="20797692003_EA" data-product-price="$1.48">

        <span class="subtitle"></span>

        <div class="product-page-hotspot">
            <div class="product-cell quickview-button">
                <div class="product-image ">

                    <img src="https://assets.shop.loblaws.ca/products/20797692003/b1/en/front/20797692003_front_a01.png" onerror="this.src='https://assets.shop.loblaws.ca/products/NoImage/b1/en/front/NoImage_front_a01_@2.png';" alt="Kettle Cooked Potato Chips, Sea Salt & Malt Vinegar" />

                    <div class="hover-text-container">
                        <button href="#" tabindex="0" class="hover-text " aria-label="Quick View for Kettle Cooked Potato Chips, Sea Salt & Malt Vinegar.">Quick View</button>
                    </div>
                </div>
            </div>

            <div class="product-in-cart">
                <div class="wrapper-product-in-cart">
                    <span>
	  			    In Cart
	  		    </span>
                </div>
            </div>

            <div class="product-info">
                <div class="product-name-wrapper">
                    <a href="/Food/Pantry/Chips-%26-Salty-Snacks/Potato-Chips/Kettle-Cooked-Potato-Chips%2C-Sea-Salt-%26-Malt-Vinegar/p/20797692003_EA" class="product-name" aria-label="Product page for Kettle Cooked Potato Chips, Sea Salt & Malt Vinegar">
                        <span class="js-product-entry-brand">Miss Vickies&nbsp;</span>

                        <span class="js-product-entry-name">Kettle Cooked Potato Chips, Sea Salt & Malt Vinegar</span>

                        <span class="js-product-entry-size-detail">(66 g)</span>

                    </a>
                </div>

                <span class="ad-match-badge  hidden">Ad Match</span>

                <div class="price">
                    <div class="price-wrapper no-discount  ">
                        <span class="reg-price  " aria-label="Regular Price: $1.48">
					    <span class="reg-price-text">$1.48</span>

                        <sup class="reg-price-unit">ea</sup>
                        </span>
                        <span class="sale-price hidden" aria-label="Sale Price:">
					    <span class="sale-price-text"></span>
                        <sup class="sale-price-unit">ea</sup>
                        </span>

                        <span class="secondary-price hidden">

					    <span class="secondary-price-text" aria-label="Secondary Price:"></span>
                        </span>
                    </div>
                </div>

                <div class="qty">
                    <span class="reg-qty  ">

		  		<span class="sr-only">Sale Price Per Unit:</span> $2.24 / 100 g

                    </span>

                    <span class="sale-qty hidden">

		  		<span class="sr-only">Sale Price Per Unit:</span> $2.24 / 100 g

                    </span>

                    <span class="secondary-qty hidden">

	  	<span class="secondary-qty-text"></span>
                    </span>
                </div>
            </div>

        </div>
        <form class="form-product  quickview-btn-simple" data-product-id="20797692003_EA" data-min-qty="1.0" data-max-qty="999.0" data-unit-type="ea" data-cart-qty="1" data-default-qty="1" novalidate="novalidate" promoCode="" promoNumber="" data-is-customized="false" data-cart-url="/cart/product/20797692003_EA" data-csrf-token="5582ec01-90c0-448b-b4f7-e2cf68d9f8a0" data-is-weighted-product="false">

            <div class="module-add-to-cart " data-change-type="plus" data-auto-edit="true" data-auto-add="true" data-cart-ajax-url="/cart/updateCart">
                <div class="wrapper-add-to-cart-btn">
                    <div class="module-add-to-cart-button-small">
                        <button type="button" class="btn btn-secondary btn-add-to-cart " data-auid="add-to-cart-button" data-has-pts-badge="false" aria-label="Add Kettle Cooked Potato Chips, Sea Salt & Malt Vinegar to cart">
                            <span class="icon-cart"></span>
                            <span class="add-to-cart-text">
											Add</span>
                        </button>
                        <button type="button" class="btn btn-secondary btn-edit-cart hidden " aria-label="Edit Cart">
                            <span class="qty-in-cart"></span>
                            <span class="edit-cart-text">
											<spring code="product.edit.text" />"
										</span>
                        </button>
                        <div class="add-list-parent add-list-module  bottom-add-list-module ">
                            <button class="btn btn-inline-link btn-save-to-list  dark is-btn-animated" data-login-url="/account/login?productCode=20797692003_EA" data-ajax-url="/restful/lists/all?productCode=20797692003_EA" data-user-guest="Y" data-user-guest="Y" data-product-code="20797692003_EA" data-delete-item="false" aria-label="Add Kettle Cooked Potato Chips, Sea Salt & Malt Vinegar to a List">
                                <span class="glyphicon glyphicon-th-list"></span>
                                <div class="list-cta-text  is-btn-animated">Add to List</div>
                            </button>

                            <!-- this is the list HTML   -->
                            <div class="save-to-list-popup  is-btn-animated animation-up dark" data-save-to-list-error="Can not get lists at this time. Please try again later." data-product-name="Kettle Cooked Potato Chips, Sea Salt & Malt Vinegar">
                                <div class="inner-container">
                                </div>

                            </div>
                        </div>

                    </div>
                </div>
            </div>

            <div class="module-plus-minus-buttons small hidden ">
                <button type="button" class="btn cart-change-qty" data-change-type="minus" data-auid="decrease-product-quantity" alt="Minus" aria-label="Minus">
                    <span class="icon-minimize"></span>
                </button>
                <div class="plus-minus-input-wrapper">
                    <input class="input-qty cart-change-qty" aria-label="Enter manual quantity" type="text" name="qty" title="Change quantity in cart" data-unit-type="ea" value="1ea" data-change-type="equals" maxlength="7">

                    <span class="input-qty-pretty">
							<span class="input-qty-pretty-value">1</span>
                    <span class="input-qty-pretty-unit"></span>
                    </span>
                </div>

                <button type="button" class="btn cart-change-qty" data-change-type="plus" data-auid="increase-product-quantity" alt="Plus" aria-label="Plus">
                    <span class="icon-plus-sign"></span>
                </button>

                <p class="deal-limit-reached hidden">Deal Limit Reached</p>

                <div class="tooltip-qty-error tooltip-qty-limit hidden">
                    <p>
                        Limit to &nbsp; 999 &nbsp;each&nbsp; per customer.</p>
                </div>
                <div class="tooltip-qty-error tooltip-round-error hidden">
                    <p>
                        We do not have this in the weight you wanted. We've rounded your order to the nearest weight increment we stock.</p>
                </div>
            </div>
        </form>

        <!-- End Template: AddToCartSmall -->

    </div>
</div>
<div class="item">

    <div class="module-grocery-product quickview-simple  clicked" data-quickview-ajax-url="/p/21069445_EA/quickViewProduct" data-product-id="21069445_EA" data-product-price="$5.98">

        <span class="subtitle"></span>

        <div class="product-page-hotspot">
            <div class="product-cell quickview-button">
                <div class="product-image ">

                    <img src="https://assets.shop.loblaws.ca/products/21069445/b1/en/front/21069445_front_a01.png" onerror="this.src='https://assets.shop.loblaws.ca/products/NoImage/b1/en/front/NoImage_front_a01_@2.png';" alt="Snack Stacks Original" />

                    <div class="hover-text-container">
                        <button href="#" tabindex="0" class="hover-text " aria-label="Quick View for Snack Stacks Original.">Quick View</button>
                    </div>
                </div>
            </div>

            <div class="product-in-cart">
                <div class="wrapper-product-in-cart">
                    <span>
	  			    In Cart
	  		    </span>
                </div>
            </div>

            <div class="product-info">
                <div class="product-name-wrapper">
                    <a href="/Food/Pantry/Chips-%26-Salty-Snacks/Potato-Chips/Pringles-Snack-Stacks-Original/p/21069445_EA" class="product-name" aria-label="Product page for Snack Stacks Original">
                        <span class="js-product-entry-brand">Pringles&nbsp;</span>

                        <span class="js-product-entry-name">Snack Stacks Original</span>

                        <span class="js-product-entry-size-detail">(12x19g)</span>

                    </a>
                </div>

                <span class="ad-match-badge  hidden">Ad Match</span>

                <div class="price">
                    <div class="price-wrapper no-discount  ">
                        <span class="reg-price  " aria-label="Regular Price: $5.98">
					    <span class="reg-price-text">$5.98</span>

                        <sup class="reg-price-unit">ea</sup>
                        </span>
                        <span class="sale-price hidden" aria-label="Sale Price:">
					    <span class="sale-price-text"></span>
                        <sup class="sale-price-unit">ea</sup>
                        </span>

                        <span class="secondary-price hidden">

					    <span class="secondary-price-text" aria-label="Secondary Price:"></span>
                        </span>
                    </div>
                </div>

                <div class="qty">
                    <span class="reg-qty  ">

		  		<span class="sr-only">Sale Price Per Unit:</span> $2.62 / 100 g

                    </span>

                    <span class="sale-qty hidden">

		  		<span class="sr-only">Sale Price Per Unit:</span> $2.62 / 100 g

                    </span>

                    <span class="secondary-qty hidden">

	  	<span class="secondary-qty-text"></span>
                    </span>
                </div>
            </div>

        </div>
        <form class="form-product  quickview-btn-simple" data-product-id="21069445_EA" data-min-qty="1.0" data-max-qty="999.0" data-unit-type="ea" data-cart-qty="1" data-default-qty="1" novalidate="novalidate" promoCode="" promoNumber="" data-is-customized="false" data-cart-url="/cart/product/21069445_EA" data-csrf-token="5582ec01-90c0-448b-b4f7-e2cf68d9f8a0" data-is-weighted-product="false">

            <div class="module-add-to-cart " data-change-type="plus" data-auto-edit="true" data-auto-add="true" data-cart-ajax-url="/cart/updateCart">
                <div class="wrapper-add-to-cart-btn">
                    <div class="module-add-to-cart-button-small">
                        <button type="button" class="btn btn-secondary btn-add-to-cart " data-auid="add-to-cart-button" data-has-pts-badge="false" aria-label="Add Snack Stacks Original to cart">
                            <span class="icon-cart"></span>
                            <span class="add-to-cart-text">
											Add</span>
                        </button>
                        <button type="button" class="btn btn-secondary btn-edit-cart hidden " aria-label="Edit Cart">
                            <span class="qty-in-cart"></span>
                            <span class="edit-cart-text">
											<spring code="product.edit.text" />"
										</span>
                        </button>
                        <div class="add-list-parent add-list-module  bottom-add-list-module ">
                            <button class="btn btn-inline-link btn-save-to-list  dark is-btn-animated" data-login-url="/account/login?productCode=21069445_EA" data-ajax-url="/restful/lists/all?productCode=21069445_EA" data-user-guest="Y" data-user-guest="Y" data-product-code="21069445_EA" data-delete-item="false" aria-label="Add Snack Stacks Original to a List">
                                <span class="glyphicon glyphicon-th-list"></span>
                                <div class="list-cta-text  is-btn-animated">Add to List</div>
                            </button>

                            <!-- this is the list HTML   -->
                            <div class="save-to-list-popup  is-btn-animated animation-up dark" data-save-to-list-error="Can not get lists at this time. Please try again later." data-product-name="Snack Stacks Original">
                                <div class="inner-container">
                                </div>

                            </div>
                        </div>

                    </div>
                </div>
            </div>

            <div class="module-plus-minus-buttons small hidden ">
                <button type="button" class="btn cart-change-qty" data-change-type="minus" data-auid="decrease-product-quantity" alt="Minus" aria-label="Minus">
                    <span class="icon-minimize"></span>
                </button>
                <div class="plus-minus-input-wrapper">
                    <input class="input-qty cart-change-qty" aria-label="Enter manual quantity" type="text" name="qty" title="Change quantity in cart" data-unit-type="ea" value="1ea" data-change-type="equals" maxlength="7">

                    <span class="input-qty-pretty">
							<span class="input-qty-pretty-value">1</span>
                    <span class="input-qty-pretty-unit"></span>
                    </span>
                </div>

                <button type="button" class="btn cart-change-qty" data-change-type="plus" data-auid="increase-product-quantity" alt="Plus" aria-label="Plus">
                    <span class="icon-plus-sign"></span>
                </button>

                <p class="deal-limit-reached hidden">Deal Limit Reached</p>

                <div class="tooltip-qty-error tooltip-qty-limit hidden">
                    <p>
                        Limit to &nbsp; 999 &nbsp;each&nbsp; per customer.</p>
                </div>
                <div class="tooltip-qty-error tooltip-round-error hidden">
                    <p>
                        We do not have this in the weight you wanted. We've rounded your order to the nearest weight increment we stock.</p>
                </div>
            </div>
        </form>

        <!-- End Template: AddToCartSmall -->

    </div>
</div>
<div class="item">

    <div class="module-grocery-product quickview-simple  clicked" data-quickview-ajax-url="/p/21087202_EA/quickViewProduct" data-product-id="21087202_EA" data-product-price="$2.47">

        <span class="subtitle"></span>

        <div class="product-page-hotspot">
            <div class="product-cell quickview-button">
                <div class="product-image ">

                    <img src="https://assets.shop.loblaws.ca/products/21087202/b1/en/front/21087202_front_a01.png" onerror="this.src='https://assets.shop.loblaws.ca/products/NoImage/b1/en/front/NoImage_front_a01_@2.png';" alt="Wavy Lightly Salted Chips" />

                    <span class="sticker deal">
	  				    <span class="deal-badge">
	  					    <span class="module-deal-badge module-deal-badge-feature flyer expires undefined">
	  						    <span class="deal-type">
								    Flyer<br />
	  							    Item
	  						    </span>

                    <span class="deal-expiry">
		Exp. 12/19
	</span>

                    </span>
                    </span>
                    </span>

                    <div class="hover-text-container">
                        <button href="#" tabindex="0" class="hover-text " aria-label="Quick View for Wavy Lightly Salted Chips.">Quick View</button>
                    </div>
                </div>
            </div>

            <div class="product-in-cart">
                <div class="wrapper-product-in-cart">
                    <span>
	  			    In Cart
	  		    </span>
                </div>
            </div>

            <div class="product-info">
                <div class="product-name-wrapper">
                    <a href="/Food/Pantry/Chips-%26-Salty-Snacks/Potato-Chips/Lay%27s-Wavy-Lightly-Salted-Chips/p/21087202_EA" class="product-name" aria-label="Product page for Wavy Lightly Salted Chips">
                        <span class="js-product-entry-brand">Lay's&nbsp;</span>

                        <span class="js-product-entry-name">Wavy Lightly Salted Chips</span>

                        <span class="js-product-entry-size-detail">(255 g)</span>

                    </a>
                </div>

                <span class="ad-match-badge  hidden">Ad Match</span>

                <div class="price">
                    <div class="price-wrapper no-discount  ">
                        <span class="reg-price  " aria-label="Regular Price: $2.47">
					    <span class="reg-price-text">$2.47</span>

                        <sup class="reg-price-unit">ea</sup>
                        </span>
                        <span class="sale-price hidden" aria-label="Sale Price:">
					    <span class="sale-price-text"></span>
                        <sup class="sale-price-unit">ea</sup>
                        </span>

                        <span class="secondary-price hidden">

					    <span class="secondary-price-text" aria-label="Secondary Price:"></span>
                        </span>
                    </div>
                </div>

                <div class="qty">
                    <span class="reg-qty  ">

		  		<span class="sr-only">Sale Price Per Unit:</span> $0.97 / 100 g

                    </span>

                    <span class="sale-qty hidden">

		  		<span class="sr-only">Sale Price Per Unit:</span> $0.97 / 100 g

                    </span>

                    <span class="secondary-qty hidden">

	  	<span class="secondary-qty-text"></span>
                    </span>
                </div>
            </div>

        </div>
        <form class="form-product  quickview-btn-simple" data-product-id="21087202_EA" data-min-qty="1.0" data-max-qty="999.0" data-unit-type="ea" data-cart-qty="1" data-default-qty="1" novalidate="novalidate" promoCode="" promoNumber="" data-is-customized="false" data-cart-url="/cart/product/21087202_EA" data-csrf-token="5582ec01-90c0-448b-b4f7-e2cf68d9f8a0" data-is-weighted-product="false">

            <div class="module-add-to-cart " data-change-type="plus" data-auto-edit="true" data-auto-add="true" data-cart-ajax-url="/cart/updateCart">
                <div class="wrapper-add-to-cart-btn">
                    <div class="module-add-to-cart-button-small">
                        <button type="button" class="btn btn-secondary btn-add-to-cart " data-auid="add-to-cart-button" data-has-pts-badge="false" aria-label="Add Wavy Lightly Salted Chips to cart">
                            <span class="icon-cart"></span>
                            <span class="add-to-cart-text">
											Add</span>
                        </button>
                        <button type="button" class="btn btn-secondary btn-edit-cart hidden " aria-label="Edit Cart">
                            <span class="qty-in-cart"></span>
                            <span class="edit-cart-text">
											<spring code="product.edit.text" />"
										</span>
                        </button>
                        <div class="add-list-parent add-list-module  bottom-add-list-module ">
                            <button class="btn btn-inline-link btn-save-to-list  dark is-btn-animated" data-login-url="/account/login?productCode=21087202_EA" data-ajax-url="/restful/lists/all?productCode=21087202_EA" data-user-guest="Y" data-user-guest="Y" data-product-code="21087202_EA" data-delete-item="false" aria-label="Add Wavy Lightly Salted Chips to a List">
                                <span class="glyphicon glyphicon-th-list"></span>
                                <div class="list-cta-text  is-btn-animated">Add to List</div>
                            </button>

                            <!-- this is the list HTML   -->
                            <div class="save-to-list-popup  is-btn-animated animation-up dark" data-save-to-list-error="Can not get lists at this time. Please try again later." data-product-name="Wavy Lightly Salted Chips">
                                <div class="inner-container">
                                </div>

                            </div>
                        </div>

                    </div>
                </div>
            </div>

            <div class="module-plus-minus-buttons small hidden ">
                <button type="button" class="btn cart-change-qty" data-change-type="minus" data-auid="decrease-product-quantity" alt="Minus" aria-label="Minus">
                    <span class="icon-minimize"></span>
                </button>
                <div class="plus-minus-input-wrapper">
                    <input class="input-qty cart-change-qty" aria-label="Enter manual quantity" type="text" name="qty" title="Change quantity in cart" data-unit-type="ea" value="1ea" data-change-type="equals" maxlength="7">

                    <span class="input-qty-pretty">
							<span class="input-qty-pretty-value">1</span>
                    <span class="input-qty-pretty-unit"></span>
                    </span>
                </div>

                <button type="button" class="btn cart-change-qty" data-change-type="plus" data-auid="increase-product-quantity" alt="Plus" aria-label="Plus">
                    <span class="icon-plus-sign"></span>
                </button>

                <p class="deal-limit-reached hidden">Deal Limit Reached</p>

                <div class="tooltip-qty-error tooltip-qty-limit hidden">
                    <p>
                        Limit to &nbsp; 999 &nbsp;each&nbsp; per customer.</p>
                </div>
                <div class="tooltip-qty-error tooltip-round-error hidden">
                    <p>
                        We do not have this in the weight you wanted. We've rounded your order to the nearest weight increment we stock.</p>
                </div>
            </div>
        </form>

        <!-- End Template: AddToCartSmall -->

    </div>
</div>
<div class="item">

    <div class="module-grocery-product quickview-simple  clicked" data-quickview-ajax-url="/p/20180303_EA/quickViewProduct" data-product-id="20180303_EA" data-product-price="$4.58">

        <span class="subtitle"></span>

        <div class="product-page-hotspot">
            <div class="product-cell quickview-button">
                <div class="product-image ">

                    <img src="https://assets.shop.loblaws.ca/products/20180303/b1/en/front/20180303_front_a01.png" onerror="this.src='https://assets.shop.loblaws.ca/products/NoImage/b1/en/front/NoImage_front_a01_@2.png';" alt="Snacks, Snack Mix Original" />

                    <div class="hover-text-container">
                        <button href="#" tabindex="0" class="hover-text " aria-label="Quick View for Snacks, Snack Mix Original.">Quick View</button>
                    </div>
                </div>
            </div>

            <div class="product-in-cart">
                <div class="wrapper-product-in-cart">
                    <span>
	  			    In Cart
	  		    </span>
                </div>
            </div>

            <div class="product-info">
                <div class="product-name-wrapper">
                    <a href="/Food/Pantry/Chips-%26-Salty-Snacks/Pretzels-%26-Snack-Mixes/Snacks%2C-Snack-Mix-Original/p/20180303_EA" class="product-name" aria-label="Product page for Snacks, Snack Mix Original">
                        <span class="js-product-entry-brand">Munchies&nbsp;</span>

                        <span class="js-product-entry-name">Snacks, Snack Mix Original</span>

                        <span class="js-product-entry-size-detail">(450 g)</span>

                    </a>
                </div>

                <span class="ad-match-badge  hidden">Ad Match</span>

                <div class="price">
                    <div class="price-wrapper no-discount  ">
                        <span class="reg-price  " aria-label="Regular Price: $4.58">
					    <span class="reg-price-text">$4.58</span>

                        <sup class="reg-price-unit">ea</sup>
                        </span>
                        <span class="sale-price hidden" aria-label="Sale Price:">
					    <span class="sale-price-text"></span>
                        <sup class="sale-price-unit">ea</sup>
                        </span>

                        <span class="secondary-price hidden">

					    <span class="secondary-price-text" aria-label="Secondary Price:"></span>
                        </span>
                    </div>
                </div>

                <div class="qty">
                    <span class="reg-qty  ">

		  		<span class="sr-only">Sale Price Per Unit:</span> $1.02 / 100 g

                    </span>

                    <span class="sale-qty hidden">

		  		<span class="sr-only">Sale Price Per Unit:</span> $1.02 / 100 g

                    </span>

                    <span class="secondary-qty hidden">

	  	<span class="secondary-qty-text"></span>
                    </span>
                </div>
            </div>

        </div>
        <form class="form-product  quickview-btn-simple" data-product-id="20180303_EA" data-min-qty="1.0" data-max-qty="999.0" data-unit-type="ea" data-cart-qty="1" data-default-qty="1" novalidate="novalidate" promoCode="" promoNumber="" data-is-customized="false" data-cart-url="/cart/product/20180303_EA" data-csrf-token="5582ec01-90c0-448b-b4f7-e2cf68d9f8a0" data-is-weighted-product="false">

            <div class="module-add-to-cart " data-change-type="plus" data-auto-edit="true" data-auto-add="true" data-cart-ajax-url="/cart/updateCart">
                <div class="wrapper-add-to-cart-btn">
                    <div class="module-add-to-cart-button-small">
                        <button type="button" class="btn btn-secondary btn-add-to-cart " data-auid="add-to-cart-button" data-has-pts-badge="false" aria-label="Add Snacks, Snack Mix Original to cart">
                            <span class="icon-cart"></span>
                            <span class="add-to-cart-text">
											Add</span>
                        </button>
                        <button type="button" class="btn btn-secondary btn-edit-cart hidden " aria-label="Edit Cart">
                            <span class="qty-in-cart"></span>
                            <span class="edit-cart-text">
											<spring code="product.edit.text" />"
										</span>
                        </button>
                        <div class="add-list-parent add-list-module  bottom-add-list-module ">
                            <button class="btn btn-inline-link btn-save-to-list  dark is-btn-animated" data-login-url="/account/login?productCode=20180303_EA" data-ajax-url="/restful/lists/all?productCode=20180303_EA" data-user-guest="Y" data-user-guest="Y" data-product-code="20180303_EA" data-delete-item="false" aria-label="Add Snacks, Snack Mix Original to a List">
                                <span class="glyphicon glyphicon-th-list"></span>
                                <div class="list-cta-text  is-btn-animated">Add to List</div>
                            </button>

                            <!-- this is the list HTML   -->
                            <div class="save-to-list-popup  is-btn-animated animation-up dark" data-save-to-list-error="Can not get lists at this time. Please try again later." data-product-name="Snacks, Snack Mix Original">
                                <div class="inner-container">
                                </div>

                            </div>
                        </div>

                    </div>
                </div>
            </div>

            <div class="module-plus-minus-buttons small hidden ">
                <button type="button" class="btn cart-change-qty" data-change-type="minus" data-auid="decrease-product-quantity" alt="Minus" aria-label="Minus">
                    <span class="icon-minimize"></span>
                </button>
                <div class="plus-minus-input-wrapper">
                    <input class="input-qty cart-change-qty" aria-label="Enter manual quantity" type="text" name="qty" title="Change quantity in cart" data-unit-type="ea" value="1ea" data-change-type="equals" maxlength="7">

                    <span class="input-qty-pretty">
							<span class="input-qty-pretty-value">1</span>
                    <span class="input-qty-pretty-unit"></span>
                    </span>
                </div>

                <button type="button" class="btn cart-change-qty" data-change-type="plus" data-auid="increase-product-quantity" alt="Plus" aria-label="Plus">
                    <span class="icon-plus-sign"></span>
                </button>

                <p class="deal-limit-reached hidden">Deal Limit Reached</p>

                <div class="tooltip-qty-error tooltip-qty-limit hidden">
                    <p>
                        Limit to &nbsp; 999 &nbsp;each&nbsp; per customer.</p>
                </div>
                <div class="tooltip-qty-error tooltip-round-error hidden">
                    <p>
                        We do not have this in the weight you wanted. We've rounded your order to the nearest weight increment we stock.</p>
                </div>
            </div>
        </form>

        <!-- End Template: AddToCartSmall -->

    </div>
</div>
<div class="item">

    <div class="module-grocery-product quickview-simple  clicked" data-quickview-ajax-url="/p/20946452_EA/quickViewProduct" data-product-id="20946452_EA" data-product-price="$1.28">

        <span class="subtitle"></span>

        <div class="product-page-hotspot">
            <div class="product-cell quickview-button">
                <div class="product-image ">

                    <img src="https://assets.shop.loblaws.ca/products/20946452/b1/en/front/20946452_front_a01.png" onerror="this.src='https://assets.shop.loblaws.ca/products/NoImage/b1/en/front/NoImage_front_a01_@2.png';" alt="Potato Crisps, Sour Cream and Onion" />

                    <span class="sticker deal">
	  				        <span class="deal-badge">

	  				            <span class="module-deal-badge module-deal-badge-grid simple-save-unit "
	  						        data-deal-type="3 FOR $3.45"
	  						        data-ajax-promo-url="/simpleDeal/deals/product-tile?productCode=20946452_EA"
	  						        data-deal-id="20946452_EA">
	  						        <span class="deal-type">3 FOR $3.45</span>

                    <span class="deal-expiry">
		Exp. 12/31
	</span>

                    </span>
                    </span>
                    </span>

                    <div class="hover-text-container">
                        <button href="#" tabindex="0" class="hover-text " aria-label="Quick View for Potato Crisps, Sour Cream and Onion.">Quick View</button>
                    </div>
                </div>
            </div>

            <div class="product-in-cart">
                <div class="wrapper-product-in-cart">
                    <span>
	  			    In Cart
	  		    </span>
                </div>
            </div>

            <div class="product-info">
                <div class="product-name-wrapper">
                    <a href="/Food/Pantry/Chips-%26-Salty-Snacks/Potato-Chips/No-Name-Potato-Crisps%2C-Sour-Cream-and-Onion/p/20946452_EA" class="product-name" aria-label="Product page for Potato Crisps, Sour Cream and Onion">
                        <span class="js-product-entry-brand">No Name&nbsp;</span>

                        <span class="js-product-entry-name">Potato Crisps, Sour Cream and Onion</span>

                        <span class="js-product-entry-size-detail">(142 g)</span>

                    </a>
                </div>

                <span class="ad-match-badge  hidden">Ad Match</span>

                <div class="price">
                    <div class="price-wrapper no-discount  ">
                        <span class="reg-price  " aria-label="Regular Price: $1.28">
					    <span class="reg-price-text">$1.28</span>

                        <sup class="reg-price-unit">ea</sup>
                        </span>
                        <span class="sale-price hidden" aria-label="Sale Price:">
					    <span class="sale-price-text"></span>
                        <sup class="sale-price-unit">ea</sup>
                        </span>

                        <span class="secondary-price hidden">

					    <span class="secondary-price-text" aria-label="Secondary Price:"></span>
                        </span>
                    </div>
                </div>

                <div class="qty">
                    <span class="reg-qty  ">

		  		<span class="sr-only">Sale Price Per Unit:</span> $0.90 / 100 g

                    </span>

                    <span class="sale-qty hidden">

		  		<span class="sr-only">Sale Price Per Unit:</span> $0.90 / 100 g

                    </span>

                    <span class="secondary-qty hidden">

	  	<span class="secondary-qty-text"></span>
                    </span>
                </div>
            </div>

        </div>
        <form class="form-product  quickview-btn-simple" data-product-id="20946452_EA" data-min-qty="1.0" data-max-qty="999.0" data-unit-type="ea" data-cart-qty="1" data-default-qty="1" novalidate="novalidate" promoCode="" promoNumber="" data-is-customized="false" data-cart-url="/cart/product/20946452_EA" data-csrf-token="5582ec01-90c0-448b-b4f7-e2cf68d9f8a0" data-is-weighted-product="false">

            <div class="module-add-to-cart " data-change-type="plus" data-auto-edit="true" data-auto-add="true" data-cart-ajax-url="/cart/updateCart">
                <div class="wrapper-add-to-cart-btn">
                    <div class="module-add-to-cart-button-small">
                        <button type="button" class="btn btn-secondary btn-add-to-cart " data-auid="add-to-cart-button" data-has-pts-badge="false" aria-label="Add Potato Crisps, Sour Cream and Onion to cart">
                            <span class="icon-cart"></span>
                            <span class="add-to-cart-text">
											Add</span>
                        </button>
                        <button type="button" class="btn btn-secondary btn-edit-cart hidden " aria-label="Edit Cart">
                            <span class="qty-in-cart"></span>
                            <span class="edit-cart-text">
											<spring code="product.edit.text" />"
										</span>
                        </button>
                        <div class="add-list-parent add-list-module  bottom-add-list-module ">
                            <button class="btn btn-inline-link btn-save-to-list  dark is-btn-animated" data-login-url="/account/login?productCode=20946452_EA" data-ajax-url="/restful/lists/all?productCode=20946452_EA" data-user-guest="Y" data-user-guest="Y" data-product-code="20946452_EA" data-delete-item="false" aria-label="Add Potato Crisps, Sour Cream and Onion to a List">
                                <span class="glyphicon glyphicon-th-list"></span>
                                <div class="list-cta-text  is-btn-animated">Add to List</div>
                            </button>

                            <!-- this is the list HTML   -->
                            <div class="save-to-list-popup  is-btn-animated animation-up dark" data-save-to-list-error="Can not get lists at this time. Please try again later." data-product-name="Potato Crisps, Sour Cream and Onion">
                                <div class="inner-container">
                                </div>

                            </div>
                        </div>

                    </div>
                </div>
            </div>

            <div class="module-plus-minus-buttons small hidden ">
                <button type="button" class="btn cart-change-qty" data-change-type="minus" data-auid="decrease-product-quantity" alt="Minus" aria-label="Minus">
                    <span class="icon-minimize"></span>
                </button>
                <div class="plus-minus-input-wrapper">
                    <input class="input-qty cart-change-qty" aria-label="Enter manual quantity" type="text" name="qty" title="Change quantity in cart" data-unit-type="ea" value="1ea" data-change-type="equals" maxlength="7">

                    <span class="input-qty-pretty">
							<span class="input-qty-pretty-value">1</span>
                    <span class="input-qty-pretty-unit"></span>
                    </span>
                </div>

                <button type="button" class="btn cart-change-qty" data-change-type="plus" data-auid="increase-product-quantity" alt="Plus" aria-label="Plus">
                    <span class="icon-plus-sign"></span>
                </button>

                <p class="deal-limit-reached hidden">Deal Limit Reached</p>

                <div class="tooltip-qty-error tooltip-qty-limit hidden">
                    <p>
                        Limit to &nbsp; 999 &nbsp;each&nbsp; per customer.</p>
                </div>
                <div class="tooltip-qty-error tooltip-round-error hidden">
                    <p>
                        We do not have this in the weight you wanted. We've rounded your order to the nearest weight increment we stock.</p>
                </div>
            </div>
        </form>

        <!-- End Template: AddToCartSmall -->

    </div>
</div>
<div class="item">

    <div class="module-grocery-product quickview-simple  clicked" data-quickview-ajax-url="/p/21036717_EA/quickViewProduct" data-product-id="21036717_EA" data-product-price="$3.68">

        <span class="subtitle"></span>

        <div class="product-page-hotspot">
            <div class="product-cell quickview-button">
                <div class="product-image ">

                    <img src="https://assets.shop.loblaws.ca/products/21036717/b1/en/front/21036717_front_a01.png" onerror="this.src='https://assets.shop.loblaws.ca/products/NoImage/b1/en/front/NoImage_front_a01_@2.png';" alt="Takis Fajitas Chips" />

                    <div class="hover-text-container">
                        <button href="#" tabindex="0" class="hover-text " aria-label="Quick View for Takis Fajitas Chips.">Quick View</button>
                    </div>
                </div>
            </div>

            <div class="product-in-cart">
                <div class="wrapper-product-in-cart">
                    <span>
	  			    In Cart
	  		    </span>
                </div>
            </div>

            <div class="product-info">
                <div class="product-name-wrapper">
                    <a href="/Food/Pantry/Chips-%26-Salty-Snacks/Potato-Chips/Barcel-Takis-Fajitas-Chips/p/21036717_EA" class="product-name" aria-label="Product page for Takis Fajitas Chips">

                        <span class="js-product-entry-name">Takis Fajitas Chips</span>

                        <span class="js-product-entry-size-detail">(280 g)</span>

                    </a>
                </div>

                <span class="ad-match-badge  hidden">Ad Match</span>

                <div class="price">
                    <div class="price-wrapper no-discount  ">
                        <span class="reg-price  " aria-label="Regular Price: $3.68">
					    <span class="reg-price-text">$3.68</span>

                        <sup class="reg-price-unit">ea</sup>
                        </span>
                        <span class="sale-price hidden" aria-label="Sale Price:">
					    <span class="sale-price-text"></span>
                        <sup class="sale-price-unit">ea</sup>
                        </span>

                        <span class="secondary-price hidden">

					    <span class="secondary-price-text" aria-label="Secondary Price:"></span>
                        </span>
                    </div>
                </div>

                <div class="qty">
                    <span class="reg-qty  ">

		  		<span class="sr-only">Sale Price Per Unit:</span> $1.31 / 100 g

                    </span>

                    <span class="sale-qty hidden">

		  		<span class="sr-only">Sale Price Per Unit:</span> $1.31 / 100 g

                    </span>

                    <span class="secondary-qty hidden">

	  	<span class="secondary-qty-text"></span>
                    </span>
                </div>
            </div>

        </div>
        <form class="form-product  quickview-btn-simple" data-product-id="21036717_EA" data-min-qty="1.0" data-max-qty="999.0" data-unit-type="ea" data-cart-qty="1" data-default-qty="1" novalidate="novalidate" promoCode="" promoNumber="" data-is-customized="false" data-cart-url="/cart/product/21036717_EA" data-csrf-token="5582ec01-90c0-448b-b4f7-e2cf68d9f8a0" data-is-weighted-product="false">

            <div class="module-add-to-cart " data-change-type="plus" data-auto-edit="true" data-auto-add="true" data-cart-ajax-url="/cart/updateCart">
                <div class="wrapper-add-to-cart-btn">
                    <div class="module-add-to-cart-button-small">
                        <button type="button" class="btn btn-secondary btn-add-to-cart " data-auid="add-to-cart-button" data-has-pts-badge="false" aria-label="Add Takis Fajitas Chips to cart">
                            <span class="icon-cart"></span>
                            <span class="add-to-cart-text">
											Add</span>
                        </button>
                        <button type="button" class="btn btn-secondary btn-edit-cart hidden " aria-label="Edit Cart">
                            <span class="qty-in-cart"></span>
                            <span class="edit-cart-text">
											<spring code="product.edit.text" />"
										</span>
                        </button>
                        <div class="add-list-parent add-list-module  bottom-add-list-module ">
                            <button class="btn btn-inline-link btn-save-to-list  dark is-btn-animated" data-login-url="/account/login?productCode=21036717_EA" data-ajax-url="/restful/lists/all?productCode=21036717_EA" data-user-guest="Y" data-user-guest="Y" data-product-code="21036717_EA" data-delete-item="false" aria-label="Add Takis Fajitas Chips to a List">
                                <span class="glyphicon glyphicon-th-list"></span>
                                <div class="list-cta-text  is-btn-animated">Add to List</div>
                            </button>

                            <!-- this is the list HTML   -->
                            <div class="save-to-list-popup  is-btn-animated animation-up dark" data-save-to-list-error="Can not get lists at this time. Please try again later." data-product-name="Takis Fajitas Chips">
                                <div class="inner-container">
                                </div>

                            </div>
                        </div>

                    </div>
                </div>
            </div>

            <div class="module-plus-minus-buttons small hidden ">
                <button type="button" class="btn cart-change-qty" data-change-type="minus" data-auid="decrease-product-quantity" alt="Minus" aria-label="Minus">
                    <span class="icon-minimize"></span>
                </button>
                <div class="plus-minus-input-wrapper">
                    <input class="input-qty cart-change-qty" aria-label="Enter manual quantity" type="text" name="qty" title="Change quantity in cart" data-unit-type="ea" value="1ea" data-change-type="equals" maxlength="7">

                    <span class="input-qty-pretty">
							<span class="input-qty-pretty-value">1</span>
                    <span class="input-qty-pretty-unit"></span>
                    </span>
                </div>

                <button type="button" class="btn cart-change-qty" data-change-type="plus" data-auid="increase-product-quantity" alt="Plus" aria-label="Plus">
                    <span class="icon-plus-sign"></span>
                </button>

                <p class="deal-limit-reached hidden">Deal Limit Reached</p>

                <div class="tooltip-qty-error tooltip-qty-limit hidden">
                    <p>
                        Limit to &nbsp; 999 &nbsp;each&nbsp; per customer.</p>
                </div>
                <div class="tooltip-qty-error tooltip-round-error hidden">
                    <p>
                        We do not have this in the weight you wanted. We've rounded your order to the nearest weight increment we stock.</p>
                </div>
            </div>
        </form>

        <!-- End Template: AddToCartSmall -->

    </div>
</div>
<div class="item">

    <div class="module-grocery-product quickview-simple  clicked" data-quickview-ajax-url="/p/20987677_EA/quickViewProduct" data-product-id="20987677_EA" data-product-price="$3.28">

        <span class="subtitle"></span>

        <div class="product-page-hotspot">
            <div class="product-cell quickview-button">
                <div class="product-image ">

                    <img src="https://assets.shop.loblaws.ca/products/20987677/b1/en/front/20987677_front_a01.png" onerror="this.src='https://assets.shop.loblaws.ca/products/NoImage/b1/en/front/NoImage_front_a01_@2.png';" alt="Arriba Nacho Cheese Flavour Tortilla Chips" />

                    <div class="hover-text-container">
                        <button href="#" tabindex="0" class="hover-text " aria-label="Quick View for Arriba Nacho Cheese Flavour Tortilla Chips.">Quick View</button>
                    </div>
                </div>
            </div>

            <div class="product-in-cart">
                <div class="wrapper-product-in-cart">
                    <span>
	  			    In Cart
	  		    </span>
                </div>
            </div>

            <div class="product-info">
                <div class="product-name-wrapper">
                    <a href="/Food/Pantry/Chips-%26-Salty-Snacks/Potato-Chips/Old-Dutch-ARRIBA-Arriba-Nacho-Cheese-Flavour-Tortilla-Chips/p/20987677_EA" class="product-name" aria-label="Product page for Arriba Nacho Cheese Flavour Tortilla Chips">
                        <span class="js-product-entry-brand">Old Dutch&nbsp;</span>

                        <span class="js-product-entry-name">Arriba Nacho Cheese Flavour Tortilla Chips</span>

                        <span class="js-product-entry-size-detail">(245 g)</span>

                    </a>
                </div>

                <span class="ad-match-badge  hidden">Ad Match</span>

                <div class="price">
                    <div class="price-wrapper no-discount  ">
                        <span class="reg-price  " aria-label="Regular Price: $3.28">
					    <span class="reg-price-text">$3.28</span>

                        <sup class="reg-price-unit">ea</sup>
                        </span>
                        <span class="sale-price hidden" aria-label="Sale Price:">
					    <span class="sale-price-text"></span>
                        <sup class="sale-price-unit">ea</sup>
                        </span>

                        <span class="secondary-price hidden">

					    <span class="secondary-price-text" aria-label="Secondary Price:"></span>
                        </span>
                    </div>
                </div>

                <div class="qty">
                    <span class="reg-qty  ">

		  		<span class="sr-only">Sale Price Per Unit:</span> $1.34 / 100 g

                    </span>

                    <span class="sale-qty hidden">

		  		<span class="sr-only">Sale Price Per Unit:</span> $1.34 / 100 g

                    </span>

                    <span class="secondary-qty hidden">

	  	<span class="secondary-qty-text"></span>
                    </span>
                </div>
            </div>

        </div>
        <form class="form-product  quickview-btn-simple" data-product-id="20987677_EA" data-min-qty="1.0" data-max-qty="999.0" data-unit-type="ea" data-cart-qty="1" data-default-qty="1" novalidate="novalidate" promoCode="" promoNumber="" data-is-customized="false" data-cart-url="/cart/product/20987677_EA" data-csrf-token="5582ec01-90c0-448b-b4f7-e2cf68d9f8a0" data-is-weighted-product="false">

            <div class="module-add-to-cart " data-change-type="plus" data-auto-edit="true" data-auto-add="true" data-cart-ajax-url="/cart/updateCart">
                <div class="wrapper-add-to-cart-btn">
                    <div class="module-add-to-cart-button-small">
                        <button type="button" class="btn btn-secondary btn-add-to-cart " data-auid="add-to-cart-button" data-has-pts-badge="false" aria-label="Add Arriba Nacho Cheese Flavour Tortilla Chips to cart">
                            <span class="icon-cart"></span>
                            <span class="add-to-cart-text">
											Add</span>
                        </button>
                        <button type="button" class="btn btn-secondary btn-edit-cart hidden " aria-label="Edit Cart">
                            <span class="qty-in-cart"></span>
                            <span class="edit-cart-text">
											<spring code="product.edit.text" />"
										</span>
                        </button>
                        <div class="add-list-parent add-list-module  bottom-add-list-module ">
                            <button class="btn btn-inline-link btn-save-to-list  dark is-btn-animated" data-login-url="/account/login?productCode=20987677_EA" data-ajax-url="/restful/lists/all?productCode=20987677_EA" data-user-guest="Y" data-user-guest="Y" data-product-code="20987677_EA" data-delete-item="false" aria-label="Add Arriba Nacho Cheese Flavour Tortilla Chips to a List">
                                <span class="glyphicon glyphicon-th-list"></span>
                                <div class="list-cta-text  is-btn-animated">Add to List</div>
                            </button>

                            <!-- this is the list HTML   -->
                            <div class="save-to-list-popup  is-btn-animated animation-up dark" data-save-to-list-error="Can not get lists at this time. Please try again later." data-product-name="Arriba Nacho Cheese Flavour Tortilla Chips">
                                <div class="inner-container">
                                </div>

                            </div>
                        </div>

                    </div>
                </div>
            </div>

            <div class="module-plus-minus-buttons small hidden ">
                <button type="button" class="btn cart-change-qty" data-change-type="minus" data-auid="decrease-product-quantity" alt="Minus" aria-label="Minus">
                    <span class="icon-minimize"></span>
                </button>
                <div class="plus-minus-input-wrapper">
                    <input class="input-qty cart-change-qty" aria-label="Enter manual quantity" type="text" name="qty" title="Change quantity in cart" data-unit-type="ea" value="1ea" data-change-type="equals" maxlength="7">

                    <span class="input-qty-pretty">
							<span class="input-qty-pretty-value">1</span>
                    <span class="input-qty-pretty-unit"></span>
                    </span>
                </div>

                <button type="button" class="btn cart-change-qty" data-change-type="plus" data-auid="increase-product-quantity" alt="Plus" aria-label="Plus">
                    <span class="icon-plus-sign"></span>
                </button>

                <p class="deal-limit-reached hidden">Deal Limit Reached</p>

                <div class="tooltip-qty-error tooltip-qty-limit hidden">
                    <p>
                        Limit to &nbsp; 999 &nbsp;each&nbsp; per customer.</p>
                </div>
                <div class="tooltip-qty-error tooltip-round-error hidden">
                    <p>
                        We do not have this in the weight you wanted. We've rounded your order to the nearest weight increment we stock.</p>
                </div>
            </div>
        </form>

        <!-- End Template: AddToCartSmall -->

    </div>
</div>
<div class="item">

    <div class="module-grocery-product quickview-simple  clicked" data-quickview-ajax-url="/p/20972850_EA/quickViewProduct" data-product-id="20972850_EA" data-product-price="$4.58">

        <span class="subtitle"></span>

        <div class="product-page-hotspot">
            <div class="product-cell quickview-button">
                <div class="product-image ">

                    <img src="https://assets.shop.loblaws.ca/products/20972850/b1/en/front/20972850_front_a01.png" onerror="this.src='https://assets.shop.loblaws.ca/products/NoImage/b1/en/front/NoImage_front_a01_@2.png';" alt="Kettle Cooked Potato Chips, Sea Salt & Malt Vinegar" />

                    <div class="hover-text-container">
                        <button href="#" tabindex="0" class="hover-text " aria-label="Quick View for Kettle Cooked Potato Chips, Sea Salt & Malt Vinegar.">Quick View</button>
                    </div>
                </div>
            </div>

            <div class="product-in-cart">
                <div class="wrapper-product-in-cart">
                    <span>
	  			    In Cart
	  		    </span>
                </div>
            </div>

            <div class="product-info">
                <div class="product-name-wrapper">
                    <a href="/Food/Pantry/Chips-%26-Salty-Snacks/Potato-Chips/Miss-Vickies-Kettle-Cooked-Potato-Chips%2C-Sea-Salt-%26-Malt-Vinegar/p/20972850_EA" class="product-name" aria-label="Product page for Kettle Cooked Potato Chips, Sea Salt & Malt Vinegar">
                        <span class="js-product-entry-brand">Miss Vickies&nbsp;</span>

                        <span class="js-product-entry-name">Kettle Cooked Potato Chips, Sea Salt & Malt Vinegar</span>

                        <span class="js-product-entry-size-detail">(300 g)</span>

                    </a>
                </div>

                <span class="ad-match-badge  hidden">Ad Match</span>

                <div class="price">
                    <div class="price-wrapper no-discount  ">
                        <span class="reg-price  " aria-label="Regular Price: $4.58">
					    <span class="reg-price-text">$4.58</span>

                        <sup class="reg-price-unit">ea</sup>
                        </span>
                        <span class="sale-price hidden" aria-label="Sale Price:">
					    <span class="sale-price-text"></span>
                        <sup class="sale-price-unit">ea</sup>
                        </span>

                        <span class="secondary-price hidden">

					    <span class="secondary-price-text" aria-label="Secondary Price:"></span>
                        </span>
                    </div>
                </div>

                <div class="qty">
                    <span class="reg-qty  ">

		  		<span class="sr-only">Sale Price Per Unit:</span> $1.53 / 100 g

                    </span>

                    <span class="sale-qty hidden">

		  		<span class="sr-only">Sale Price Per Unit:</span> $1.53 / 100 g

                    </span>

                    <span class="secondary-qty hidden">

	  	<span class="secondary-qty-text"></span>
                    </span>
                </div>
            </div>

        </div>
        <form class="form-product  quickview-btn-simple" data-product-id="20972850_EA" data-min-qty="1.0" data-max-qty="999.0" data-unit-type="ea" data-cart-qty="1" data-default-qty="1" novalidate="novalidate" promoCode="" promoNumber="" data-is-customized="false" data-cart-url="/cart/product/20972850_EA" data-csrf-token="5582ec01-90c0-448b-b4f7-e2cf68d9f8a0" data-is-weighted-product="false">

            <div class="module-add-to-cart " data-change-type="plus" data-auto-edit="true" data-auto-add="true" data-cart-ajax-url="/cart/updateCart">
                <div class="wrapper-add-to-cart-btn">
                    <div class="module-add-to-cart-button-small">
                        <button type="button" class="btn btn-secondary btn-add-to-cart " data-auid="add-to-cart-button" data-has-pts-badge="false" aria-label="Add Kettle Cooked Potato Chips, Sea Salt & Malt Vinegar to cart">
                            <span class="icon-cart"></span>
                            <span class="add-to-cart-text">
											Add</span>
                        </button>
                        <button type="button" class="btn btn-secondary btn-edit-cart hidden " aria-label="Edit Cart">
                            <span class="qty-in-cart"></span>
                            <span class="edit-cart-text">
											<spring code="product.edit.text" />"
										</span>
                        </button>
                        <div class="add-list-parent add-list-module  bottom-add-list-module ">
                            <button class="btn btn-inline-link btn-save-to-list  dark is-btn-animated" data-login-url="/account/login?productCode=20972850_EA" data-ajax-url="/restful/lists/all?productCode=20972850_EA" data-user-guest="Y" data-user-guest="Y" data-product-code="20972850_EA" data-delete-item="false" aria-label="Add Kettle Cooked Potato Chips, Sea Salt & Malt Vinegar to a List">
                                <span class="glyphicon glyphicon-th-list"></span>
                                <div class="list-cta-text  is-btn-animated">Add to List</div>
                            </button>

                            <!-- this is the list HTML   -->
                            <div class="save-to-list-popup  is-btn-animated animation-up dark" data-save-to-list-error="Can not get lists at this time. Please try again later." data-product-name="Kettle Cooked Potato Chips, Sea Salt & Malt Vinegar">
                                <div class="inner-container">
                                </div>

                            </div>
                        </div>

                    </div>
                </div>
            </div>

            <div class="module-plus-minus-buttons small hidden ">
                <button type="button" class="btn cart-change-qty" data-change-type="minus" data-auid="decrease-product-quantity" alt="Minus" aria-label="Minus">
                    <span class="icon-minimize"></span>
                </button>
                <div class="plus-minus-input-wrapper">
                    <input class="input-qty cart-change-qty" aria-label="Enter manual quantity" type="text" name="qty" title="Change quantity in cart" data-unit-type="ea" value="1ea" data-change-type="equals" maxlength="7">

                    <span class="input-qty-pretty">
							<span class="input-qty-pretty-value">1</span>
                    <span class="input-qty-pretty-unit"></span>
                    </span>
                </div>

                <button type="button" class="btn cart-change-qty" data-change-type="plus" data-auid="increase-product-quantity" alt="Plus" aria-label="Plus">
                    <span class="icon-plus-sign"></span>
                </button>

                <p class="deal-limit-reached hidden">Deal Limit Reached</p>

                <div class="tooltip-qty-error tooltip-qty-limit hidden">
                    <p>
                        Limit to &nbsp; 999 &nbsp;each&nbsp; per customer.</p>
                </div>
                <div class="tooltip-qty-error tooltip-round-error hidden">
                    <p>
                        We do not have this in the weight you wanted. We've rounded your order to the nearest weight increment we stock.</p>
                </div>
            </div>
        </form>

        <!-- End Template: AddToCartSmall -->

    </div>
</div>
<div class="item">

    <div class="module-grocery-product quickview-simple  clicked" data-quickview-ajax-url="/p/21029600_EA/quickViewProduct" data-product-id="21029600_EA" data-product-price="$3.48">

        <span class="subtitle"></span>

        <div class="product-page-hotspot">
            <div class="product-cell quickview-button">
                <div class="product-image ">

                    <img src="https://assets.shop.loblaws.ca/products/21029600/b1/en/front/21029600_front_a01.png" onerror="this.src='https://assets.shop.loblaws.ca/products/NoImage/b1/en/front/NoImage_front_a01_@2.png';" alt="Organic Vegan Sweet & Spicy Tortilla Chips" />

                    <span class="sticker deal">
	  				    <span class="deal-badge">
	  					    <span class="module-deal-badge module-deal-badge-feature flyer expires undefined">
	  						    <span class="deal-type">
								    Flyer<br />
	  							    Item
	  						    </span>

                    <span class="deal-expiry">
		Exp. 12/19
	</span>

                    </span>
                    </span>
                    </span>

                    <div class="hover-text-container">
                        <button href="#" tabindex="0" class="hover-text " aria-label="Quick View for Organic Vegan Sweet & Spicy Tortilla Chips.">Quick View</button>
                    </div>
                </div>
            </div>

            <div class="product-in-cart">
                <div class="wrapper-product-in-cart">
                    <span>
	  			    In Cart
	  		    </span>
                </div>
            </div>

            <div class="product-info">
                <div class="product-name-wrapper">
                    <a href="/Food/Pantry/Chips-%26-Salty-Snacks/Potato-Chips/Que-Pasa-Organic-Vegan-Sweet-%26-Spicy-Tortilla-Chips/p/21029600_EA" class="product-name" aria-label="Product page for Organic Vegan Sweet & Spicy Tortilla Chips">
                        <span class="js-product-entry-brand">Que Pasa&nbsp;</span>

                        <span class="js-product-entry-name">Organic Vegan Sweet & Spicy Tortilla Chips</span>

                        <span class="js-product-entry-size-detail">(156 g)</span>

                    </a>
                </div>

                <span class="ad-match-badge  hidden">Ad Match</span>

                <div class="price">
                    <div class="price-wrapper no-discount  ">
                        <span class="reg-price  " aria-label="Regular Price: $3.48">
					    <span class="reg-price-text">$3.48</span>

                        <sup class="reg-price-unit">ea</sup>
                        </span>
                        <span class="sale-price hidden" aria-label="Sale Price:">
					    <span class="sale-price-text"></span>
                        <sup class="sale-price-unit">ea</sup>
                        </span>

                        <span class="secondary-price hidden">

					    <span class="secondary-price-text" aria-label="Secondary Price:"></span>
                        </span>
                    </div>
                </div>

                <div class="qty">
                    <span class="reg-qty  ">

		  		<span class="sr-only">Sale Price Per Unit:</span> $2.23 / 100 g

                    </span>

                    <span class="sale-qty hidden">

		  		<span class="sr-only">Sale Price Per Unit:</span> $2.23 / 100 g

                    </span>

                    <span class="secondary-qty hidden">

	  	<span class="secondary-qty-text"></span>
                    </span>
                </div>
            </div>

        </div>
        <form class="form-product  quickview-btn-simple" data-product-id="21029600_EA" data-min-qty="1.0" data-max-qty="999.0" data-unit-type="ea" data-cart-qty="1" data-default-qty="1" novalidate="novalidate" promoCode="" promoNumber="" data-is-customized="false" data-cart-url="/cart/product/21029600_EA" data-csrf-token="5582ec01-90c0-448b-b4f7-e2cf68d9f8a0" data-is-weighted-product="false">

            <div class="module-add-to-cart " data-change-type="plus" data-auto-edit="true" data-auto-add="true" data-cart-ajax-url="/cart/updateCart">
                <div class="wrapper-add-to-cart-btn">
                    <div class="module-add-to-cart-button-small">
                        <button type="button" class="btn btn-secondary btn-add-to-cart " data-auid="add-to-cart-button" data-has-pts-badge="false" aria-label="Add Organic Vegan Sweet & Spicy Tortilla Chips to cart">
                            <span class="icon-cart"></span>
                            <span class="add-to-cart-text">
											Add</span>
                        </button>
                        <button type="button" class="btn btn-secondary btn-edit-cart hidden " aria-label="Edit Cart">
                            <span class="qty-in-cart"></span>
                            <span class="edit-cart-text">
											<spring code="product.edit.text" />"
										</span>
                        </button>
                        <div class="add-list-parent add-list-module  bottom-add-list-module ">
                            <button class="btn btn-inline-link btn-save-to-list  dark is-btn-animated" data-login-url="/account/login?productCode=21029600_EA" data-ajax-url="/restful/lists/all?productCode=21029600_EA" data-user-guest="Y" data-user-guest="Y" data-product-code="21029600_EA" data-delete-item="false" aria-label="Add Organic Vegan Sweet & Spicy Tortilla Chips to a List">
                                <span class="glyphicon glyphicon-th-list"></span>
                                <div class="list-cta-text  is-btn-animated">Add to List</div>
                            </button>

                            <!-- this is the list HTML   -->
                            <div class="save-to-list-popup  is-btn-animated animation-up dark" data-save-to-list-error="Can not get lists at this time. Please try again later." data-product-name="Organic Vegan Sweet & Spicy Tortilla Chips">
                                <div class="inner-container">
                                </div>

                            </div>
                        </div>

                    </div>
                </div>
            </div>

            <div class="module-plus-minus-buttons small hidden ">
                <button type="button" class="btn cart-change-qty" data-change-type="minus" data-auid="decrease-product-quantity" alt="Minus" aria-label="Minus">
                    <span class="icon-minimize"></span>
                </button>
                <div class="plus-minus-input-wrapper">
                    <input class="input-qty cart-change-qty" aria-label="Enter manual quantity" type="text" name="qty" title="Change quantity in cart" data-unit-type="ea" value="1ea" data-change-type="equals" maxlength="7">

                    <span class="input-qty-pretty">
							<span class="input-qty-pretty-value">1</span>
                    <span class="input-qty-pretty-unit"></span>
                    </span>
                </div>

                <button type="button" class="btn cart-change-qty" data-change-type="plus" data-auid="increase-product-quantity" alt="Plus" aria-label="Plus">
                    <span class="icon-plus-sign"></span>
                </button>

                <p class="deal-limit-reached hidden">Deal Limit Reached</p>

                <div class="tooltip-qty-error tooltip-qty-limit hidden">
                    <p>
                        Limit to &nbsp; 999 &nbsp;each&nbsp; per customer.</p>
                </div>
                <div class="tooltip-qty-error tooltip-round-error hidden">
                    <p>
                        We do not have this in the weight you wanted. We've rounded your order to the nearest weight increment we stock.</p>
                </div>
            </div>
        </form>

        <!-- End Template: AddToCartSmall -->

    </div>
</div>
<div class="item">

    <div class="module-grocery-product quickview-simple  clicked" data-quickview-ajax-url="/p/20899063004_EA/quickViewProduct" data-product-id="20899063004_EA" data-product-price="$4.98">

        <span class="subtitle"></span>

        <div class="product-page-hotspot">
            <div class="product-cell quickview-button">
                <div class="product-image ">

                    <img src="https://assets.shop.loblaws.ca/products/20899063004/b1/en/front/20899063004_front_a01.png" onerror="this.src='https://assets.shop.loblaws.ca/products/NoImage/b1/en/front/NoImage_front_a01_@2.png';" alt="Thai Coconut Chick Peas" />

                    <div class="hover-text-container">
                        <button href="#" tabindex="0" class="hover-text " aria-label="Quick View for Thai Coconut Chick Peas.">Quick View</button>
                    </div>
                </div>
            </div>

            <div class="product-in-cart">
                <div class="wrapper-product-in-cart">
                    <span>
	  			    In Cart
	  		    </span>
                </div>
            </div>

            <div class="product-info">
                <div class="product-name-wrapper">
                    <a href="/Food/Pantry/Chips-%26-Salty-Snacks/Potato-Chips/The-Good-Bean-Thai-Coconut-Chick-Peas/p/20899063004_EA" class="product-name" aria-label="Product page for Thai Coconut Chick Peas">
                        <span class="js-product-entry-brand">The Good Bean&nbsp;</span>

                        <span class="js-product-entry-name">Thai Coconut Chick Peas</span>

                        <span class="js-product-entry-size-detail">(170 g)</span>

                    </a>
                </div>

                <span class="ad-match-badge  hidden">Ad Match</span>

                <div class="price">
                    <div class="price-wrapper no-discount  ">
                        <span class="reg-price  " aria-label="Regular Price: $4.98">
					    <span class="reg-price-text">$4.98</span>

                        <sup class="reg-price-unit">ea</sup>
                        </span>
                        <span class="sale-price hidden" aria-label="Sale Price:">
					    <span class="sale-price-text"></span>
                        <sup class="sale-price-unit">ea</sup>
                        </span>

                        <span class="secondary-price hidden">

					    <span class="secondary-price-text" aria-label="Secondary Price:"></span>
                        </span>
                    </div>
                </div>

                <div class="qty">
                    <span class="reg-qty  ">

		  		<span class="sr-only">Sale Price Per Unit:</span> $2.93 / 100 g

                    </span>

                    <span class="sale-qty hidden">

		  		<span class="sr-only">Sale Price Per Unit:</span> $2.93 / 100 g

                    </span>

                    <span class="secondary-qty hidden">

	  	<span class="secondary-qty-text"></span>
                    </span>
                </div>
            </div>

        </div>
        <form class="form-product  quickview-btn-simple" data-product-id="20899063004_EA" data-min-qty="1.0" data-max-qty="999.0" data-unit-type="ea" data-cart-qty="1" data-default-qty="1" novalidate="novalidate" promoCode="" promoNumber="" data-is-customized="false" data-cart-url="/cart/product/20899063004_EA" data-csrf-token="5582ec01-90c0-448b-b4f7-e2cf68d9f8a0" data-is-weighted-product="false">

            <div class="module-add-to-cart " data-change-type="plus" data-auto-edit="true" data-auto-add="true" data-cart-ajax-url="/cart/updateCart">
                <div class="wrapper-add-to-cart-btn">
                    <div class="module-add-to-cart-button-small">
                        <button type="button" class="btn btn-secondary btn-add-to-cart " data-auid="add-to-cart-button" data-has-pts-badge="false" aria-label="Add Thai Coconut Chick Peas to cart">
                            <span class="icon-cart"></span>
                            <span class="add-to-cart-text">
											Add</span>
                        </button>
                        <button type="button" class="btn btn-secondary btn-edit-cart hidden " aria-label="Edit Cart">
                            <span class="qty-in-cart"></span>
                            <span class="edit-cart-text">
											<spring code="product.edit.text" />"
										</span>
                        </button>
                        <div class="add-list-parent add-list-module  bottom-add-list-module ">
                            <button class="btn btn-inline-link btn-save-to-list  dark is-btn-animated" data-login-url="/account/login?productCode=20899063004_EA" data-ajax-url="/restful/lists/all?productCode=20899063004_EA" data-user-guest="Y" data-user-guest="Y" data-product-code="20899063004_EA" data-delete-item="false" aria-label="Add Thai Coconut Chick Peas to a List">
                                <span class="glyphicon glyphicon-th-list"></span>
                                <div class="list-cta-text  is-btn-animated">Add to List</div>
                            </button>

                            <!-- this is the list HTML   -->
                            <div class="save-to-list-popup  is-btn-animated animation-up dark" data-save-to-list-error="Can not get lists at this time. Please try again later." data-product-name="Thai Coconut Chick Peas">
                                <div class="inner-container">
                                </div>

                            </div>
                        </div>

                    </div>
                </div>
            </div>

            <div class="module-plus-minus-buttons small hidden ">
                <button type="button" class="btn cart-change-qty" data-change-type="minus" data-auid="decrease-product-quantity" alt="Minus" aria-label="Minus">
                    <span class="icon-minimize"></span>
                </button>
                <div class="plus-minus-input-wrapper">
                    <input class="input-qty cart-change-qty" aria-label="Enter manual quantity" type="text" name="qty" title="Change quantity in cart" data-unit-type="ea" value="1ea" data-change-type="equals" maxlength="7">

                    <span class="input-qty-pretty">
							<span class="input-qty-pretty-value">1</span>
                    <span class="input-qty-pretty-unit"></span>
                    </span>
                </div>

                <button type="button" class="btn cart-change-qty" data-change-type="plus" data-auid="increase-product-quantity" alt="Plus" aria-label="Plus">
                    <span class="icon-plus-sign"></span>
                </button>

                <p class="deal-limit-reached hidden">Deal Limit Reached</p>

                <div class="tooltip-qty-error tooltip-qty-limit hidden">
                    <p>
                        Limit to &nbsp; 999 &nbsp;each&nbsp; per customer.</p>
                </div>
                <div class="tooltip-qty-error tooltip-round-error hidden">
                    <p>
                        We do not have this in the weight you wanted. We've rounded your order to the nearest weight increment we stock.</p>
                </div>
            </div>
        </form>

        <!-- End Template: AddToCartSmall -->

    </div>
</div>
<div class="item">

    <div class="module-grocery-product quickview-simple  clicked" data-quickview-ajax-url="/p/21014240_EA/quickViewProduct" data-product-id="21014240_EA" data-product-price="$3.98">

        <span class="subtitle"></span>

        <div class="product-page-hotspot">
            <div class="product-cell quickview-button">
                <div class="product-image ">

                    <img src="https://assets.shop.loblaws.ca/products/21014240/b1/en/front/21014240_front_a01.png" onerror="this.src='https://assets.shop.loblaws.ca/products/NoImage/b1/en/front/NoImage_front_a01_@2.png';" alt="Blast O Butter Ultimate Theatre Style Butter Microwave Pop Corn" />

                    <span class="sticker deal">
	  				        <span class="deal-badge">

	  				            <span class="module-deal-badge module-deal-badge-grid simple-save-unit "
	  						        data-deal-type="$3.98 LIMIT 4"
	  						        data-ajax-promo-url="/simpleDeal/deals/product-tile?productCode=21014240_EA"
	  						        data-deal-id="21014240_EA">
	  						        <span class="deal-type">$3.98 LIMIT 4</span>

                    <span class="deal-expiry">
		Exp. 12/27
	</span>

                    </span>
                    </span>
                    </span>

                    <div class="hover-text-container">
                        <button href="#" tabindex="0" class="hover-text " aria-label="Quick View for Blast O Butter Ultimate Theatre Style Butter Microwave Pop Corn.">Quick View</button>
                    </div>
                </div>
            </div>

            <div class="product-in-cart">
                <div class="wrapper-product-in-cart">
                    <span>
	  			    In Cart
	  		    </span>
                </div>
            </div>

            <div class="product-info">
                <div class="product-name-wrapper">
                    <a href="/Food/Pantry/Chips-%26-Salty-Snacks/Potato-Chips/Jolly-Time-Blast-O-Butter-Ultimate-Theatre-Style-Butter-Microwave-Pop-Corn/p/21014240_EA" class="product-name" aria-label="Product page for Blast O Butter Ultimate Theatre Style Butter Microwave Pop Corn">

                        <span class="js-product-entry-name">Blast O Butter Ultimate Theatre Style Butter Microwave Pop Corn</span>

                        <span class="js-product-entry-size-detail">(594 g)</span>

                    </a>
                </div>

                <span class="ad-match-badge  hidden">Ad Match</span>

                <div class="price">
                    <div class="price-wrapper no-discount promo-alert ">
                        <span class="reg-price  price-alert" aria-label="Regular Price: $3.98">
					    <span class="reg-price-text">$3.98</span>

                        <sup class="reg-price-unit">ea</sup>
                        </span>
                        <span class="sale-price hidden" aria-label="Sale Price:">
					    <span class="sale-price-text"></span>
                        <sup class="sale-price-unit">ea</sup>
                        </span>

                        <span class="secondary-price hidden">

					    <span class="secondary-price-text" aria-label="Secondary Price:"></span>
                        </span>
                    </div>
                </div>

                <div class="qty">
                    <span class="reg-qty  price-alert">

		  		<span class="sr-only">Sale Price Per Unit:</span> $0.67 / 100 g

                    </span>

                    <span class="sale-qty hidden">

		  		<span class="sr-only">Sale Price Per Unit:</span> $0.67 / 100 g

                    </span>

                    <span class="secondary-qty hidden">

	  	<span class="secondary-qty-text"></span>
                    </span>
                </div>
            </div>

        </div>
        <form class="form-product  quickview-btn-simple" data-product-id="21014240_EA" data-min-qty="1.0" data-max-qty="999.0" data-unit-type="ea" data-cart-qty="1" data-default-qty="1" novalidate="novalidate" promoCode="" promoNumber="" data-is-customized="false" data-cart-url="/cart/product/21014240_EA" data-csrf-token="5582ec01-90c0-448b-b4f7-e2cf68d9f8a0" data-is-weighted-product="false">

            <div class="module-add-to-cart " data-change-type="plus" data-auto-edit="true" data-auto-add="true" data-cart-ajax-url="/cart/updateCart">
                <div class="wrapper-add-to-cart-btn">
                    <div class="module-add-to-cart-button-small">
                        <button type="button" class="btn btn-secondary btn-add-to-cart " data-auid="add-to-cart-button" data-has-pts-badge="false" aria-label="Add Blast O Butter Ultimate Theatre Style Butter Microwave Pop Corn to cart">
                            <span class="icon-cart"></span>
                            <span class="add-to-cart-text">
											Add</span>
                        </button>
                        <button type="button" class="btn btn-secondary btn-edit-cart hidden " aria-label="Edit Cart">
                            <span class="qty-in-cart"></span>
                            <span class="edit-cart-text">
											<spring code="product.edit.text" />"
										</span>
                        </button>
                        <div class="add-list-parent add-list-module  bottom-add-list-module ">
                            <button class="btn btn-inline-link btn-save-to-list  dark is-btn-animated" data-login-url="/account/login?productCode=21014240_EA" data-ajax-url="/restful/lists/all?productCode=21014240_EA" data-user-guest="Y" data-user-guest="Y" data-product-code="21014240_EA" data-delete-item="false" aria-label="Add Blast O Butter Ultimate Theatre Style Butter Microwave Pop Corn to a List">
                                <span class="glyphicon glyphicon-th-list"></span>
                                <div class="list-cta-text  is-btn-animated">Add to List</div>
                            </button>

                            <!-- this is the list HTML   -->
                            <div class="save-to-list-popup  is-btn-animated animation-up dark" data-save-to-list-error="Can not get lists at this time. Please try again later." data-product-name="Blast O Butter Ultimate Theatre Style Butter Microwave Pop Corn">
                                <div class="inner-container">
                                </div>

                            </div>
                        </div>

                    </div>
                </div>
            </div>

            <div class="module-plus-minus-buttons small hidden ">
                <button type="button" class="btn cart-change-qty" data-change-type="minus" data-auid="decrease-product-quantity" alt="Minus" aria-label="Minus">
                    <span class="icon-minimize"></span>
                </button>
                <div class="plus-minus-input-wrapper">
                    <input class="input-qty cart-change-qty" aria-label="Enter manual quantity" type="text" name="qty" title="Change quantity in cart" data-unit-type="ea" value="1ea" data-change-type="equals" maxlength="7">

                    <span class="input-qty-pretty">
							<span class="input-qty-pretty-value">1</span>
                    <span class="input-qty-pretty-unit"></span>
                    </span>
                </div>

                <button type="button" class="btn cart-change-qty" data-change-type="plus" data-auid="increase-product-quantity" alt="Plus" aria-label="Plus">
                    <span class="icon-plus-sign"></span>
                </button>

                <p class="deal-limit-reached hidden">Deal Limit Reached</p>

                <div class="tooltip-qty-error tooltip-qty-limit hidden">
                    <p>
                        Limit to &nbsp; 999 &nbsp;each&nbsp; per customer.</p>
                </div>
                <div class="tooltip-qty-error tooltip-round-error hidden">
                    <p>
                        We do not have this in the weight you wanted. We've rounded your order to the nearest weight increment we stock.</p>
                </div>
            </div>
        </form>

        <!-- End Template: AddToCartSmall -->

    </div>
</div>
<div class="item">

    <div class="module-grocery-product quickview-simple  clicked" data-quickview-ajax-url="/p/20862456_EA/quickViewProduct" data-product-id="20862456_EA" data-product-price="$1.38">

        <span class="subtitle"></span>

        <div class="product-page-hotspot">
            <div class="product-cell quickview-button">
                <div class="product-image ">

                    <img src="https://assets.shop.loblaws.ca/products/20862456/b1/en/front/20862456_front_a01.png" onerror="this.src='https://assets.shop.loblaws.ca/products/NoImage/b1/en/front/NoImage_front_a01_@2.png';" alt="Pizza Clip" />

                    <div class="hover-text-container">
                        <button href="#" tabindex="0" class="hover-text " aria-label="Quick View for Pizza Clip.">Quick View</button>
                    </div>
                </div>
            </div>

            <div class="product-in-cart">
                <div class="wrapper-product-in-cart">
                    <span>
	  			    In Cart
	  		    </span>
                </div>
            </div>

            <div class="product-info">
                <div class="product-name-wrapper">
                    <a href="/Food/Pantry/Chips-%26-Salty-Snacks/Potato-Chips/Ulker-Pizza-Clip/p/20862456_EA" class="product-name" aria-label="Product page for Pizza Clip">
                        <span class="js-product-entry-brand">Ulker&nbsp;</span>

                        <span class="js-product-entry-name">Pizza Clip</span>

                        <span class="js-product-entry-size-detail">(150 g)</span>

                    </a>
                </div>

                <span class="ad-match-badge  hidden">Ad Match</span>

                <div class="price">
                    <div class="price-wrapper no-discount  ">
                        <span class="reg-price  " aria-label="Regular Price: $1.38">
					    <span class="reg-price-text">$1.38</span>

                        <sup class="reg-price-unit">ea</sup>
                        </span>
                        <span class="sale-price hidden" aria-label="Sale Price:">
					    <span class="sale-price-text"></span>
                        <sup class="sale-price-unit">ea</sup>
                        </span>

                        <span class="secondary-price hidden">

					    <span class="secondary-price-text" aria-label="Secondary Price:"></span>
                        </span>
                    </div>
                </div>

                <div class="qty">
                    <span class="reg-qty  ">

		  		<span class="sr-only">Sale Price Per Unit:</span> $0.92 / 100 g

                    </span>

                    <span class="sale-qty hidden">

		  		<span class="sr-only">Sale Price Per Unit:</span> $0.92 / 100 g

                    </span>

                    <span class="secondary-qty hidden">

	  	<span class="secondary-qty-text"></span>
                    </span>
                </div>
            </div>

        </div>
        <form class="form-product  quickview-btn-simple" data-product-id="20862456_EA" data-min-qty="1.0" data-max-qty="999.0" data-unit-type="ea" data-cart-qty="1" data-default-qty="1" novalidate="novalidate" promoCode="" promoNumber="" data-is-customized="false" data-cart-url="/cart/product/20862456_EA" data-csrf-token="5582ec01-90c0-448b-b4f7-e2cf68d9f8a0" data-is-weighted-product="false">

            <div class="module-add-to-cart " data-change-type="plus" data-auto-edit="true" data-auto-add="true" data-cart-ajax-url="/cart/updateCart">
                <div class="wrapper-add-to-cart-btn">
                    <div class="module-add-to-cart-button-small">
                        <button type="button" class="btn btn-secondary btn-add-to-cart " data-auid="add-to-cart-button" data-has-pts-badge="false" aria-label="Add Pizza Clip to cart">
                            <span class="icon-cart"></span>
                            <span class="add-to-cart-text">
											Add</span>
                        </button>
                        <button type="button" class="btn btn-secondary btn-edit-cart hidden " aria-label="Edit Cart">
                            <span class="qty-in-cart"></span>
                            <span class="edit-cart-text">
											<spring code="product.edit.text" />"
										</span>
                        </button>
                        <div class="add-list-parent add-list-module  bottom-add-list-module ">
                            <button class="btn btn-inline-link btn-save-to-list  dark is-btn-animated" data-login-url="/account/login?productCode=20862456_EA" data-ajax-url="/restful/lists/all?productCode=20862456_EA" data-user-guest="Y" data-user-guest="Y" data-product-code="20862456_EA" data-delete-item="false" aria-label="Add Pizza Clip to a List">
                                <span class="glyphicon glyphicon-th-list"></span>
                                <div class="list-cta-text  is-btn-animated">Add to List</div>
                            </button>

                            <!-- this is the list HTML   -->
                            <div class="save-to-list-popup  is-btn-animated animation-up dark" data-save-to-list-error="Can not get lists at this time. Please try again later." data-product-name="Pizza Clip">
                                <div class="inner-container">
                                </div>

                            </div>
                        </div>

                    </div>
                </div>
            </div>

            <div class="module-plus-minus-buttons small hidden ">
                <button type="button" class="btn cart-change-qty" data-change-type="minus" data-auid="decrease-product-quantity" alt="Minus" aria-label="Minus">
                    <span class="icon-minimize"></span>
                </button>
                <div class="plus-minus-input-wrapper">
                    <input class="input-qty cart-change-qty" aria-label="Enter manual quantity" type="text" name="qty" title="Change quantity in cart" data-unit-type="ea" value="1ea" data-change-type="equals" maxlength="7">

                    <span class="input-qty-pretty">
							<span class="input-qty-pretty-value">1</span>
                    <span class="input-qty-pretty-unit"></span>
                    </span>
                </div>

                <button type="button" class="btn cart-change-qty" data-change-type="plus" data-auid="increase-product-quantity" alt="Plus" aria-label="Plus">
                    <span class="icon-plus-sign"></span>
                </button>

                <p class="deal-limit-reached hidden">Deal Limit Reached</p>

                <div class="tooltip-qty-error tooltip-qty-limit hidden">
                    <p>
                        Limit to &nbsp; 999 &nbsp;each&nbsp; per customer.</p>
                </div>
                <div class="tooltip-qty-error tooltip-round-error hidden">
                    <p>
                        We do not have this in the weight you wanted. We've rounded your order to the nearest weight increment we stock.</p>
                </div>
            </div>
        </form>

        <!-- End Template: AddToCartSmall -->

    </div>
</div>

<div class="item">

    <div class="module-grocery-product quickview-simple  clicked" data-quickview-ajax-url="/p/20963673_EA/quickViewProduct" data-product-id="20963673_EA" data-product-price="$3.27">

        <span class="subtitle"></span>

        <div class="product-page-hotspot">
            <div class="product-cell quickview-button">
                <div class="product-image ">

                    <img src="https://assets.shop.loblaws.ca/products/20963673/b1/en/front/20963673_front_a01.png" onerror="this.src='https://assets.shop.loblaws.ca/products/NoImage/b1/en/front/NoImage_front_a01_@2.png';" alt="Crunchy Cheese Flavoured Snacks, Flamin' Hot" />

                    <div class="hover-text-container">
                        <button href="#" tabindex="0" class="hover-text " aria-label="Quick View for Crunchy Cheese Flavoured Snacks, Flamin' Hot.">Quick View</button>
                    </div>
                </div>
            </div>

            <div class="product-in-cart">
                <div class="wrapper-product-in-cart">
                    <span>
	  			    In Cart
	  		    </span>
                </div>
            </div>

            <div class="product-info">
                <div class="product-name-wrapper">
                    <a href="/Food/Pantry/Chips-%26-Salty-Snacks/Tortilla-Chips/Cheetos-CRUNCHY-Crunchy-Cheese-Flavoured-Snacks%2C-Flamin%27-Hot/p/20963673_EA" class="product-name" aria-label="Product page for Crunchy Cheese Flavoured Snacks, Flamin' Hot">

                        <span class="js-product-entry-name">Crunchy Cheese Flavoured Snacks, Flamin' Hot</span>

                        <span class="js-product-entry-size-detail">(310 g)</span>

                    </a>
                </div>

                <span class="ad-match-badge  hidden">Ad Match</span>

                <div class="price">
                    <div class="price-wrapper no-discount  ">
                        <span class="reg-price  " aria-label="Regular Price: $3.27">
					    <span class="reg-price-text">$3.27</span>

                        <sup class="reg-price-unit">ea</sup>
                        </span>
                        <span class="sale-price hidden" aria-label="Sale Price:">
					    <span class="sale-price-text"></span>
                        <sup class="sale-price-unit">ea</sup>
                        </span>

                        <span class="secondary-price hidden">

					    <span class="secondary-price-text" aria-label="Secondary Price:"></span>
                        </span>
                    </div>
                </div>

                <div class="qty">
                    <span class="reg-qty  ">

		  		<span class="sr-only">Sale Price Per Unit:</span> $1.05 / 100 g

                    </span>

                    <span class="sale-qty hidden">

		  		<span class="sr-only">Sale Price Per Unit:</span> $1.05 / 100 g

                    </span>

                    <span class="secondary-qty hidden">

	  	<span class="secondary-qty-text"></span>
                    </span>
                </div>
            </div>

        </div>
        <form class="form-product  quickview-btn-simple" data-product-id="20963673_EA" data-min-qty="1.0" data-max-qty="999.0" data-unit-type="ea" data-cart-qty="1" data-default-qty="1" novalidate="novalidate" promoCode="" promoNumber="" data-is-customized="false" data-cart-url="/cart/product/20963673_EA" data-csrf-token="5582ec01-90c0-448b-b4f7-e2cf68d9f8a0" data-is-weighted-product="false">

            <div class="module-add-to-cart " data-change-type="plus" data-auto-edit="true" data-auto-add="true" data-cart-ajax-url="/cart/updateCart">
                <div class="wrapper-add-to-cart-btn">
                    <div class="module-add-to-cart-button-small">
                        <button type="button" class="btn btn-secondary btn-add-to-cart " data-auid="add-to-cart-button" data-has-pts-badge="false" aria-label="Add Crunchy Cheese Flavoured Snacks, Flamin' Hot to cart">
                            <span class="icon-cart"></span>
                            <span class="add-to-cart-text">
											Add</span>
                        </button>
                        <button type="button" class="btn btn-secondary btn-edit-cart hidden " aria-label="Edit Cart">
                            <span class="qty-in-cart"></span>
                            <span class="edit-cart-text">
											<spring code="product.edit.text" />"
										</span>
                        </button>
                        <div class="add-list-parent add-list-module  bottom-add-list-module ">
                            <button class="btn btn-inline-link btn-save-to-list  dark is-btn-animated" data-login-url="/account/login?productCode=20963673_EA" data-ajax-url="/restful/lists/all?productCode=20963673_EA" data-user-guest="Y" data-user-guest="Y" data-product-code="20963673_EA" data-delete-item="false" aria-label="Add Crunchy Cheese Flavoured Snacks, Flamin' Hot to a List">
                                <span class="glyphicon glyphicon-th-list"></span>
                                <div class="list-cta-text  is-btn-animated">Add to List</div>
                            </button>

                            <!-- this is the list HTML   -->
                            <div class="save-to-list-popup  is-btn-animated animation-up dark" data-save-to-list-error="Can not get lists at this time. Please try again later." data-product-name="Crunchy Cheese Flavoured Snacks, Flamin' Hot">
                                <div class="inner-container">
                                </div>

                            </div>
                        </div>

                        <script id="tmpl-product-list-grid" type="text/x-dot-template">
                            <ul>
                                {{~it.shoppingListData :entry:index }} {{? entry.added }}
                                <li class="already-added">
                                    <div class="no-link item-label">

                                        <span class="category-list-name">{{=entry.shoppingListName}}</span>
                                    </div><span class="glyphicon glyphicon-ok"></span></li>
                                {{??}}
                                <li class="has-item-label-link"><a data-shopping-list-name="{{=entry.shoppingListName}}" class="item-label" data-submit-message="{{!entry.addMessage}}" href="/restful/lists/{{=entry.shoppingListCode}}/product/{{=it.productCode}}?CSRFToken={{=it.csrf}}">{{=entry.shoppingListName}}</a></li>
                                {{?}} {{~}}
                                <li class="create-new trigger-modal" data-modal-content-id="create-list-modal-content" data-productcode="{{=it.productCode}}"><a href="#">Create New List</a></li>
                            </ul>
                        </script>

                        <!-- Begin Template: createListModal -->
                        <script type="text/x-dot-template" class="modal-content" id="create-list-modal-content">
                            <div class="wrapper-new-list-popup">
                                <div class="new-list-popup-container">
                                    <h1>
					Create a new list</h1>
                                    <div class="subhead">
                                        Lists are a great way to organize your shopping needs. After you create a list, they can be found in the "My Favourites" page.</div>
                                    {{? it.productcode }}
                                    <form class="container form-create-list" novalidate="novalidate" method="POST" commandName="shoppingListForm" action="/restful/lists/{{=it.productcode}}?CSRFToken=5582ec01-90c0-448b-b4f7-e2cf68d9f8a0" data-ajax-url="/restful/lists/{{=it.productcode}}?CSRFToken=5582ec01-90c0-448b-b4f7-e2cf68d9f8a0" data-server-error-message="Sorry, something went wrong. Please try again later.">
                                        {{??}}
                                        <form class="container form-create-list" novalidate="novalidate" method="POST" commandName="shoppingListForm" action="/restful/lists/?CSRFToken=5582ec01-90c0-448b-b4f7-e2cf68d9f8a0" data-ajax-url="/restful/lists/?CSRFToken=5582ec01-90c0-448b-b4f7-e2cf68d9f8a0" data-server-error-message="Sorry, something went wrong. Please try again later.">
                                            {{?}}
                                            <div class="row-error">
                                                <div>
                                                    <span class='warning server-warning'>
							</span>
                                                </div>
                                            </div>
                                            <input id="name" name="name" class="form-control input-list-name" type="text" autocomplete="off" autofocus placeholder="Enter a name" path="name" maxlength="160" required="true" data-msg-required="Please enter name for list." />

                                            <textarea id="description" name="description" class="form-control input-list-desc" type="text" placeholder="Add a description (optional)" path="description" maxlength="160"></textarea>

                                            <button type="submit" class="btn btn-primary save-list input-submitter-submit">
                                                Save</button>

                                            <a href="javascript:void(0)" class="cancel-new-list modal-close">
						Cancel</a>
                                        </form>
                                </div>
                            </div>
                        </script>

                        <!-- End Template: createListModal -->
                    </div>
                </div>
            </div>

            <div class="module-plus-minus-buttons small hidden ">
                <button type="button" class="btn cart-change-qty" data-change-type="minus" data-auid="decrease-product-quantity" alt="Minus" aria-label="Minus">
                    <span class="icon-minimize"></span>
                </button>
                <div class="plus-minus-input-wrapper">
                    <input class="input-qty cart-change-qty" aria-label="Enter manual quantity" type="text" name="qty" title="Change quantity in cart" data-unit-type="ea" value="1ea" data-change-type="equals" maxlength="7">

                    <span class="input-qty-pretty">
							<span class="input-qty-pretty-value">1</span>
                    <span class="input-qty-pretty-unit"></span>
                    </span>
                </div>

                <button type="button" class="btn cart-change-qty" data-change-type="plus" data-auid="increase-product-quantity" alt="Plus" aria-label="Plus">
                    <span class="icon-plus-sign"></span>
                </button>

                <p class="deal-limit-reached hidden">Deal Limit Reached</p>

                <div class="tooltip-qty-error tooltip-qty-limit hidden">
                    <p>
                        Limit to &nbsp; 999 &nbsp;each&nbsp; per customer.</p>
                </div>
                <div class="tooltip-qty-error tooltip-round-error hidden">
                    <p>
                        We do not have this in the weight you wanted. We've rounded your order to the nearest weight increment we stock.</p>
                </div>
            </div>
            </form>

            <!-- End Template: AddToCartSmall -->

    </div>
</div>
<div class="item">

    <div class="module-grocery-product quickview-simple  clicked" data-quickview-ajax-url="/p/21031316_EA/quickViewProduct" data-product-id="21031316_EA" data-product-price="$2.98">

        <span class="subtitle"></span>

        <div class="product-page-hotspot">
            <div class="product-cell quickview-button">
                <div class="product-image ">

                    <img src="https://assets.shop.loblaws.ca/products/21031316/b1/en/front/21031316_front_a01.png" onerror="this.src='https://assets.shop.loblaws.ca/products/NoImage/b1/en/front/NoImage_front_a01_@2.png';" alt="Salted Tortilla Chips" />

                    <span class="sticker deal">
	  				        <span class="deal-badge">

	  				            <span class="module-deal-badge module-deal-badge-grid simple-save-unit "
	  						        data-deal-type="$2.98 LIMIT 4"
	  						        data-ajax-promo-url="/simpleDeal/deals/product-tile?productCode=21031316_EA"
	  						        data-deal-id="21031316_EA">
	  						        <span class="deal-type">$2.98 LIMIT 4</span>

                    <span class="deal-expiry">
		Exp. 12/27
	</span>

                    </span>
                    </span>
                    </span>

                    <div class="hover-text-container">
                        <button href="#" tabindex="0" class="hover-text " aria-label="Quick View for Salted Tortilla Chips.">Quick View</button>
                    </div>
                </div>
            </div>

            <div class="product-in-cart">
                <div class="wrapper-product-in-cart">
                    <span>
	  			    In Cart
	  		    </span>
                </div>
            </div>

            <div class="product-info">
                <div class="product-name-wrapper">
                    <a href="/Food/Pantry/Chips-%26-Salty-Snacks/Potato-Chips/Que-Pasa-Salted-Tortilla-Chips/p/21031316_EA" class="product-name" aria-label="Product page for Salted Tortilla Chips">
                        <span class="js-product-entry-brand">Que Pasa&nbsp;</span>

                        <span class="js-product-entry-name">Salted Tortilla Chips</span>

                        <span class="js-product-entry-size-detail">(350 g)</span>

                    </a>
                </div>

                <span class="ad-match-badge  hidden">Ad Match</span>

                <div class="price">
                    <div class="price-wrapper no-discount promo-alert ">
                        <span class="reg-price  price-alert" aria-label="Regular Price: $2.98">
					    <span class="reg-price-text">$2.98</span>

                        <sup class="reg-price-unit">ea</sup>
                        </span>
                        <span class="sale-price hidden" aria-label="Sale Price:">
					    <span class="sale-price-text"></span>
                        <sup class="sale-price-unit">ea</sup>
                        </span>

                        <span class="secondary-price hidden">

					    <span class="secondary-price-text" aria-label="Secondary Price:"></span>
                        </span>
                    </div>
                </div>

                <div class="qty">
                    <span class="reg-qty  price-alert">

		  		<span class="sr-only">Sale Price Per Unit:</span> $0.85 / 100 g

                    </span>

                    <span class="sale-qty hidden">

		  		<span class="sr-only">Sale Price Per Unit:</span> $0.85 / 100 g

                    </span>

                    <span class="secondary-qty hidden">

	  	<span class="secondary-qty-text"></span>
                    </span>
                </div>
            </div>

        </div>
        <form class="form-product  quickview-btn-simple" data-product-id="21031316_EA" data-min-qty="1.0" data-max-qty="999.0" data-unit-type="ea" data-cart-qty="1" data-default-qty="1" novalidate="novalidate" promoCode="" promoNumber="" data-is-customized="false" data-cart-url="/cart/product/21031316_EA" data-csrf-token="5582ec01-90c0-448b-b4f7-e2cf68d9f8a0" data-is-weighted-product="false">

            <div class="module-add-to-cart " data-change-type="plus" data-auto-edit="true" data-auto-add="true" data-cart-ajax-url="/cart/updateCart">
                <div class="wrapper-add-to-cart-btn">
                    <div class="module-add-to-cart-button-small">
                        <button type="button" class="btn btn-secondary btn-add-to-cart " data-auid="add-to-cart-button" data-has-pts-badge="false" aria-label="Add Salted Tortilla Chips to cart">
                            <span class="icon-cart"></span>
                            <span class="add-to-cart-text">
											Add</span>
                        </button>
                        <button type="button" class="btn btn-secondary btn-edit-cart hidden " aria-label="Edit Cart">
                            <span class="qty-in-cart"></span>
                            <span class="edit-cart-text">
											<spring code="product.edit.text" />"
										</span>
                        </button>
                        <div class="add-list-parent add-list-module  bottom-add-list-module ">
                            <button class="btn btn-inline-link btn-save-to-list  dark is-btn-animated" data-login-url="/account/login?productCode=21031316_EA" data-ajax-url="/restful/lists/all?productCode=21031316_EA" data-user-guest="Y" data-user-guest="Y" data-product-code="21031316_EA" data-delete-item="false" aria-label="Add Salted Tortilla Chips to a List">
                                <span class="glyphicon glyphicon-th-list"></span>
                                <div class="list-cta-text  is-btn-animated">Add to List</div>
                            </button>

                            <!-- this is the list HTML   -->
                            <div class="save-to-list-popup  is-btn-animated animation-up dark" data-save-to-list-error="Can not get lists at this time. Please try again later." data-product-name="Salted Tortilla Chips">
                                <div class="inner-container">
                                </div>

                            </div>
                        </div>

                    </div>
                </div>
            </div>

            <div class="module-plus-minus-buttons small hidden ">
                <button type="button" class="btn cart-change-qty" data-change-type="minus" data-auid="decrease-product-quantity" alt="Minus" aria-label="Minus">
                    <span class="icon-minimize"></span>
                </button>
                <div class="plus-minus-input-wrapper">
                    <input class="input-qty cart-change-qty" aria-label="Enter manual quantity" type="text" name="qty" title="Change quantity in cart" data-unit-type="ea" value="1ea" data-change-type="equals" maxlength="7">

                    <span class="input-qty-pretty">
							<span class="input-qty-pretty-value">1</span>
                    <span class="input-qty-pretty-unit"></span>
                    </span>
                </div>

                <button type="button" class="btn cart-change-qty" data-change-type="plus" data-auid="increase-product-quantity" alt="Plus" aria-label="Plus">
                    <span class="icon-plus-sign"></span>
                </button>

                <p class="deal-limit-reached hidden">Deal Limit Reached</p>

                <div class="tooltip-qty-error tooltip-qty-limit hidden">
                    <p>
                        Limit to &nbsp; 999 &nbsp;each&nbsp; per customer.</p>
                </div>
                <div class="tooltip-qty-error tooltip-round-error hidden">
                    <p>
                        We do not have this in the weight you wanted. We've rounded your order to the nearest weight increment we stock.</p>
                </div>
            </div>
        </form>

        <!-- End Template: AddToCartSmall -->

    </div>
</div>
<div class="item">

    <div class="module-grocery-product quickview-simple  clicked" data-quickview-ajax-url="/p/20298997010_EA/quickViewProduct" data-product-id="20298997010_EA" data-product-price="$2.48">

        <span class="subtitle"></span>

        <div class="product-page-hotspot">
            <div class="product-cell quickview-button">
                <div class="product-image ">

                    <img src="https://assets.shop.loblaws.ca/products/20298997010/b1/en/front/20298997010_front_a01.png" onerror="this.src='https://assets.shop.loblaws.ca/products/NoImage/b1/en/front/NoImage_front_a01_@2.png';" alt="Kettle Chips, Jalapeno" />

                    <span class="sticker deal">
	  				        <span class="deal-badge">

	  				            <span class="module-deal-badge module-deal-badge-grid simple-save-unit "
	  						        data-deal-type="$2.48 LIMIT 4"
	  						        data-ajax-promo-url="/simpleDeal/deals/product-tile?productCode=20298997010_EA"
	  						        data-deal-id="20298997010_EA">
	  						        <span class="deal-type">$2.48 LIMIT 4</span>

                    <span class="deal-expiry">
		Exp. 12/20
	</span>

                    </span>
                    </span>
                    </span>

                    <div class="hover-text-container">
                        <button href="#" tabindex="0" class="hover-text " aria-label="Quick View for Kettle Chips, Jalapeno.">Quick View</button>
                    </div>
                </div>
            </div>

            <div class="product-in-cart">
                <div class="wrapper-product-in-cart">
                    <span>
	  			    In Cart
	  		    </span>
                </div>
            </div>

            <div class="product-info">
                <div class="product-name-wrapper">
                    <a href="/Food/Pantry/Chips-%26-Salty-Snacks/Potato-Chips/Kettle-Chips%2C-Jalapeno/p/20298997010_EA" class="product-name" aria-label="Product page for Kettle Chips, Jalapeno">
                        <span class="js-product-entry-brand">Kettle&nbsp;</span>

                        <span class="js-product-entry-name">Kettle Chips, Jalapeno</span>

                        <span class="js-product-entry-size-detail">(220 g)</span>

                    </a>
                </div>

                <span class="ad-match-badge  hidden">Ad Match</span>

                <div class="price">
                    <div class="price-wrapper no-discount promo-alert ">
                        <span class="reg-price  price-alert" aria-label="Regular Price: $2.48">
					    <span class="reg-price-text">$2.48</span>

                        <sup class="reg-price-unit">ea</sup>
                        </span>
                        <span class="sale-price hidden" aria-label="Sale Price:">
					    <span class="sale-price-text"></span>
                        <sup class="sale-price-unit">ea</sup>
                        </span>

                        <span class="secondary-price hidden">

					    <span class="secondary-price-text" aria-label="Secondary Price:"></span>
                        </span>
                    </div>
                </div>

                <div class="qty">
                    <span class="reg-qty  price-alert">

		  		<span class="sr-only">Sale Price Per Unit:</span> $1.13 / 100 g

                    </span>

                    <span class="sale-qty hidden">

		  		<span class="sr-only">Sale Price Per Unit:</span> $1.13 / 100 g

                    </span>

                    <span class="secondary-qty hidden">

	  	<span class="secondary-qty-text"></span>
                    </span>
                </div>
            </div>

        </div>
        <form class="form-product  quickview-btn-simple" data-product-id="20298997010_EA" data-min-qty="1.0" data-max-qty="999.0" data-unit-type="ea" data-cart-qty="1" data-default-qty="1" novalidate="novalidate" promoCode="" promoNumber="" data-is-customized="false" data-cart-url="/cart/product/20298997010_EA" data-csrf-token="5582ec01-90c0-448b-b4f7-e2cf68d9f8a0" data-is-weighted-product="false">

            <div class="module-add-to-cart " data-change-type="plus" data-auto-edit="true" data-auto-add="true" data-cart-ajax-url="/cart/updateCart">
                <div class="wrapper-add-to-cart-btn">
                    <div class="module-add-to-cart-button-small">
                        <button type="button" class="btn btn-secondary btn-add-to-cart " data-auid="add-to-cart-button" data-has-pts-badge="false" aria-label="Add Kettle Chips, Jalapeno to cart">
                            <span class="icon-cart"></span>
                            <span class="add-to-cart-text">
											Add</span>
                        </button>
                        <button type="button" class="btn btn-secondary btn-edit-cart hidden " aria-label="Edit Cart">
                            <span class="qty-in-cart"></span>
                            <span class="edit-cart-text">
											<spring code="product.edit.text" />"
										</span>
                        </button>
                        <div class="add-list-parent add-list-module  bottom-add-list-module ">
                            <button class="btn btn-inline-link btn-save-to-list  dark is-btn-animated" data-login-url="/account/login?productCode=20298997010_EA" data-ajax-url="/restful/lists/all?productCode=20298997010_EA" data-user-guest="Y" data-user-guest="Y" data-product-code="20298997010_EA" data-delete-item="false" aria-label="Add Kettle Chips, Jalapeno to a List">
                                <span class="glyphicon glyphicon-th-list"></span>
                                <div class="list-cta-text  is-btn-animated">Add to List</div>
                            </button>

                            <!-- this is the list HTML   -->
                            <div class="save-to-list-popup  is-btn-animated animation-up dark" data-save-to-list-error="Can not get lists at this time. Please try again later." data-product-name="Kettle Chips, Jalapeno">
                                <div class="inner-container">
                                </div>

                            </div>
                        </div>

                    </div>
                </div>
            </div>

            <div class="module-plus-minus-buttons small hidden ">
                <button type="button" class="btn cart-change-qty" data-change-type="minus" data-auid="decrease-product-quantity" alt="Minus" aria-label="Minus">
                    <span class="icon-minimize"></span>
                </button>
                <div class="plus-minus-input-wrapper">
                    <input class="input-qty cart-change-qty" aria-label="Enter manual quantity" type="text" name="qty" title="Change quantity in cart" data-unit-type="ea" value="1ea" data-change-type="equals" maxlength="7">

                    <span class="input-qty-pretty">
							<span class="input-qty-pretty-value">1</span>
                    <span class="input-qty-pretty-unit"></span>
                    </span>
                </div>

                <button type="button" class="btn cart-change-qty" data-change-type="plus" data-auid="increase-product-quantity" alt="Plus" aria-label="Plus">
                    <span class="icon-plus-sign"></span>
                </button>

                <p class="deal-limit-reached hidden">Deal Limit Reached</p>

                <div class="tooltip-qty-error tooltip-qty-limit hidden">
                    <p>
                        Limit to &nbsp; 999 &nbsp;each&nbsp; per customer.</p>
                </div>
                <div class="tooltip-qty-error tooltip-round-error hidden">
                    <p>
                        We do not have this in the weight you wanted. We've rounded your order to the nearest weight increment we stock.</p>
                </div>
            </div>
        </form>

        <!-- End Template: AddToCartSmall -->

    </div>
</div>
<div class="item">

    <div class="module-grocery-product quickview-simple  clicked" data-quickview-ajax-url="/p/20048210_EA/quickViewProduct" data-product-id="20048210_EA" data-product-price="$1.78">

        <span class="subtitle"></span>

        <div class="product-page-hotspot">
            <div class="product-cell quickview-button">
                <div class="product-image ">

                    <img src="https://assets.shop.loblaws.ca/products/20048210/b1/en/front/20048210_front_a01.png" onerror="this.src='https://assets.shop.loblaws.ca/products/NoImage/b1/en/front/NoImage_front_a01_@2.png';" alt="Corn Chips" />

                    <div class="hover-text-container">
                        <button href="#" tabindex="0" class="hover-text " aria-label="Quick View for Corn Chips.">Quick View</button>
                    </div>
                </div>
            </div>

            <div class="product-in-cart">
                <div class="wrapper-product-in-cart">
                    <span>
	  			    In Cart
	  		    </span>
                </div>
            </div>

            <div class="product-info">
                <div class="product-name-wrapper">
                    <a href="/Food/Pantry/Chips-%26-Salty-Snacks/Potato-Chips/No-Name-Corn-Chips/p/20048210_EA" class="product-name" aria-label="Product page for Corn Chips">
                        <span class="js-product-entry-brand">No Name&nbsp;</span>

                        <span class="js-product-entry-name">Corn Chips</span>

                        <span class="js-product-entry-size-detail">(200 g)</span>

                    </a>
                </div>

                <span class="ad-match-badge  hidden">Ad Match</span>

                <div class="price">
                    <div class="price-wrapper no-discount  ">
                        <span class="reg-price  " aria-label="Regular Price: $1.78">
					    <span class="reg-price-text">$1.78</span>

                        <sup class="reg-price-unit">ea</sup>
                        </span>
                        <span class="sale-price hidden" aria-label="Sale Price:">
					    <span class="sale-price-text"></span>
                        <sup class="sale-price-unit">ea</sup>
                        </span>

                        <span class="secondary-price hidden">

					    <span class="secondary-price-text" aria-label="Secondary Price:"></span>
                        </span>
                    </div>
                </div>

                <div class="qty">
                    <span class="reg-qty  ">

		  		<span class="sr-only">Sale Price Per Unit:</span> $0.89 / 100 g

                    </span>

                    <span class="sale-qty hidden">

		  		<span class="sr-only">Sale Price Per Unit:</span> $0.89 / 100 g

                    </span>

                    <span class="secondary-qty hidden">

	  	<span class="secondary-qty-text"></span>
                    </span>
                </div>
            </div>

        </div>
        <form class="form-product  quickview-btn-simple" data-product-id="20048210_EA" data-min-qty="1.0" data-max-qty="999.0" data-unit-type="ea" data-cart-qty="1" data-default-qty="1" novalidate="novalidate" promoCode="" promoNumber="" data-is-customized="false" data-cart-url="/cart/product/20048210_EA" data-csrf-token="5582ec01-90c0-448b-b4f7-e2cf68d9f8a0" data-is-weighted-product="false">

            <div class="module-add-to-cart " data-change-type="plus" data-auto-edit="true" data-auto-add="true" data-cart-ajax-url="/cart/updateCart">
                <div class="wrapper-add-to-cart-btn">
                    <div class="module-add-to-cart-button-small">
                        <button type="button" class="btn btn-secondary btn-add-to-cart " data-auid="add-to-cart-button" data-has-pts-badge="false" aria-label="Add Corn Chips to cart">
                            <span class="icon-cart"></span>
                            <span class="add-to-cart-text">
											Add</span>
                        </button>
                        <button type="button" class="btn btn-secondary btn-edit-cart hidden " aria-label="Edit Cart">
                            <span class="qty-in-cart"></span>
                            <span class="edit-cart-text">
											<spring code="product.edit.text" />"
										</span>
                        </button>
                        <div class="add-list-parent add-list-module  bottom-add-list-module ">
                            <button class="btn btn-inline-link btn-save-to-list  dark is-btn-animated" data-login-url="/account/login?productCode=20048210_EA" data-ajax-url="/restful/lists/all?productCode=20048210_EA" data-user-guest="Y" data-user-guest="Y" data-product-code="20048210_EA" data-delete-item="false" aria-label="Add Corn Chips to a List">
                                <span class="glyphicon glyphicon-th-list"></span>
                                <div class="list-cta-text  is-btn-animated">Add to List</div>
                            </button>

                            <!-- this is the list HTML   -->
                            <div class="save-to-list-popup  is-btn-animated animation-up dark" data-save-to-list-error="Can not get lists at this time. Please try again later." data-product-name="Corn Chips">
                                <div class="inner-container">
                                </div>

                            </div>
                        </div>

                    </div>
                </div>
            </div>

            <div class="module-plus-minus-buttons small hidden ">
                <button type="button" class="btn cart-change-qty" data-change-type="minus" data-auid="decrease-product-quantity" alt="Minus" aria-label="Minus">
                    <span class="icon-minimize"></span>
                </button>
                <div class="plus-minus-input-wrapper">
                    <input class="input-qty cart-change-qty" aria-label="Enter manual quantity" type="text" name="qty" title="Change quantity in cart" data-unit-type="ea" value="1ea" data-change-type="equals" maxlength="7">

                    <span class="input-qty-pretty">
							<span class="input-qty-pretty-value">1</span>
                    <span class="input-qty-pretty-unit"></span>
                    </span>
                </div>

                <button type="button" class="btn cart-change-qty" data-change-type="plus" data-auid="increase-product-quantity" alt="Plus" aria-label="Plus">
                    <span class="icon-plus-sign"></span>
                </button>

                <p class="deal-limit-reached hidden">Deal Limit Reached</p>

                <div class="tooltip-qty-error tooltip-qty-limit hidden">
                    <p>
                        Limit to &nbsp; 999 &nbsp;each&nbsp; per customer.</p>
                </div>
                <div class="tooltip-qty-error tooltip-round-error hidden">
                    <p>
                        We do not have this in the weight you wanted. We've rounded your order to the nearest weight increment we stock.</p>
                </div>
            </div>
        </form>

        <!-- End Template: AddToCartSmall -->

    </div>
</div>
<div class="item">

    <div class="module-grocery-product quickview-simple  clicked" data-quickview-ajax-url="/p/20309893001_EA/quickViewProduct" data-product-id="20309893001_EA" data-product-price="$4.98">

        <span class="subtitle"></span>

        <div class="product-page-hotspot">
            <div class="product-cell quickview-button">
                <div class="product-image ">

                    <img src="https://assets.shop.loblaws.ca/products/20309893001/b1/en/front/20309893001_front_a01.png" onerror="this.src='https://assets.shop.loblaws.ca/products/NoImage/b1/en/front/NoImage_front_a01_@2.png';" alt="Krinkle Cut Potato Chips, Salt & Fresh Ground Pepper" />

                    <div class="hover-text-container">
                        <button href="#" tabindex="0" class="hover-text " aria-label="Quick View for Krinkle Cut Potato Chips, Salt & Fresh Ground Pepper.">Quick View</button>
                    </div>
                </div>
            </div>

            <div class="product-in-cart">
                <div class="wrapper-product-in-cart">
                    <span>
	  			    In Cart
	  		    </span>
                </div>
            </div>

            <div class="product-info">
                <div class="product-name-wrapper">
                    <a href="/Food/Natural-%26-Organic/Pantry/Snacks-%26-Candy/Krinkle-Cut-Potato-Chips%2C-Salt-%26-Fresh-Ground-Pepper/p/20309893001_EA" class="product-name" aria-label="Product page for Krinkle Cut Potato Chips, Salt & Fresh Ground Pepper">
                        <span class="js-product-entry-brand">Kettle&nbsp;</span>

                        <span class="js-product-entry-name">Krinkle Cut Potato Chips, Salt & Fresh Ground Pepper</span>

                        <span class="js-product-entry-size-detail">(397 g)</span>

                    </a>
                </div>

                <span class="ad-match-badge  hidden">Ad Match</span>

                <div class="price">
                    <div class="price-wrapper no-discount  ">
                        <span class="reg-price  " aria-label="Regular Price: $4.98">
					    <span class="reg-price-text">$4.98</span>

                        <sup class="reg-price-unit">ea</sup>
                        </span>
                        <span class="sale-price hidden" aria-label="Sale Price:">
					    <span class="sale-price-text"></span>
                        <sup class="sale-price-unit">ea</sup>
                        </span>

                        <span class="secondary-price hidden">

					    <span class="secondary-price-text" aria-label="Secondary Price:"></span>
                        </span>
                    </div>
                </div>

                <div class="qty">
                    <span class="reg-qty  ">

		  		<span class="sr-only">Sale Price Per Unit:</span> $1.25 / 100 g

                    </span>

                    <span class="sale-qty hidden">

		  		<span class="sr-only">Sale Price Per Unit:</span> $1.25 / 100 g

                    </span>

                    <span class="secondary-qty hidden">

	  	<span class="secondary-qty-text"></span>
                    </span>
                </div>
            </div>

        </div>
        <form class="form-product  quickview-btn-simple" data-product-id="20309893001_EA" data-min-qty="1.0" data-max-qty="999.0" data-unit-type="ea" data-cart-qty="1" data-default-qty="1" novalidate="novalidate" promoCode="" promoNumber="" data-is-customized="false" data-cart-url="/cart/product/20309893001_EA" data-csrf-token="5582ec01-90c0-448b-b4f7-e2cf68d9f8a0" data-is-weighted-product="false">

            <div class="module-add-to-cart " data-change-type="plus" data-auto-edit="true" data-auto-add="true" data-cart-ajax-url="/cart/updateCart">
                <div class="wrapper-add-to-cart-btn">
                    <div class="module-add-to-cart-button-small">
                        <button type="button" class="btn btn-secondary btn-add-to-cart " data-auid="add-to-cart-button" data-has-pts-badge="false" aria-label="Add Krinkle Cut Potato Chips, Salt & Fresh Ground Pepper to cart">
                            <span class="icon-cart"></span>
                            <span class="add-to-cart-text">
											Add</span>
                        </button>
                        <button type="button" class="btn btn-secondary btn-edit-cart hidden " aria-label="Edit Cart">
                            <span class="qty-in-cart"></span>
                            <span class="edit-cart-text">
											<spring code="product.edit.text" />"
										</span>
                        </button>
                        <div class="add-list-parent add-list-module  bottom-add-list-module ">
                            <button class="btn btn-inline-link btn-save-to-list  dark is-btn-animated" data-login-url="/account/login?productCode=20309893001_EA" data-ajax-url="/restful/lists/all?productCode=20309893001_EA" data-user-guest="Y" data-user-guest="Y" data-product-code="20309893001_EA" data-delete-item="false" aria-label="Add Krinkle Cut Potato Chips, Salt & Fresh Ground Pepper to a List">
                                <span class="glyphicon glyphicon-th-list"></span>
                                <div class="list-cta-text  is-btn-animated">Add to List</div>
                            </button>

                            <!-- this is the list HTML   -->
                            <div class="save-to-list-popup  is-btn-animated animation-up dark" data-save-to-list-error="Can not get lists at this time. Please try again later." data-product-name="Krinkle Cut Potato Chips, Salt & Fresh Ground Pepper">
                                <div class="inner-container">
                                </div>

                            </div>
                        </div>

                    </div>
                </div>
            </div>

            <div class="module-plus-minus-buttons small hidden ">
                <button type="button" class="btn cart-change-qty" data-change-type="minus" data-auid="decrease-product-quantity" alt="Minus" aria-label="Minus">
                    <span class="icon-minimize"></span>
                </button>
                <div class="plus-minus-input-wrapper">
                    <input class="input-qty cart-change-qty" aria-label="Enter manual quantity" type="text" name="qty" title="Change quantity in cart" data-unit-type="ea" value="1ea" data-change-type="equals" maxlength="7">

                    <span class="input-qty-pretty">
							<span class="input-qty-pretty-value">1</span>
                    <span class="input-qty-pretty-unit"></span>
                    </span>
                </div>

                <button type="button" class="btn cart-change-qty" data-change-type="plus" data-auid="increase-product-quantity" alt="Plus" aria-label="Plus">
                    <span class="icon-plus-sign"></span>
                </button>

                <p class="deal-limit-reached hidden">Deal Limit Reached</p>

                <div class="tooltip-qty-error tooltip-qty-limit hidden">
                    <p>
                        Limit to &nbsp; 999 &nbsp;each&nbsp; per customer.</p>
                </div>
                <div class="tooltip-qty-error tooltip-round-error hidden">
                    <p>
                        We do not have this in the weight you wanted. We've rounded your order to the nearest weight increment we stock.</p>
                </div>
            </div>
        </form>

        <!-- End Template: AddToCartSmall -->

    </div>
</div>
<div class="item">

    <div class="module-grocery-product quickview-simple  clicked" data-quickview-ajax-url="/p/20140411006_EA/quickViewProduct" data-product-id="20140411006_EA" data-product-price="$3.98">

        <span class="subtitle"></span>

        <div class="product-page-hotspot">
            <div class="product-cell quickview-button">
                <div class="product-image ">

                    <img src="https://assets.shop.loblaws.ca/products/20140411006/b1/en/front/20140411006_front_a01.png" onerror="this.src='https://assets.shop.loblaws.ca/products/NoImage/b1/en/front/NoImage_front_a01_@2.png';" alt="Vegetable Chips, Sweet Potato" />

                    <span class="sticker deal">
	  				        <span class="deal-badge">

	  				            <span class="module-deal-badge module-deal-badge-grid simple-save-unit "
	  						        data-deal-type="$3.98 LIMIT 4"
	  						        data-ajax-promo-url="/simpleDeal/deals/product-tile?productCode=20140411006_EA"
	  						        data-deal-id="20140411006_EA">
	  						        <span class="deal-type">$3.98 LIMIT 4</span>

                    <span class="deal-expiry">
		Exp. 12/27
	</span>

                    </span>
                    </span>
                    </span>

                    <div class="hover-text-container">
                        <button href="#" tabindex="0" class="hover-text " aria-label="Quick View for Vegetable Chips, Sweet Potato.">Quick View</button>
                    </div>
                </div>
            </div>

            <div class="product-in-cart">
                <div class="wrapper-product-in-cart">
                    <span>
	  			    In Cart
	  		    </span>
                </div>
            </div>

            <div class="product-info">
                <div class="product-name-wrapper">
                    <a href="/Food/Pantry/Chips-%26-Salty-Snacks/Potato-Chips/Vegetable-Chips%2C-Sweet-Potato/p/20140411006_EA" class="product-name" aria-label="Product page for Vegetable Chips, Sweet Potato">
                        <span class="js-product-entry-brand">Terra&nbsp;</span>

                        <span class="js-product-entry-name">Vegetable Chips, Sweet Potato</span>

                        <span class="js-product-entry-size-detail">(170 g)</span>

                    </a>
                </div>

                <span class="ad-match-badge  hidden">Ad Match</span>

                <div class="price">
                    <div class="price-wrapper no-discount promo-alert ">
                        <span class="reg-price  price-alert" aria-label="Regular Price: $3.98">
					    <span class="reg-price-text">$3.98</span>

                        <sup class="reg-price-unit">ea</sup>
                        </span>
                        <span class="sale-price hidden" aria-label="Sale Price:">
					    <span class="sale-price-text"></span>
                        <sup class="sale-price-unit">ea</sup>
                        </span>

                        <span class="secondary-price hidden">

					    <span class="secondary-price-text" aria-label="Secondary Price:"></span>
                        </span>
                    </div>
                </div>

                <div class="qty">
                    <span class="reg-qty  price-alert">

		  		<span class="sr-only">Sale Price Per Unit:</span> $2.34 / 100 g

                    </span>

                    <span class="sale-qty hidden">

		  		<span class="sr-only">Sale Price Per Unit:</span> $2.34 / 100 g

                    </span>

                    <span class="secondary-qty hidden">

	  	<span class="secondary-qty-text"></span>
                    </span>
                </div>
            </div>

        </div>
        <form class="form-product  quickview-btn-simple" data-product-id="20140411006_EA" data-min-qty="1.0" data-max-qty="999.0" data-unit-type="ea" data-cart-qty="1" data-default-qty="1" novalidate="novalidate" promoCode="" promoNumber="" data-is-customized="false" data-cart-url="/cart/product/20140411006_EA" data-csrf-token="5582ec01-90c0-448b-b4f7-e2cf68d9f8a0" data-is-weighted-product="false">

            <div class="module-add-to-cart " data-change-type="plus" data-auto-edit="true" data-auto-add="true" data-cart-ajax-url="/cart/updateCart">
                <div class="wrapper-add-to-cart-btn">
                    <div class="module-add-to-cart-button-small">
                        <button type="button" class="btn btn-secondary btn-add-to-cart " data-auid="add-to-cart-button" data-has-pts-badge="false" aria-label="Add Vegetable Chips, Sweet Potato to cart">
                            <span class="icon-cart"></span>
                            <span class="add-to-cart-text">
											Add</span>
                        </button>
                        <button type="button" class="btn btn-secondary btn-edit-cart hidden " aria-label="Edit Cart">
                            <span class="qty-in-cart"></span>
                            <span class="edit-cart-text">
											<spring code="product.edit.text" />"
										</span>
                        </button>
                        <div class="add-list-parent add-list-module  bottom-add-list-module ">
                            <button class="btn btn-inline-link btn-save-to-list  dark is-btn-animated" data-login-url="/account/login?productCode=20140411006_EA" data-ajax-url="/restful/lists/all?productCode=20140411006_EA" data-user-guest="Y" data-user-guest="Y" data-product-code="20140411006_EA" data-delete-item="false" aria-label="Add Vegetable Chips, Sweet Potato to a List">
                                <span class="glyphicon glyphicon-th-list"></span>
                                <div class="list-cta-text  is-btn-animated">Add to List</div>
                            </button>

                            <!-- this is the list HTML   -->
                            <div class="save-to-list-popup  is-btn-animated animation-up dark" data-save-to-list-error="Can not get lists at this time. Please try again later." data-product-name="Vegetable Chips, Sweet Potato">
                                <div class="inner-container">
                                </div>

                            </div>
                        </div>

                    </div>
                </div>
            </div>

            <div class="module-plus-minus-buttons small hidden ">
                <button type="button" class="btn cart-change-qty" data-change-type="minus" data-auid="decrease-product-quantity" alt="Minus" aria-label="Minus">
                    <span class="icon-minimize"></span>
                </button>
                <div class="plus-minus-input-wrapper">
                    <input class="input-qty cart-change-qty" aria-label="Enter manual quantity" type="text" name="qty" title="Change quantity in cart" data-unit-type="ea" value="1ea" data-change-type="equals" maxlength="7">

                    <span class="input-qty-pretty">
							<span class="input-qty-pretty-value">1</span>
                    <span class="input-qty-pretty-unit"></span>
                    </span>
                </div>

                <button type="button" class="btn cart-change-qty" data-change-type="plus" data-auid="increase-product-quantity" alt="Plus" aria-label="Plus">
                    <span class="icon-plus-sign"></span>
                </button>

                <p class="deal-limit-reached hidden">Deal Limit Reached</p>

                <div class="tooltip-qty-error tooltip-qty-limit hidden">
                    <p>
                        Limit to &nbsp; 999 &nbsp;each&nbsp; per customer.</p>
                </div>
                <div class="tooltip-qty-error tooltip-round-error hidden">
                    <p>
                        We do not have this in the weight you wanted. We've rounded your order to the nearest weight increment we stock.</p>
                </div>
            </div>
        </form>

        <!-- End Template: AddToCartSmall -->

    </div>
</div>
<div class="item">

    <div class="module-grocery-product quickview-simple  clicked" data-quickview-ajax-url="/p/21049811_EA/quickViewProduct" data-product-id="21049811_EA" data-product-price="$3.27">

        <span class="subtitle"></span>

        <div class="product-page-hotspot">
            <div class="product-cell quickview-button">
                <div class="product-image ">

                    <img src="https://assets.shop.loblaws.ca/products/21049811/b1/en/front/21049811_front_a01.png" onerror="this.src='https://assets.shop.loblaws.ca/products/NoImage/b1/en/front/NoImage_front_a01_@2.png';" alt="Potato Chips, Sour Cream 'n Bacon" />

                    <div class="hover-text-container">
                        <button href="#" tabindex="0" class="hover-text " aria-label="Quick View for Potato Chips, Sour Cream 'n Bacon.">Quick View</button>
                    </div>
                </div>
            </div>

            <div class="product-in-cart">
                <div class="wrapper-product-in-cart">
                    <span>
	  			    In Cart
	  		    </span>
                </div>
            </div>

            <div class="product-info">
                <div class="product-name-wrapper">
                    <a href="/Food/Pantry/Chips-%26-Salty-Snacks/Potato-Chips/Ruffles-Potato-Chips%2C-Sour-Cream-%27n-Bacon/p/21049811_EA" class="product-name" aria-label="Product page for Potato Chips, Sour Cream 'n Bacon">

                        <span class="js-product-entry-name">Potato Chips, Sour Cream 'n Bacon</span>

                        <span class="js-product-entry-size-detail">(220 g)</span>

                    </a>
                </div>

                <span class="ad-match-badge  hidden">Ad Match</span>

                <div class="price">
                    <div class="price-wrapper no-discount  ">
                        <span class="reg-price  " aria-label="Regular Price: $3.27">
					    <span class="reg-price-text">$3.27</span>

                        <sup class="reg-price-unit">ea</sup>
                        </span>
                        <span class="sale-price hidden" aria-label="Sale Price:">
					    <span class="sale-price-text"></span>
                        <sup class="sale-price-unit">ea</sup>
                        </span>

                        <span class="secondary-price hidden">

					    <span class="secondary-price-text" aria-label="Secondary Price:"></span>
                        </span>
                    </div>
                </div>

                <div class="qty">
                    <span class="reg-qty  ">

		  		<span class="sr-only">Sale Price Per Unit:</span> $1.49 / 100 g

                    </span>

                    <span class="sale-qty hidden">

		  		<span class="sr-only">Sale Price Per Unit:</span> $1.49 / 100 g

                    </span>

                    <span class="secondary-qty hidden">

	  	<span class="secondary-qty-text"></span>
                    </span>
                </div>
            </div>

        </div>
        <form class="form-product  quickview-btn-simple" data-product-id="21049811_EA" data-min-qty="1.0" data-max-qty="999.0" data-unit-type="ea" data-cart-qty="1" data-default-qty="1" novalidate="novalidate" promoCode="" promoNumber="" data-is-customized="false" data-cart-url="/cart/product/21049811_EA" data-csrf-token="5582ec01-90c0-448b-b4f7-e2cf68d9f8a0" data-is-weighted-product="false">

            <div class="module-add-to-cart " data-change-type="plus" data-auto-edit="true" data-auto-add="true" data-cart-ajax-url="/cart/updateCart">
                <div class="wrapper-add-to-cart-btn">
                    <div class="module-add-to-cart-button-small">
                        <button type="button" class="btn btn-secondary btn-add-to-cart " data-auid="add-to-cart-button" data-has-pts-badge="false" aria-label="Add Potato Chips, Sour Cream 'n Bacon to cart">
                            <span class="icon-cart"></span>
                            <span class="add-to-cart-text">
											Add</span>
                        </button>
                        <button type="button" class="btn btn-secondary btn-edit-cart hidden " aria-label="Edit Cart">
                            <span class="qty-in-cart"></span>
                            <span class="edit-cart-text">
											<spring code="product.edit.text" />"
										</span>
                        </button>
                        <div class="add-list-parent add-list-module  bottom-add-list-module ">
                            <button class="btn btn-inline-link btn-save-to-list  dark is-btn-animated" data-login-url="/account/login?productCode=21049811_EA" data-ajax-url="/restful/lists/all?productCode=21049811_EA" data-user-guest="Y" data-user-guest="Y" data-product-code="21049811_EA" data-delete-item="false" aria-label="Add Potato Chips, Sour Cream 'n Bacon to a List">
                                <span class="glyphicon glyphicon-th-list"></span>
                                <div class="list-cta-text  is-btn-animated">Add to List</div>
                            </button>

                            <!-- this is the list HTML   -->
                            <div class="save-to-list-popup  is-btn-animated animation-up dark" data-save-to-list-error="Can not get lists at this time. Please try again later." data-product-name="Potato Chips, Sour Cream 'n Bacon">
                                <div class="inner-container">
                                </div>

                            </div>
                        </div>

                    </div>
                </div>
            </div>

            <div class="module-plus-minus-buttons small hidden ">
                <button type="button" class="btn cart-change-qty" data-change-type="minus" data-auid="decrease-product-quantity" alt="Minus" aria-label="Minus">
                    <span class="icon-minimize"></span>
                </button>
                <div class="plus-minus-input-wrapper">
                    <input class="input-qty cart-change-qty" aria-label="Enter manual quantity" type="text" name="qty" title="Change quantity in cart" data-unit-type="ea" value="1ea" data-change-type="equals" maxlength="7">

                    <span class="input-qty-pretty">
							<span class="input-qty-pretty-value">1</span>
                    <span class="input-qty-pretty-unit"></span>
                    </span>
                </div>

                <button type="button" class="btn cart-change-qty" data-change-type="plus" data-auid="increase-product-quantity" alt="Plus" aria-label="Plus">
                    <span class="icon-plus-sign"></span>
                </button>

                <p class="deal-limit-reached hidden">Deal Limit Reached</p>

                <div class="tooltip-qty-error tooltip-qty-limit hidden">
                    <p>
                        Limit to &nbsp; 999 &nbsp;each&nbsp; per customer.</p>
                </div>
                <div class="tooltip-qty-error tooltip-round-error hidden">
                    <p>
                        We do not have this in the weight you wanted. We've rounded your order to the nearest weight increment we stock.</p>
                </div>
            </div>
        </form>

        <!-- End Template: AddToCartSmall -->

    </div>
</div>
<div class="item">

    <div class="module-grocery-product quickview-simple  clicked" data-quickview-ajax-url="/p/21059719_EA/quickViewProduct" data-product-id="21059719_EA" data-product-price="$3.67">

        <span class="subtitle"></span>

        <div class="product-page-hotspot">
            <div class="product-cell quickview-button">
                <div class="product-image ">

                    <img src="https://assets.shop.loblaws.ca/products/21059719/b1/en/front/21059719_front_a01.png" onerror="this.src='https://assets.shop.loblaws.ca/products/NoImage/b1/en/front/NoImage_front_a01_@2.png';" alt="Multigrain Snacks, Garden Salsa" />

                    <span class="sticker deal">
	  				        <span class="deal-badge">

	  				            <span class="module-deal-badge module-deal-badge-grid simple-save-unit "
	  						        data-deal-type="2 FOR $6.66"
	  						        data-ajax-promo-url="/simpleDeal/deals/product-tile?productCode=21059719_EA"
	  						        data-deal-id="21059719_EA">
	  						        <span class="deal-type">2 FOR $6.66</span>

                    <span class="deal-expiry">
		Exp. 12/31
	</span>

                    </span>
                    </span>
                    </span>

                    <div class="hover-text-container">
                        <button href="#" tabindex="0" class="hover-text " aria-label="Quick View for Multigrain Snacks, Garden Salsa.">Quick View</button>
                    </div>
                </div>
            </div>

            <div class="product-in-cart">
                <div class="wrapper-product-in-cart">
                    <span>
	  			    In Cart
	  		    </span>
                </div>
            </div>

            <div class="product-info">
                <div class="product-name-wrapper">
                    <a href="/Food/Pantry/Chips-%26-Salty-Snacks/Pretzels-%26-Snack-Mixes/Sunchips-Multigrain-Snacks%2C-Garden-Salsa/p/21059719_EA" class="product-name" aria-label="Product page for Multigrain Snacks, Garden Salsa">
                        <span class="js-product-entry-brand">Sunchips&nbsp;</span>

                        <span class="js-product-entry-name">Multigrain Snacks, Garden Salsa</span>

                        <span class="js-product-entry-size-detail">(225 g)</span>

                    </a>
                </div>

                <span class="ad-match-badge  hidden">Ad Match</span>

                <div class="price">
                    <div class="price-wrapper no-discount  ">
                        <span class="reg-price  " aria-label="Regular Price: $3.67">
					    <span class="reg-price-text">$3.67</span>

                        <sup class="reg-price-unit">ea</sup>
                        </span>
                        <span class="sale-price hidden" aria-label="Sale Price:">
					    <span class="sale-price-text"></span>
                        <sup class="sale-price-unit">ea</sup>
                        </span>

                        <span class="secondary-price hidden">

					    <span class="secondary-price-text" aria-label="Secondary Price:"></span>
                        </span>
                    </div>
                </div>

                <div class="qty">
                    <span class="reg-qty  ">

		  		<span class="sr-only">Sale Price Per Unit:</span> $1.63 / 100 g

                    </span>

                    <span class="sale-qty hidden">

		  		<span class="sr-only">Sale Price Per Unit:</span> $1.63 / 100 g

                    </span>

                    <span class="secondary-qty hidden">

	  	<span class="secondary-qty-text"></span>
                    </span>
                </div>
            </div>

        </div>
        <form class="form-product  quickview-btn-simple" data-product-id="21059719_EA" data-min-qty="1.0" data-max-qty="999.0" data-unit-type="ea" data-cart-qty="1" data-default-qty="1" novalidate="novalidate" promoCode="" promoNumber="" data-is-customized="false" data-cart-url="/cart/product/21059719_EA" data-csrf-token="5582ec01-90c0-448b-b4f7-e2cf68d9f8a0" data-is-weighted-product="false">

            <div class="module-add-to-cart " data-change-type="plus" data-auto-edit="true" data-auto-add="true" data-cart-ajax-url="/cart/updateCart">
                <div class="wrapper-add-to-cart-btn">
                    <div class="module-add-to-cart-button-small">
                        <button type="button" class="btn btn-secondary btn-add-to-cart " data-auid="add-to-cart-button" data-has-pts-badge="false" aria-label="Add Multigrain Snacks, Garden Salsa to cart">
                            <span class="icon-cart"></span>
                            <span class="add-to-cart-text">
											Add</span>
                        </button>
                        <button type="button" class="btn btn-secondary btn-edit-cart hidden " aria-label="Edit Cart">
                            <span class="qty-in-cart"></span>
                            <span class="edit-cart-text">
											<spring code="product.edit.text" />"
										</span>
                        </button>
                        <div class="add-list-parent add-list-module  bottom-add-list-module ">
                            <button class="btn btn-inline-link btn-save-to-list  dark is-btn-animated" data-login-url="/account/login?productCode=21059719_EA" data-ajax-url="/restful/lists/all?productCode=21059719_EA" data-user-guest="Y" data-user-guest="Y" data-product-code="21059719_EA" data-delete-item="false" aria-label="Add Multigrain Snacks, Garden Salsa to a List">
                                <span class="glyphicon glyphicon-th-list"></span>
                                <div class="list-cta-text  is-btn-animated">Add to List</div>
                            </button>

                            <!-- this is the list HTML   -->
                            <div class="save-to-list-popup  is-btn-animated animation-up dark" data-save-to-list-error="Can not get lists at this time. Please try again later." data-product-name="Multigrain Snacks, Garden Salsa">
                                <div class="inner-container">
                                </div>

                            </div>
                        </div>

                    </div>
                </div>
            </div>

            <div class="module-plus-minus-buttons small hidden ">
                <button type="button" class="btn cart-change-qty" data-change-type="minus" data-auid="decrease-product-quantity" alt="Minus" aria-label="Minus">
                    <span class="icon-minimize"></span>
                </button>
                <div class="plus-minus-input-wrapper">
                    <input class="input-qty cart-change-qty" aria-label="Enter manual quantity" type="text" name="qty" title="Change quantity in cart" data-unit-type="ea" value="1ea" data-change-type="equals" maxlength="7">

                    <span class="input-qty-pretty">
							<span class="input-qty-pretty-value">1</span>
                    <span class="input-qty-pretty-unit"></span>
                    </span>
                </div>

                <button type="button" class="btn cart-change-qty" data-change-type="plus" data-auid="increase-product-quantity" alt="Plus" aria-label="Plus">
                    <span class="icon-plus-sign"></span>
                </button>

                <p class="deal-limit-reached hidden">Deal Limit Reached</p>

                <div class="tooltip-qty-error tooltip-qty-limit hidden">
                    <p>
                        Limit to &nbsp; 999 &nbsp;each&nbsp; per customer.</p>
                </div>
                <div class="tooltip-qty-error tooltip-round-error hidden">
                    <p>
                        We do not have this in the weight you wanted. We've rounded your order to the nearest weight increment we stock.</p>
                </div>
            </div>
        </form>

        <!-- End Template: AddToCartSmall -->

    </div>
</div>
<div class="item">

    <div class="module-grocery-product quickview-simple  clicked" data-quickview-ajax-url="/p/20788073001_EA/quickViewProduct" data-product-id="20788073001_EA" data-product-price="$3.18">

        <span class="subtitle"></span>

        <div class="product-page-hotspot">
            <div class="product-cell quickview-button">
                <div class="product-image ">

                    <img src="https://assets.shop.loblaws.ca/products/20788073001/b1/en/front/20788073001_front_a01.png" onerror="this.src='https://assets.shop.loblaws.ca/products/NoImage/b1/en/front/NoImage_front_a01_@2.png';" alt="Wavy Potato Chips, Bar-B-Q" />

                    <span class="sticker deal">
	  				    <span class="deal-badge">
	  					    <span class="module-deal-badge module-deal-badge-feature flyer expires undefined">
	  						    <span class="deal-type">
								    Flyer<br />
	  							    Item
	  						    </span>

                    <span class="deal-expiry">
		Exp. 12/19
	</span>

                    </span>
                    </span>
                    </span>

                    <div class="hover-text-container">
                        <button href="#" tabindex="0" class="hover-text " aria-label="Quick View for Wavy Potato Chips, Bar-B-Q.">Quick View</button>
                    </div>
                </div>
            </div>

            <div class="product-in-cart">
                <div class="wrapper-product-in-cart">
                    <span>
	  			    In Cart
	  		    </span>
                </div>
            </div>

            <div class="product-info">
                <div class="product-name-wrapper">
                    <a href="/Food/Pantry/Chips-%26-Salty-Snacks/Potato-Chips/Lay%27s-WAVY-Wavy-Potato-Chips%2C-Bar-B-Q/p/20788073001_EA" class="product-name" aria-label="Product page for Wavy Potato Chips, Bar-B-Q">
                        <span class="js-product-entry-brand">Lay's&nbsp;</span>

                        <span class="js-product-entry-name">Wavy Potato Chips, Bar-B-Q</span>

                        <span class="js-product-entry-size-detail">(255 g)</span>

                    </a>
                </div>

                <span class="ad-match-badge  hidden">Ad Match</span>

                <div class="price">
                    <div class="price-wrapper no-discount  ">
                        <span class="reg-price  " aria-label="Regular Price: $3.18">
					    <span class="reg-price-text">$3.18</span>

                        <sup class="reg-price-unit">ea</sup>
                        </span>
                        <span class="sale-price hidden" aria-label="Sale Price:">
					    <span class="sale-price-text"></span>
                        <sup class="sale-price-unit">ea</sup>
                        </span>

                        <span class="secondary-price hidden">

					    <span class="secondary-price-text" aria-label="Secondary Price:"></span>
                        </span>
                    </div>
                </div>

                <div class="qty">
                    <span class="reg-qty  ">

		  		<span class="sr-only">Sale Price Per Unit:</span> $1.25 / 100 g

                    </span>

                    <span class="sale-qty hidden">

		  		<span class="sr-only">Sale Price Per Unit:</span> $1.25 / 100 g

                    </span>

                    <span class="secondary-qty hidden">

	  	<span class="secondary-qty-text"></span>
                    </span>
                </div>
            </div>

        </div>
        <form class="form-product  quickview-btn-simple" data-product-id="20788073001_EA" data-min-qty="1.0" data-max-qty="999.0" data-unit-type="ea" data-cart-qty="1" data-default-qty="1" novalidate="novalidate" promoCode="" promoNumber="" data-is-customized="false" data-cart-url="/cart/product/20788073001_EA" data-csrf-token="5582ec01-90c0-448b-b4f7-e2cf68d9f8a0" data-is-weighted-product="false">

            <div class="module-add-to-cart " data-change-type="plus" data-auto-edit="true" data-auto-add="true" data-cart-ajax-url="/cart/updateCart">
                <div class="wrapper-add-to-cart-btn">
                    <div class="module-add-to-cart-button-small">
                        <button type="button" class="btn btn-secondary btn-add-to-cart " data-auid="add-to-cart-button" data-has-pts-badge="false" aria-label="Add Wavy Potato Chips, Bar-B-Q to cart">
                            <span class="icon-cart"></span>
                            <span class="add-to-cart-text">
											Add</span>
                        </button>
                        <button type="button" class="btn btn-secondary btn-edit-cart hidden " aria-label="Edit Cart">
                            <span class="qty-in-cart"></span>
                            <span class="edit-cart-text">
											<spring code="product.edit.text" />"
										</span>
                        </button>
                        <div class="add-list-parent add-list-module  bottom-add-list-module ">
                            <button class="btn btn-inline-link btn-save-to-list  dark is-btn-animated" data-login-url="/account/login?productCode=20788073001_EA" data-ajax-url="/restful/lists/all?productCode=20788073001_EA" data-user-guest="Y" data-user-guest="Y" data-product-code="20788073001_EA" data-delete-item="false" aria-label="Add Wavy Potato Chips, Bar-B-Q to a List">
                                <span class="glyphicon glyphicon-th-list"></span>
                                <div class="list-cta-text  is-btn-animated">Add to List</div>
                            </button>

                            <!-- this is the list HTML   -->
                            <div class="save-to-list-popup  is-btn-animated animation-up dark" data-save-to-list-error="Can not get lists at this time. Please try again later." data-product-name="Wavy Potato Chips, Bar-B-Q">
                                <div class="inner-container">
                                </div>

                            </div>
                        </div>

                    </div>
                </div>
            </div>

            <div class="module-plus-minus-buttons small hidden ">
                <button type="button" class="btn cart-change-qty" data-change-type="minus" data-auid="decrease-product-quantity" alt="Minus" aria-label="Minus">
                    <span class="icon-minimize"></span>
                </button>
                <div class="plus-minus-input-wrapper">
                    <input class="input-qty cart-change-qty" aria-label="Enter manual quantity" type="text" name="qty" title="Change quantity in cart" data-unit-type="ea" value="1ea" data-change-type="equals" maxlength="7">

                    <span class="input-qty-pretty">
							<span class="input-qty-pretty-value">1</span>
                    <span class="input-qty-pretty-unit"></span>
                    </span>
                </div>

                <button type="button" class="btn cart-change-qty" data-change-type="plus" data-auid="increase-product-quantity" alt="Plus" aria-label="Plus">
                    <span class="icon-plus-sign"></span>
                </button>

                <p class="deal-limit-reached hidden">Deal Limit Reached</p>

                <div class="tooltip-qty-error tooltip-qty-limit hidden">
                    <p>
                        Limit to &nbsp; 999 &nbsp;each&nbsp; per customer.</p>
                </div>
                <div class="tooltip-qty-error tooltip-round-error hidden">
                    <p>
                        We do not have this in the weight you wanted. We've rounded your order to the nearest weight increment we stock.</p>
                </div>
            </div>
        </form>

        <!-- End Template: AddToCartSmall -->

    </div>
</div>
<div class="item">

    <div class="module-grocery-product quickview-simple  clicked" data-quickview-ajax-url="/p/21084980_EA/quickViewProduct" data-product-id="21084980_EA" data-product-price="$2.47">

        <span class="subtitle"></span>

        <div class="product-page-hotspot">
            <div class="product-cell quickview-button">
                <div class="product-image ">

                    <img src="https://assets.shop.loblaws.ca/products/21084980/b1/en/front/21084980_front_a01.png" onerror="this.src='https://assets.shop.loblaws.ca/products/NoImage/b1/en/front/NoImage_front_a01_@2.png';" alt="Poppables Snacks, Honey BBQ" />

                    <span class="sticker deal">
	  				    <span class="deal-badge">
	  					    <span class="module-deal-badge module-deal-badge-feature flyer expires undefined">
	  						    <span class="deal-type">
								    Flyer<br />
	  							    Item
	  						    </span>

                    <span class="deal-expiry">
		Exp. 12/19
	</span>

                    </span>
                    </span>
                    </span>

                    <div class="hover-text-container">
                        <button href="#" tabindex="0" class="hover-text " aria-label="Quick View for Poppables Snacks, Honey BBQ.">Quick View</button>
                    </div>
                </div>
            </div>

            <div class="product-in-cart">
                <div class="wrapper-product-in-cart">
                    <span>
	  			    In Cart
	  		    </span>
                </div>
            </div>

            <div class="product-info">
                <div class="product-name-wrapper">
                    <a href="/Food/Pantry/Chips-%26-Salty-Snacks/Potato-Chips/Lay%27s-Poppables-Snacks%2C-Honey-BBQ/p/21084980_EA" class="product-name" aria-label="Product page for Poppables Snacks, Honey BBQ">
                        <span class="js-product-entry-brand">Lay's&nbsp;</span>

                        <span class="js-product-entry-name">Poppables Snacks, Honey BBQ</span>

                        <span class="js-product-entry-size-detail">(141 g)</span>

                    </a>
                </div>

                <span class="ad-match-badge  hidden">Ad Match</span>

                <div class="price">
                    <div class="price-wrapper no-discount  ">
                        <span class="reg-price  " aria-label="Regular Price: $2.47">
					    <span class="reg-price-text">$2.47</span>

                        <sup class="reg-price-unit">ea</sup>
                        </span>
                        <span class="sale-price hidden" aria-label="Sale Price:">
					    <span class="sale-price-text"></span>
                        <sup class="sale-price-unit">ea</sup>
                        </span>

                        <span class="secondary-price hidden">

					    <span class="secondary-price-text" aria-label="Secondary Price:"></span>
                        </span>
                    </div>
                </div>

                <div class="qty">
                    <span class="reg-qty  ">

		  		<span class="sr-only">Sale Price Per Unit:</span> $1.75 / 100 g

                    </span>

                    <span class="sale-qty hidden">

		  		<span class="sr-only">Sale Price Per Unit:</span> $1.75 / 100 g

                    </span>

                    <span class="secondary-qty hidden">

	  	<span class="secondary-qty-text"></span>
                    </span>
                </div>
            </div>

        </div>
        <form class="form-product  quickview-btn-simple" data-product-id="21084980_EA" data-min-qty="1.0" data-max-qty="999.0" data-unit-type="ea" data-cart-qty="1" data-default-qty="1" novalidate="novalidate" promoCode="" promoNumber="" data-is-customized="false" data-cart-url="/cart/product/21084980_EA" data-csrf-token="5582ec01-90c0-448b-b4f7-e2cf68d9f8a0" data-is-weighted-product="false">

            <div class="module-add-to-cart " data-change-type="plus" data-auto-edit="true" data-auto-add="true" data-cart-ajax-url="/cart/updateCart">
                <div class="wrapper-add-to-cart-btn">
                    <div class="module-add-to-cart-button-small">
                        <button type="button" class="btn btn-secondary btn-add-to-cart " data-auid="add-to-cart-button" data-has-pts-badge="false" aria-label="Add Poppables Snacks, Honey BBQ to cart">
                            <span class="icon-cart"></span>
                            <span class="add-to-cart-text">
											Add</span>
                        </button>
                        <button type="button" class="btn btn-secondary btn-edit-cart hidden " aria-label="Edit Cart">
                            <span class="qty-in-cart"></span>
                            <span class="edit-cart-text">
											<spring code="product.edit.text" />"
										</span>
                        </button>
                        <div class="add-list-parent add-list-module  bottom-add-list-module ">
                            <button class="btn btn-inline-link btn-save-to-list  dark is-btn-animated" data-login-url="/account/login?productCode=21084980_EA" data-ajax-url="/restful/lists/all?productCode=21084980_EA" data-user-guest="Y" data-user-guest="Y" data-product-code="21084980_EA" data-delete-item="false" aria-label="Add Poppables Snacks, Honey BBQ to a List">
                                <span class="glyphicon glyphicon-th-list"></span>
                                <div class="list-cta-text  is-btn-animated">Add to List</div>
                            </button>

                            <!-- this is the list HTML   -->
                            <div class="save-to-list-popup  is-btn-animated animation-up dark" data-save-to-list-error="Can not get lists at this time. Please try again later." data-product-name="Poppables Snacks, Honey BBQ">
                                <div class="inner-container">
                                </div>

                            </div>
                        </div>

                    </div>
                </div>
            </div>

            <div class="module-plus-minus-buttons small hidden ">
                <button type="button" class="btn cart-change-qty" data-change-type="minus" data-auid="decrease-product-quantity" alt="Minus" aria-label="Minus">
                    <span class="icon-minimize"></span>
                </button>
                <div class="plus-minus-input-wrapper">
                    <input class="input-qty cart-change-qty" aria-label="Enter manual quantity" type="text" name="qty" title="Change quantity in cart" data-unit-type="ea" value="1ea" data-change-type="equals" maxlength="7">

                    <span class="input-qty-pretty">
							<span class="input-qty-pretty-value">1</span>
                    <span class="input-qty-pretty-unit"></span>
                    </span>
                </div>

                <button type="button" class="btn cart-change-qty" data-change-type="plus" data-auid="increase-product-quantity" alt="Plus" aria-label="Plus">
                    <span class="icon-plus-sign"></span>
                </button>

                <p class="deal-limit-reached hidden">Deal Limit Reached</p>

                <div class="tooltip-qty-error tooltip-qty-limit hidden">
                    <p>
                        Limit to &nbsp; 999 &nbsp;each&nbsp; per customer.</p>
                </div>
                <div class="tooltip-qty-error tooltip-round-error hidden">
                    <p>
                        We do not have this in the weight you wanted. We've rounded your order to the nearest weight increment we stock.</p>
                </div>
            </div>
        </form>

        <!-- End Template: AddToCartSmall -->

    </div>
</div>
<div class="item">

    <div class="module-grocery-product quickview-simple  clicked" data-quickview-ajax-url="/p/20173978_EA/quickViewProduct" data-product-id="20173978_EA" data-product-price="$0.98">

        <span class="subtitle"></span>

        <div class="product-page-hotspot">
            <div class="product-cell quickview-button">
                <div class="product-image ">

                    <img src="https://assets.shop.loblaws.ca/products/20173978/b1/en/front/20173978_front_a01.png" onerror="this.src='https://assets.shop.loblaws.ca/products/NoImage/b1/en/front/NoImage_front_a01_@2.png';" alt="Mamra Chikki" />

                    <div class="hover-text-container">
                        <button href="#" tabindex="0" class="hover-text " aria-label="Quick View for Mamra Chikki.">Quick View</button>
                    </div>
                </div>
            </div>

            <div class="product-in-cart">
                <div class="wrapper-product-in-cart">
                    <span>
	  			    In Cart
	  		    </span>
                </div>
            </div>

            <div class="product-info">
                <div class="product-name-wrapper">
                    <a href="/Food/Pantry/Chips-%26-Salty-Snacks/Potato-Chips/Mamra-Chikki/p/20173978_EA" class="product-name" aria-label="Product page for Mamra Chikki">
                        <span class="js-product-entry-brand">Quality&nbsp;</span>

                        <span class="js-product-entry-name">Mamra Chikki</span>

                        <span class="js-product-entry-size-detail">(100 g)</span>

                    </a>
                </div>

                <span class="ad-match-badge  hidden">Ad Match</span>

                <div class="price">
                    <div class="price-wrapper no-discount  ">
                        <span class="reg-price  " aria-label="Regular Price: $0.98">
					    <span class="reg-price-text">$0.98</span>

                        <sup class="reg-price-unit">ea</sup>
                        </span>
                        <span class="sale-price hidden" aria-label="Sale Price:">
					    <span class="sale-price-text"></span>
                        <sup class="sale-price-unit">ea</sup>
                        </span>

                        <span class="secondary-price hidden">

					    <span class="secondary-price-text" aria-label="Secondary Price:"></span>
                        </span>
                    </div>
                </div>

                <div class="qty">
                    <span class="reg-qty  ">

		  		<span class="sr-only">Sale Price Per Unit:</span> $0.98 / 100 g

                    </span>

                    <span class="sale-qty hidden">

		  		<span class="sr-only">Sale Price Per Unit:</span> $0.98 / 100 g

                    </span>

                    <span class="secondary-qty hidden">

	  	<span class="secondary-qty-text"></span>
                    </span>
                </div>
            </div>

        </div>
        <form class="form-product  quickview-btn-simple" data-product-id="20173978_EA" data-min-qty="1.0" data-max-qty="999.0" data-unit-type="ea" data-cart-qty="1" data-default-qty="1" novalidate="novalidate" promoCode="" promoNumber="" data-is-customized="false" data-cart-url="/cart/product/20173978_EA" data-csrf-token="5582ec01-90c0-448b-b4f7-e2cf68d9f8a0" data-is-weighted-product="false">

            <div class="module-add-to-cart " data-change-type="plus" data-auto-edit="true" data-auto-add="true" data-cart-ajax-url="/cart/updateCart">
                <div class="wrapper-add-to-cart-btn">
                    <div class="module-add-to-cart-button-small">
                        <button type="button" class="btn btn-secondary btn-add-to-cart " data-auid="add-to-cart-button" data-has-pts-badge="false" aria-label="Add Mamra Chikki to cart">
                            <span class="icon-cart"></span>
                            <span class="add-to-cart-text">
											Add</span>
                        </button>
                        <button type="button" class="btn btn-secondary btn-edit-cart hidden " aria-label="Edit Cart">
                            <span class="qty-in-cart"></span>
                            <span class="edit-cart-text">
											<spring code="product.edit.text" />"
										</span>
                        </button>
                        <div class="add-list-parent add-list-module  bottom-add-list-module ">
                            <button class="btn btn-inline-link btn-save-to-list  dark is-btn-animated" data-login-url="/account/login?productCode=20173978_EA" data-ajax-url="/restful/lists/all?productCode=20173978_EA" data-user-guest="Y" data-user-guest="Y" data-product-code="20173978_EA" data-delete-item="false" aria-label="Add Mamra Chikki to a List">
                                <span class="glyphicon glyphicon-th-list"></span>
                                <div class="list-cta-text  is-btn-animated">Add to List</div>
                            </button>

                            <!-- this is the list HTML   -->
                            <div class="save-to-list-popup  is-btn-animated animation-up dark" data-save-to-list-error="Can not get lists at this time. Please try again later." data-product-name="Mamra Chikki">
                                <div class="inner-container">
                                </div>

                            </div>
                        </div>

                    </div>
                </div>
            </div>

            <div class="module-plus-minus-buttons small hidden ">
                <button type="button" class="btn cart-change-qty" data-change-type="minus" data-auid="decrease-product-quantity" alt="Minus" aria-label="Minus">
                    <span class="icon-minimize"></span>
                </button>
                <div class="plus-minus-input-wrapper">
                    <input class="input-qty cart-change-qty" aria-label="Enter manual quantity" type="text" name="qty" title="Change quantity in cart" data-unit-type="ea" value="1ea" data-change-type="equals" maxlength="7">

                    <span class="input-qty-pretty">
							<span class="input-qty-pretty-value">1</span>
                    <span class="input-qty-pretty-unit"></span>
                    </span>
                </div>

                <button type="button" class="btn cart-change-qty" data-change-type="plus" data-auid="increase-product-quantity" alt="Plus" aria-label="Plus">
                    <span class="icon-plus-sign"></span>
                </button>

                <p class="deal-limit-reached hidden">Deal Limit Reached</p>

                <div class="tooltip-qty-error tooltip-qty-limit hidden">
                    <p>
                        Limit to &nbsp; 999 &nbsp;each&nbsp; per customer.</p>
                </div>
                <div class="tooltip-qty-error tooltip-round-error hidden">
                    <p>
                        We do not have this in the weight you wanted. We've rounded your order to the nearest weight increment we stock.</p>
                </div>
            </div>
        </form>

        <!-- End Template: AddToCartSmall -->

    </div>
</div>
<div class="item">

    <div class="module-grocery-product quickview-simple  clicked" data-quickview-ajax-url="/p/21032468_EA/quickViewProduct" data-product-id="21032468_EA" data-product-price="$4.48">

        <span class="subtitle"></span>

        <div class="product-page-hotspot">
            <div class="product-cell quickview-button">
                <div class="product-image ">

                    <img src="https://assets.shop.loblaws.ca/products/21032468/b1/en/front/21032468_front_a01.png" onerror="this.src='https://assets.shop.loblaws.ca/products/NoImage/b1/en/front/NoImage_front_a01_@2.png';" alt="Wild Wild Ranch Tortilla Chips" />

                    <span class="sticker deal">
	  				        <span class="deal-badge">

	  				            <span class="module-deal-badge module-deal-badge-grid simple-save-unit "
	  						        data-deal-type="2 FOR $8.00"
	  						        data-ajax-promo-url="/simpleDeal/deals/product-tile?productCode=21032468_EA"
	  						        data-deal-id="21032468_EA">
	  						        <span class="deal-type">2 FOR $8.00</span>

                    <span class="deal-expiry">
		Exp. 05/13
	</span>

                    </span>
                    </span>
                    </span>

                    <div class="hover-text-container">
                        <button href="#" tabindex="0" class="hover-text " aria-label="Quick View for Wild Wild Ranch Tortilla Chips.">Quick View</button>
                    </div>
                </div>
            </div>

            <div class="product-in-cart">
                <div class="wrapper-product-in-cart">
                    <span>
	  			    In Cart
	  		    </span>
                </div>
            </div>

            <div class="product-info">
                <div class="product-name-wrapper">
                    <a href="/Food/Pantry/Chips-%26-Salty-Snacks/Potato-Chips/Paqui-Wild-Wild-Ranch-Tortilla-Chips/p/21032468_EA" class="product-name" aria-label="Product page for Wild Wild Ranch Tortilla Chips">
                        <span class="js-product-entry-brand">Paqui&nbsp;</span>

                        <span class="js-product-entry-name">Wild Wild Ranch Tortilla Chips</span>

                        <span class="js-product-entry-size-detail">(155 g)</span>

                    </a>
                </div>

                <span class="ad-match-badge  hidden">Ad Match</span>

                <div class="price">
                    <div class="price-wrapper no-discount  ">
                        <span class="reg-price  " aria-label="Regular Price: $4.48">
					    <span class="reg-price-text">$4.48</span>

                        <sup class="reg-price-unit">ea</sup>
                        </span>
                        <span class="sale-price hidden" aria-label="Sale Price:">
					    <span class="sale-price-text"></span>
                        <sup class="sale-price-unit">ea</sup>
                        </span>

                        <span class="secondary-price hidden">

					    <span class="secondary-price-text" aria-label="Secondary Price:"></span>
                        </span>
                    </div>
                </div>

                <div class="qty">
                    <span class="reg-qty  ">

		  		<span class="sr-only">Sale Price Per Unit:</span> $2.89 / 100 g

                    </span>

                    <span class="sale-qty hidden">

		  		<span class="sr-only">Sale Price Per Unit:</span> $2.89 / 100 g

                    </span>

                    <span class="secondary-qty hidden">

	  	<span class="secondary-qty-text"></span>
                    </span>
                </div>
            </div>

        </div>
        <form class="form-product  quickview-btn-simple" data-product-id="21032468_EA" data-min-qty="1.0" data-max-qty="999.0" data-unit-type="ea" data-cart-qty="1" data-default-qty="1" novalidate="novalidate" promoCode="" promoNumber="" data-is-customized="false" data-cart-url="/cart/product/21032468_EA" data-csrf-token="5582ec01-90c0-448b-b4f7-e2cf68d9f8a0" data-is-weighted-product="false">

            <div class="module-add-to-cart " data-change-type="plus" data-auto-edit="true" data-auto-add="true" data-cart-ajax-url="/cart/updateCart">
                <div class="wrapper-add-to-cart-btn">
                    <div class="module-add-to-cart-button-small">
                        <button type="button" class="btn btn-secondary btn-add-to-cart " data-auid="add-to-cart-button" data-has-pts-badge="false" aria-label="Add Wild Wild Ranch Tortilla Chips to cart">
                            <span class="icon-cart"></span>
                            <span class="add-to-cart-text">
											Add</span>
                        </button>
                        <button type="button" class="btn btn-secondary btn-edit-cart hidden " aria-label="Edit Cart">
                            <span class="qty-in-cart"></span>
                            <span class="edit-cart-text">
											<spring code="product.edit.text" />"
										</span>
                        </button>
                        <div class="add-list-parent add-list-module  bottom-add-list-module ">
                            <button class="btn btn-inline-link btn-save-to-list  dark is-btn-animated" data-login-url="/account/login?productCode=21032468_EA" data-ajax-url="/restful/lists/all?productCode=21032468_EA" data-user-guest="Y" data-user-guest="Y" data-product-code="21032468_EA" data-delete-item="false" aria-label="Add Wild Wild Ranch Tortilla Chips to a List">
                                <span class="glyphicon glyphicon-th-list"></span>
                                <div class="list-cta-text  is-btn-animated">Add to List</div>
                            </button>

                            <!-- this is the list HTML   -->
                            <div class="save-to-list-popup  is-btn-animated animation-up dark" data-save-to-list-error="Can not get lists at this time. Please try again later." data-product-name="Wild Wild Ranch Tortilla Chips">
                                <div class="inner-container">
                                </div>

                            </div>
                        </div>

                    </div>
                </div>
            </div>

            <div class="module-plus-minus-buttons small hidden ">
                <button type="button" class="btn cart-change-qty" data-change-type="minus" data-auid="decrease-product-quantity" alt="Minus" aria-label="Minus">
                    <span class="icon-minimize"></span>
                </button>
                <div class="plus-minus-input-wrapper">
                    <input class="input-qty cart-change-qty" aria-label="Enter manual quantity" type="text" name="qty" title="Change quantity in cart" data-unit-type="ea" value="1ea" data-change-type="equals" maxlength="7">

                    <span class="input-qty-pretty">
							<span class="input-qty-pretty-value">1</span>
                    <span class="input-qty-pretty-unit"></span>
                    </span>
                </div>

                <button type="button" class="btn cart-change-qty" data-change-type="plus" data-auid="increase-product-quantity" alt="Plus" aria-label="Plus">
                    <span class="icon-plus-sign"></span>
                </button>

                <p class="deal-limit-reached hidden">Deal Limit Reached</p>

                <div class="tooltip-qty-error tooltip-qty-limit hidden">
                    <p>
                        Limit to &nbsp; 999 &nbsp;each&nbsp; per customer.</p>
                </div>
                <div class="tooltip-qty-error tooltip-round-error hidden">
                    <p>
                        We do not have this in the weight you wanted. We've rounded your order to the nearest weight increment we stock.</p>
                </div>
            </div>
        </form>

        <!-- End Template: AddToCartSmall -->

    </div>
</div>
<div class="item">

    <div class="module-grocery-product quickview-simple  clicked" data-quickview-ajax-url="/p/21087199_EA/quickViewProduct" data-product-id="21087199_EA" data-product-price="$2.47">

        <span class="subtitle"></span>

        <div class="product-page-hotspot">
            <div class="product-cell quickview-button">
                <div class="product-image ">

                    <img src="https://assets.shop.loblaws.ca/products/21087199/b1/en/front/21087199_front_a01.png" onerror="this.src='https://assets.shop.loblaws.ca/products/NoImage/b1/en/front/NoImage_front_a01_@2.png';" alt="Wavy Salt Vinegar Chips" />

                    <span class="sticker deal">
	  				    <span class="deal-badge">
	  					    <span class="module-deal-badge module-deal-badge-feature flyer expires undefined">
	  						    <span class="deal-type">
								    Flyer<br />
	  							    Item
	  						    </span>

                    <span class="deal-expiry">
		Exp. 12/19
	</span>

                    </span>
                    </span>
                    </span>

                    <div class="hover-text-container">
                        <button href="#" tabindex="0" class="hover-text " aria-label="Quick View for Wavy Salt Vinegar Chips.">Quick View</button>
                    </div>
                </div>
            </div>

            <div class="product-in-cart">
                <div class="wrapper-product-in-cart">
                    <span>
	  			    In Cart
	  		    </span>
                </div>
            </div>

            <div class="product-info">
                <div class="product-name-wrapper">
                    <a href="/Food/Pantry/Chips-%26-Salty-Snacks/Potato-Chips/Lay%27s-Wavy-Salt-Vinegar-Chips/p/21087199_EA" class="product-name" aria-label="Product page for Wavy Salt Vinegar Chips">
                        <span class="js-product-entry-brand">Lay's&nbsp;</span>

                        <span class="js-product-entry-name">Wavy Salt Vinegar Chips</span>

                        <span class="js-product-entry-size-detail">(240 g)</span>

                    </a>
                </div>

                <span class="ad-match-badge  hidden">Ad Match</span>

                <div class="price">
                    <div class="price-wrapper no-discount  ">
                        <span class="reg-price  " aria-label="Regular Price: $2.47">
					    <span class="reg-price-text">$2.47</span>

                        <sup class="reg-price-unit">ea</sup>
                        </span>
                        <span class="sale-price hidden" aria-label="Sale Price:">
					    <span class="sale-price-text"></span>
                        <sup class="sale-price-unit">ea</sup>
                        </span>

                        <span class="secondary-price hidden">

					    <span class="secondary-price-text" aria-label="Secondary Price:"></span>
                        </span>
                    </div>
                </div>

                <div class="qty">
                    <span class="reg-qty  ">

		  		<span class="sr-only">Sale Price Per Unit:</span> $1.03 / 100 g

                    </span>

                    <span class="sale-qty hidden">

		  		<span class="sr-only">Sale Price Per Unit:</span> $1.03 / 100 g

                    </span>

                    <span class="secondary-qty hidden">

	  	<span class="secondary-qty-text"></span>
                    </span>
                </div>
            </div>

        </div>
        <form class="form-product  quickview-btn-simple" data-product-id="21087199_EA" data-min-qty="1.0" data-max-qty="999.0" data-unit-type="ea" data-cart-qty="1" data-default-qty="1" novalidate="novalidate" promoCode="" promoNumber="" data-is-customized="false" data-cart-url="/cart/product/21087199_EA" data-csrf-token="5582ec01-90c0-448b-b4f7-e2cf68d9f8a0" data-is-weighted-product="false">

            <div class="module-add-to-cart " data-change-type="plus" data-auto-edit="true" data-auto-add="true" data-cart-ajax-url="/cart/updateCart">
                <div class="wrapper-add-to-cart-btn">
                    <div class="module-add-to-cart-button-small">
                        <button type="button" class="btn btn-secondary btn-add-to-cart " data-auid="add-to-cart-button" data-has-pts-badge="false" aria-label="Add Wavy Salt Vinegar Chips to cart">
                            <span class="icon-cart"></span>
                            <span class="add-to-cart-text">
											Add</span>
                        </button>
                        <button type="button" class="btn btn-secondary btn-edit-cart hidden " aria-label="Edit Cart">
                            <span class="qty-in-cart"></span>
                            <span class="edit-cart-text">
											<spring code="product.edit.text" />"
										</span>
                        </button>
                        <div class="add-list-parent add-list-module  bottom-add-list-module ">
                            <button class="btn btn-inline-link btn-save-to-list  dark is-btn-animated" data-login-url="/account/login?productCode=21087199_EA" data-ajax-url="/restful/lists/all?productCode=21087199_EA" data-user-guest="Y" data-user-guest="Y" data-product-code="21087199_EA" data-delete-item="false" aria-label="Add Wavy Salt Vinegar Chips to a List">
                                <span class="glyphicon glyphicon-th-list"></span>
                                <div class="list-cta-text  is-btn-animated">Add to List</div>
                            </button>

                            <!-- this is the list HTML   -->
                            <div class="save-to-list-popup  is-btn-animated animation-up dark" data-save-to-list-error="Can not get lists at this time. Please try again later." data-product-name="Wavy Salt Vinegar Chips">
                                <div class="inner-container">
                                </div>

                            </div>
                        </div>

                    </div>
                </div>
            </div>

            <div class="module-plus-minus-buttons small hidden ">
                <button type="button" class="btn cart-change-qty" data-change-type="minus" data-auid="decrease-product-quantity" alt="Minus" aria-label="Minus">
                    <span class="icon-minimize"></span>
                </button>
                <div class="plus-minus-input-wrapper">
                    <input class="input-qty cart-change-qty" aria-label="Enter manual quantity" type="text" name="qty" title="Change quantity in cart" data-unit-type="ea" value="1ea" data-change-type="equals" maxlength="7">

                    <span class="input-qty-pretty">
							<span class="input-qty-pretty-value">1</span>
                    <span class="input-qty-pretty-unit"></span>
                    </span>
                </div>

                <button type="button" class="btn cart-change-qty" data-change-type="plus" data-auid="increase-product-quantity" alt="Plus" aria-label="Plus">
                    <span class="icon-plus-sign"></span>
                </button>

                <p class="deal-limit-reached hidden">Deal Limit Reached</p>

                <div class="tooltip-qty-error tooltip-qty-limit hidden">
                    <p>
                        Limit to &nbsp; 999 &nbsp;each&nbsp; per customer.</p>
                </div>
                <div class="tooltip-qty-error tooltip-round-error hidden">
                    <p>
                        We do not have this in the weight you wanted. We've rounded your order to the nearest weight increment we stock.</p>
                </div>
            </div>
        </form>

        <!-- End Template: AddToCartSmall -->

    </div>
</div>
<div class="item">

    <div class="module-grocery-product quickview-simple  clicked" data-quickview-ajax-url="/p/20872448_EA/quickViewProduct" data-product-id="20872448_EA" data-product-price="$1.68">

        <span class="subtitle"></span>

        <div class="product-page-hotspot">
            <div class="product-cell quickview-button">
                <div class="product-image ">

                    <img src="https://assets.shop.loblaws.ca/products/20872448/b1/en/front/20872448_front_a01.png" onerror="this.src='https://assets.shop.loblaws.ca/products/NoImage/b1/en/front/NoImage_front_a01_@2.png';" alt="Applewood Smoked Bacon Flavour Kettle Cooked Potato Chips" />

                    <span class="sticker deal">
	  				        <span class="deal-badge">

	  				            <span class="module-deal-badge module-deal-badge-grid simple-save-unit "
	  						        data-deal-type="SAVE $0.80"
	  						        data-ajax-promo-url="/simpleDeal/deals/product-tile?productCode=20872448_EA"
	  						        data-deal-id="20872448_EA">
	  						        <span class="deal-type">SAVE $0.80</span>

                    <span class="deal-expiry">
		Exp. 01/03
	</span>

                    </span>
                    </span>
                    </span>

                    <div class="hover-text-container">
                        <button href="#" tabindex="0" class="hover-text " aria-label="Quick View for Applewood Smoked Bacon Flavour Kettle Cooked Potato Chips.">Quick View</button>
                    </div>
                </div>
            </div>

            <div class="product-in-cart">
                <div class="wrapper-product-in-cart">
                    <span>
	  			    In Cart
	  		    </span>
                </div>
            </div>

            <div class="product-info">
                <div class="product-name-wrapper">
                    <a href="/Food/Pantry/Chips-%26-Salty-Snacks/Potato-Chips/President%27s-Choice-Applewood-Smoked-Bacon-Flavour-Kettle-Cooked-Potato-Chips/p/20872448_EA" class="product-name" aria-label="Product page for Applewood Smoked Bacon Flavour Kettle Cooked Potato Chips">
                        <span class="js-product-entry-brand">President's Choice&nbsp;</span>

                        <span class="js-product-entry-name">Applewood Smoked Bacon Flavour Kettle Cooked Potato Chips</span>

                        <span class="js-product-entry-size-detail">(220 g)</span>

                    </a>
                </div>

                <span class="ad-match-badge  hidden">Ad Match</span>

                <div class="price">
                    <div class="price-wrapper discount promo-alert ">
                        <span class="reg-price  price-alert" aria-label="Regular Price: $1.68">
					    <span class="reg-price-text">$1.68</span>

                        <sup class="reg-price-unit">ea</sup>
                        </span>
                        <span class="sale-price hidden" aria-label="Sale Price:">
					    <span class="sale-price-text"></span>
                        <sup class="sale-price-unit">ea</sup>
                        </span>

                        <span class="old-price" aria-label="Original Price: $2.48">
						    <span class="old-price-text">$2.48</span>
                        </span>

                        <span class="secondary-price hidden">

					    <span class="secondary-price-text" aria-label="Secondary Price:"></span>
                        </span>
                    </div>
                </div>

                <div class="qty">
                    <span class="reg-qty  price-alert">

		  		<span class="sr-only">Sale Price Per Unit:</span> $0.76 / 100 g

                    </span>

                    <span class="sale-qty hidden">

		  		<span class="sr-only">Sale Price Per Unit:</span> $0.76 / 100 g

                    </span>

                    <span class="secondary-qty hidden">

	  	<span class="secondary-qty-text"></span>
                    </span>
                </div>
            </div>

        </div>
        <form class="form-product  quickview-btn-simple" data-product-id="20872448_EA" data-min-qty="1.0" data-max-qty="999.0" data-unit-type="ea" data-cart-qty="1" data-default-qty="1" novalidate="novalidate" promoCode="" promoNumber="" data-is-customized="false" data-cart-url="/cart/product/20872448_EA" data-csrf-token="5582ec01-90c0-448b-b4f7-e2cf68d9f8a0" data-is-weighted-product="false">

            <div class="module-add-to-cart " data-change-type="plus" data-auto-edit="true" data-auto-add="true" data-cart-ajax-url="/cart/updateCart">
                <div class="wrapper-add-to-cart-btn">
                    <div class="module-add-to-cart-button-small">
                        <button type="button" class="btn btn-secondary btn-add-to-cart " data-auid="add-to-cart-button" data-has-pts-badge="false" aria-label="Add Applewood Smoked Bacon Flavour Kettle Cooked Potato Chips to cart">
                            <span class="icon-cart"></span>
                            <span class="add-to-cart-text">
											Add</span>
                        </button>
                        <button type="button" class="btn btn-secondary btn-edit-cart hidden " aria-label="Edit Cart">
                            <span class="qty-in-cart"></span>
                            <span class="edit-cart-text">
											<spring code="product.edit.text" />"
										</span>
                        </button>
                        <div class="add-list-parent add-list-module  bottom-add-list-module ">
                            <button class="btn btn-inline-link btn-save-to-list  dark is-btn-animated" data-login-url="/account/login?productCode=20872448_EA" data-ajax-url="/restful/lists/all?productCode=20872448_EA" data-user-guest="Y" data-user-guest="Y" data-product-code="20872448_EA" data-delete-item="false" aria-label="Add Applewood Smoked Bacon Flavour Kettle Cooked Potato Chips to a List">
                                <span class="glyphicon glyphicon-th-list"></span>
                                <div class="list-cta-text  is-btn-animated">Add to List</div>
                            </button>

                            <!-- this is the list HTML   -->
                            <div class="save-to-list-popup  is-btn-animated animation-up dark" data-save-to-list-error="Can not get lists at this time. Please try again later." data-product-name="Applewood Smoked Bacon Flavour Kettle Cooked Potato Chips">
                                <div class="inner-container">
                                </div>

                            </div>
                        </div>

                    </div>
                </div>
            </div>

            <div class="module-plus-minus-buttons small hidden ">
                <button type="button" class="btn cart-change-qty" data-change-type="minus" data-auid="decrease-product-quantity" alt="Minus" aria-label="Minus">
                    <span class="icon-minimize"></span>
                </button>
                <div class="plus-minus-input-wrapper">
                    <input class="input-qty cart-change-qty" aria-label="Enter manual quantity" type="text" name="qty" title="Change quantity in cart" data-unit-type="ea" value="1ea" data-change-type="equals" maxlength="7">

                    <span class="input-qty-pretty">
							<span class="input-qty-pretty-value">1</span>
                    <span class="input-qty-pretty-unit"></span>
                    </span>
                </div>

                <button type="button" class="btn cart-change-qty" data-change-type="plus" data-auid="increase-product-quantity" alt="Plus" aria-label="Plus">
                    <span class="icon-plus-sign"></span>
                </button>

                <p class="deal-limit-reached hidden">Deal Limit Reached</p>

                <div class="tooltip-qty-error tooltip-qty-limit hidden">
                    <p>
                        Limit to &nbsp; 999 &nbsp;each&nbsp; per customer.</p>
                </div>
                <div class="tooltip-qty-error tooltip-round-error hidden">
                    <p>
                        We do not have this in the weight you wanted. We've rounded your order to the nearest weight increment we stock.</p>
                </div>
            </div>
        </form>

        <!-- End Template: AddToCartSmall -->

    </div>
</div>
<div class="item">

    <div class="module-grocery-product quickview-simple  clicked" data-quickview-ajax-url="/p/20839412004_EA/quickViewProduct" data-product-id="20839412004_EA" data-product-price="$1.88">

        <span class="subtitle"></span>

        <div class="product-page-hotspot">
            <div class="product-cell quickview-button">
                <div class="product-image ">

                    <img src="https://assets.shop.loblaws.ca/products/20839412004/b1/en/front/20839412004_front_a01.png" onerror="this.src='https://assets.shop.loblaws.ca/products/NoImage/b1/en/front/NoImage_front_a01_@2.png';" alt="Barbecue Baby Back Ribs Chips" />

                    <div class="hover-text-container">
                        <button href="#" tabindex="0" class="hover-text " aria-label="Quick View for Barbecue Baby Back Ribs Chips.">Quick View</button>
                    </div>
                </div>
            </div>

            <div class="product-in-cart">
                <div class="wrapper-product-in-cart">
                    <span>
	  			    In Cart
	  		    </span>
                </div>
            </div>

            <div class="product-info">
                <div class="product-name-wrapper">
                    <a href="/Food/Pantry/Chips-%26-Salty-Snacks/Potato-Chips/President%27s-Choice-Barbecue-Baby-Back-Ribs-Chips/p/20839412004_EA" class="product-name" aria-label="Product page for Barbecue Baby Back Ribs Chips">
                        <span class="js-product-entry-brand">President's Choice&nbsp;</span>

                        <span class="js-product-entry-name">Barbecue Baby Back Ribs Chips</span>

                        <span class="js-product-entry-size-detail">(200 g)</span>

                    </a>
                </div>

                <span class="ad-match-badge  hidden">Ad Match</span>

                <div class="price">
                    <div class="price-wrapper no-discount  ">
                        <span class="reg-price  " aria-label="Regular Price: $1.88">
					    <span class="reg-price-text">$1.88</span>

                        <sup class="reg-price-unit">ea</sup>
                        </span>
                        <span class="sale-price hidden" aria-label="Sale Price:">
					    <span class="sale-price-text"></span>
                        <sup class="sale-price-unit">ea</sup>
                        </span>

                        <span class="secondary-price hidden">

					    <span class="secondary-price-text" aria-label="Secondary Price:"></span>
                        </span>
                    </div>
                </div>

                <div class="qty">
                    <span class="reg-qty  ">

		  		<span class="sr-only">Sale Price Per Unit:</span> $0.94 / 100 g

                    </span>

                    <span class="sale-qty hidden">

		  		<span class="sr-only">Sale Price Per Unit:</span> $0.94 / 100 g

                    </span>

                    <span class="secondary-qty hidden">

	  	<span class="secondary-qty-text"></span>
                    </span>
                </div>
            </div>

        </div>
        <form class="form-product  quickview-btn-simple" data-product-id="20839412004_EA" data-min-qty="1.0" data-max-qty="999.0" data-unit-type="ea" data-cart-qty="1" data-default-qty="1" novalidate="novalidate" promoCode="" promoNumber="" data-is-customized="false" data-cart-url="/cart/product/20839412004_EA" data-csrf-token="5582ec01-90c0-448b-b4f7-e2cf68d9f8a0" data-is-weighted-product="false">

            <div class="module-add-to-cart " data-change-type="plus" data-auto-edit="true" data-auto-add="true" data-cart-ajax-url="/cart/updateCart">
                <div class="wrapper-add-to-cart-btn">
                    <div class="module-add-to-cart-button-small">
                        <button type="button" class="btn btn-secondary btn-add-to-cart " data-auid="add-to-cart-button" data-has-pts-badge="false" aria-label="Add Barbecue Baby Back Ribs Chips to cart">
                            <span class="icon-cart"></span>
                            <span class="add-to-cart-text">
											Add</span>
                        </button>
                        <button type="button" class="btn btn-secondary btn-edit-cart hidden " aria-label="Edit Cart">
                            <span class="qty-in-cart"></span>
                            <span class="edit-cart-text">
											<spring code="product.edit.text" />"
										</span>
                        </button>
                        <div class="add-list-parent add-list-module  bottom-add-list-module ">
                            <button class="btn btn-inline-link btn-save-to-list  dark is-btn-animated" data-login-url="/account/login?productCode=20839412004_EA" data-ajax-url="/restful/lists/all?productCode=20839412004_EA" data-user-guest="Y" data-user-guest="Y" data-product-code="20839412004_EA" data-delete-item="false" aria-label="Add Barbecue Baby Back Ribs Chips to a List">
                                <span class="glyphicon glyphicon-th-list"></span>
                                <div class="list-cta-text  is-btn-animated">Add to List</div>
                            </button>

                            <!-- this is the list HTML   -->
                            <div class="save-to-list-popup  is-btn-animated animation-up dark" data-save-to-list-error="Can not get lists at this time. Please try again later." data-product-name="Barbecue Baby Back Ribs Chips">
                                <div class="inner-container">
                                </div>

                            </div>
                        </div>

                    </div>
                </div>
            </div>

            <div class="module-plus-minus-buttons small hidden ">
                <button type="button" class="btn cart-change-qty" data-change-type="minus" data-auid="decrease-product-quantity" alt="Minus" aria-label="Minus">
                    <span class="icon-minimize"></span>
                </button>
                <div class="plus-minus-input-wrapper">
                    <input class="input-qty cart-change-qty" aria-label="Enter manual quantity" type="text" name="qty" title="Change quantity in cart" data-unit-type="ea" value="1ea" data-change-type="equals" maxlength="7">

                    <span class="input-qty-pretty">
							<span class="input-qty-pretty-value">1</span>
                    <span class="input-qty-pretty-unit"></span>
                    </span>
                </div>

                <button type="button" class="btn cart-change-qty" data-change-type="plus" data-auid="increase-product-quantity" alt="Plus" aria-label="Plus">
                    <span class="icon-plus-sign"></span>
                </button>

                <p class="deal-limit-reached hidden">Deal Limit Reached</p>

                <div class="tooltip-qty-error tooltip-qty-limit hidden">
                    <p>
                        Limit to &nbsp; 999 &nbsp;each&nbsp; per customer.</p>
                </div>
                <div class="tooltip-qty-error tooltip-round-error hidden">
                    <p>
                        We do not have this in the weight you wanted. We've rounded your order to the nearest weight increment we stock.</p>
                </div>
            </div>
        </form>

        <!-- End Template: AddToCartSmall -->

    </div>
</div>
<div class="item">

    <div class="module-grocery-product quickview-simple  clicked" data-quickview-ajax-url="/p/20015224_EA/quickViewProduct" data-product-id="20015224_EA" data-product-price="$14.48">

        <span class="subtitle"></span>

        <div class="product-page-hotspot">
            <div class="product-cell quickview-button">
                <div class="product-image ">

                    <img src="https://assets.shop.loblaws.ca/products/20015224/b1/en/front/20015224_front_a01.png" onerror="this.src='https://assets.shop.loblaws.ca/products/NoImage/b1/en/front/NoImage_front_a01_@2.png';" alt="Variety Pack" />

                    <div class="hover-text-container">
                        <button href="#" tabindex="0" class="hover-text " aria-label="Quick View for Variety Pack.">Quick View</button>
                    </div>
                </div>
            </div>

            <div class="product-in-cart">
                <div class="wrapper-product-in-cart">
                    <span>
	  			    In Cart
	  		    </span>
                </div>
            </div>

            <div class="product-info">
                <div class="product-name-wrapper">
                    <a href="/Food/Pantry/Chips-%26-Salty-Snacks/Pretzels-%26-Snack-Mixes/Variety-Pack/p/20015224_EA" class="product-name" aria-label="Product page for Variety Pack">
                        <span class="js-product-entry-brand">Fritos&nbsp;</span>

                        <span class="js-product-entry-name">Variety Pack</span>

                        <span class="js-product-entry-size-detail">(50x28g)</span>

                    </a>
                </div>

                <span class="ad-match-badge  hidden">Ad Match</span>

                <div class="price">
                    <div class="price-wrapper no-discount  ">
                        <span class="reg-price  " aria-label="Regular Price: $14.48">
					    <span class="reg-price-text">$14.48</span>

                        <sup class="reg-price-unit">ea</sup>
                        </span>
                        <span class="sale-price hidden" aria-label="Sale Price:">
					    <span class="sale-price-text"></span>
                        <sup class="sale-price-unit">ea</sup>
                        </span>

                        <span class="secondary-price hidden">

					    <span class="secondary-price-text" aria-label="Secondary Price:"></span>
                        </span>
                    </div>
                </div>

                <div class="qty">
                    <span class="reg-qty  ">

		  		<span class="sr-only">Sale Price Per Unit:</span> $1.03 / 100 g

                    </span>

                    <span class="sale-qty hidden">

		  		<span class="sr-only">Sale Price Per Unit:</span> $1.03 / 100 g

                    </span>

                    <span class="secondary-qty hidden">

	  	<span class="secondary-qty-text"></span>
                    </span>
                </div>
            </div>

        </div>
        <form class="form-product  quickview-btn-simple" data-product-id="20015224_EA" data-min-qty="1.0" data-max-qty="999.0" data-unit-type="ea" data-cart-qty="1" data-default-qty="1" novalidate="novalidate" promoCode="" promoNumber="" data-is-customized="false" data-cart-url="/cart/product/20015224_EA" data-csrf-token="5582ec01-90c0-448b-b4f7-e2cf68d9f8a0" data-is-weighted-product="false">

            <div class="module-add-to-cart " data-change-type="plus" data-auto-edit="true" data-auto-add="true" data-cart-ajax-url="/cart/updateCart">
                <div class="wrapper-add-to-cart-btn">
                    <div class="module-add-to-cart-button-small">
                        <button type="button" class="btn btn-secondary btn-add-to-cart " data-auid="add-to-cart-button" data-has-pts-badge="false" aria-label="Add Variety Pack to cart">
                            <span class="icon-cart"></span>
                            <span class="add-to-cart-text">
											Add</span>
                        </button>
                        <button type="button" class="btn btn-secondary btn-edit-cart hidden " aria-label="Edit Cart">
                            <span class="qty-in-cart"></span>
                            <span class="edit-cart-text">
											<spring code="product.edit.text" />"
										</span>
                        </button>
                        <div class="add-list-parent add-list-module  bottom-add-list-module ">
                            <button class="btn btn-inline-link btn-save-to-list  dark is-btn-animated" data-login-url="/account/login?productCode=20015224_EA" data-ajax-url="/restful/lists/all?productCode=20015224_EA" data-user-guest="Y" data-user-guest="Y" data-product-code="20015224_EA" data-delete-item="false" aria-label="Add Variety Pack to a List">
                                <span class="glyphicon glyphicon-th-list"></span>
                                <div class="list-cta-text  is-btn-animated">Add to List</div>
                            </button>

                            <!-- this is the list HTML   -->
                            <div class="save-to-list-popup  is-btn-animated animation-up dark" data-save-to-list-error="Can not get lists at this time. Please try again later." data-product-name="Variety Pack">
                                <div class="inner-container">
                                </div>

                            </div>
                        </div>

                    </div>
                </div>
            </div>

            <div class="module-plus-minus-buttons small hidden ">
                <button type="button" class="btn cart-change-qty" data-change-type="minus" data-auid="decrease-product-quantity" alt="Minus" aria-label="Minus">
                    <span class="icon-minimize"></span>
                </button>
                <div class="plus-minus-input-wrapper">
                    <input class="input-qty cart-change-qty" aria-label="Enter manual quantity" type="text" name="qty" title="Change quantity in cart" data-unit-type="ea" value="1ea" data-change-type="equals" maxlength="7">

                    <span class="input-qty-pretty">
							<span class="input-qty-pretty-value">1</span>
                    <span class="input-qty-pretty-unit"></span>
                    </span>
                </div>

                <button type="button" class="btn cart-change-qty" data-change-type="plus" data-auid="increase-product-quantity" alt="Plus" aria-label="Plus">
                    <span class="icon-plus-sign"></span>
                </button>

                <p class="deal-limit-reached hidden">Deal Limit Reached</p>

                <div class="tooltip-qty-error tooltip-qty-limit hidden">
                    <p>
                        Limit to &nbsp; 999 &nbsp;each&nbsp; per customer.</p>
                </div>
                <div class="tooltip-qty-error tooltip-round-error hidden">
                    <p>
                        We do not have this in the weight you wanted. We've rounded your order to the nearest weight increment we stock.</p>
                </div>
            </div>
        </form>

        <!-- End Template: AddToCartSmall -->

    </div>
</div>
<div class="item">

    <div class="module-grocery-product quickview-simple  clicked" data-quickview-ajax-url="/p/21054930_EA/quickViewProduct" data-product-id="21054930_EA" data-product-price="$4.48">

        <span class="subtitle"></span>

        <div class="product-page-hotspot">
            <div class="product-cell quickview-button">
                <div class="product-image ">

                    <img src="https://assets.shop.loblaws.ca/products/21054930/b1/en/front/21054930_front_a01.png" onerror="this.src='https://assets.shop.loblaws.ca/products/NoImage/b1/en/front/NoImage_front_a01_@2.png';" alt="Hickory Smoke Flavour Roasted Almonds" />

                    <div class="hover-text-container">
                        <button href="#" tabindex="0" class="hover-text " aria-label="Quick View for Hickory Smoke Flavour Roasted Almonds.">Quick View</button>
                    </div>
                </div>
            </div>

            <div class="product-in-cart">
                <div class="wrapper-product-in-cart">
                    <span>
	  			    In Cart
	  		    </span>
                </div>
            </div>

            <div class="product-info">
                <div class="product-name-wrapper">
                    <a href="/Food/Pantry/Chips-%26-Salty-Snacks/Pretzels-%26-Snack-Mixes/President%27s-Choice-Hickory-Smoke-Flavour-Roasted-Almonds/p/21054930_EA" class="product-name" aria-label="Product page for Hickory Smoke Flavour Roasted Almonds">
                        <span class="js-product-entry-brand">President's Choice&nbsp;</span>

                        <span class="js-product-entry-name">Hickory Smoke Flavour Roasted Almonds</span>

                        <span class="js-product-entry-size-detail">(200 g)</span>

                    </a>
                </div>

                <span class="ad-match-badge  hidden">Ad Match</span>

                <div class="price">
                    <div class="price-wrapper no-discount  ">
                        <span class="reg-price  " aria-label="Regular Price: $4.48">
					    <span class="reg-price-text">$4.48</span>

                        <sup class="reg-price-unit">ea</sup>
                        </span>
                        <span class="sale-price hidden" aria-label="Sale Price:">
					    <span class="sale-price-text"></span>
                        <sup class="sale-price-unit">ea</sup>
                        </span>

                        <span class="secondary-price hidden">

					    <span class="secondary-price-text" aria-label="Secondary Price:"></span>
                        </span>
                    </div>
                </div>

                <div class="qty">
                    <span class="reg-qty  ">

		  		<span class="sr-only">Sale Price Per Unit:</span> $2.24 / 100 g

                    </span>

                    <span class="sale-qty hidden">

		  		<span class="sr-only">Sale Price Per Unit:</span> $2.24 / 100 g

                    </span>

                    <span class="secondary-qty hidden">

	  	<span class="secondary-qty-text"></span>
                    </span>
                </div>
            </div>

        </div>
        <form class="form-product  quickview-btn-simple" data-product-id="21054930_EA" data-min-qty="1.0" data-max-qty="999.0" data-unit-type="ea" data-cart-qty="1" data-default-qty="1" novalidate="novalidate" promoCode="" promoNumber="" data-is-customized="false" data-cart-url="/cart/product/21054930_EA" data-csrf-token="5582ec01-90c0-448b-b4f7-e2cf68d9f8a0" data-is-weighted-product="false">

            <div class="module-add-to-cart " data-change-type="plus" data-auto-edit="true" data-auto-add="true" data-cart-ajax-url="/cart/updateCart">
                <div class="wrapper-add-to-cart-btn">
                    <div class="module-add-to-cart-button-small">
                        <button type="button" class="btn btn-secondary btn-add-to-cart " data-auid="add-to-cart-button" data-has-pts-badge="false" aria-label="Add Hickory Smoke Flavour Roasted Almonds to cart">
                            <span class="icon-cart"></span>
                            <span class="add-to-cart-text">
											Add</span>
                        </button>
                        <button type="button" class="btn btn-secondary btn-edit-cart hidden " aria-label="Edit Cart">
                            <span class="qty-in-cart"></span>
                            <span class="edit-cart-text">
											<spring code="product.edit.text" />"
										</span>
                        </button>
                        <div class="add-list-parent add-list-module  bottom-add-list-module ">
                            <button class="btn btn-inline-link btn-save-to-list  dark is-btn-animated" data-login-url="/account/login?productCode=21054930_EA" data-ajax-url="/restful/lists/all?productCode=21054930_EA" data-user-guest="Y" data-user-guest="Y" data-product-code="21054930_EA" data-delete-item="false" aria-label="Add Hickory Smoke Flavour Roasted Almonds to a List">
                                <span class="glyphicon glyphicon-th-list"></span>
                                <div class="list-cta-text  is-btn-animated">Add to List</div>
                            </button>

                            <!-- this is the list HTML   -->
                            <div class="save-to-list-popup  is-btn-animated animation-up dark" data-save-to-list-error="Can not get lists at this time. Please try again later." data-product-name="Hickory Smoke Flavour Roasted Almonds">
                                <div class="inner-container">
                                </div>

                            </div>
                        </div>

                    </div>
                </div>
            </div>

            <div class="module-plus-minus-buttons small hidden ">
                <button type="button" class="btn cart-change-qty" data-change-type="minus" data-auid="decrease-product-quantity" alt="Minus" aria-label="Minus">
                    <span class="icon-minimize"></span>
                </button>
                <div class="plus-minus-input-wrapper">
                    <input class="input-qty cart-change-qty" aria-label="Enter manual quantity" type="text" name="qty" title="Change quantity in cart" data-unit-type="ea" value="1ea" data-change-type="equals" maxlength="7">

                    <span class="input-qty-pretty">
							<span class="input-qty-pretty-value">1</span>
                    <span class="input-qty-pretty-unit"></span>
                    </span>
                </div>

                <button type="button" class="btn cart-change-qty" data-change-type="plus" data-auid="increase-product-quantity" alt="Plus" aria-label="Plus">
                    <span class="icon-plus-sign"></span>
                </button>

                <p class="deal-limit-reached hidden">Deal Limit Reached</p>

                <div class="tooltip-qty-error tooltip-qty-limit hidden">
                    <p>
                        Limit to &nbsp; 999 &nbsp;each&nbsp; per customer.</p>
                </div>
                <div class="tooltip-qty-error tooltip-round-error hidden">
                    <p>
                        We do not have this in the weight you wanted. We've rounded your order to the nearest weight increment we stock.</p>
                </div>
            </div>
        </form>

        <!-- End Template: AddToCartSmall -->

    </div>
</div>
<div class="item">

    <div class="module-grocery-product quickview-simple  clicked" data-quickview-ajax-url="/p/21014195_EA/quickViewProduct" data-product-id="21014195_EA" data-product-price="$3.98">

        <span class="subtitle"></span>

        <div class="product-page-hotspot">
            <div class="product-cell quickview-button">
                <div class="product-image ">

                    <img src="https://assets.shop.loblaws.ca/products/21014195/b1/en/front/21014195_front_a01.png" onerror="this.src='https://assets.shop.loblaws.ca/products/NoImage/b1/en/front/NoImage_front_a01_@2.png';" alt="Healthy Pop Butter Flavour Microwave Pop Corn" />

                    <span class="sticker deal">
	  				        <span class="deal-badge">

	  				            <span class="module-deal-badge module-deal-badge-grid simple-save-unit "
	  						        data-deal-type="$3.98 LIMIT 4"
	  						        data-ajax-promo-url="/simpleDeal/deals/product-tile?productCode=21014195_EA"
	  						        data-deal-id="21014195_EA">
	  						        <span class="deal-type">$3.98 LIMIT 4</span>

                    <span class="deal-expiry">
		Exp. 12/27
	</span>

                    </span>
                    </span>
                    </span>

                    <div class="hover-text-container">
                        <button href="#" tabindex="0" class="hover-text " aria-label="Quick View for Healthy Pop Butter Flavour Microwave Pop Corn.">Quick View</button>
                    </div>
                </div>
            </div>

            <div class="product-in-cart">
                <div class="wrapper-product-in-cart">
                    <span>
	  			    In Cart
	  		    </span>
                </div>
            </div>

            <div class="product-info">
                <div class="product-name-wrapper">
                    <a href="/Food/Pantry/Chips-%26-Salty-Snacks/Potato-Chips/Jolly-Time-Healthy-Pop-Butter-Flavour-Microwave-Pop-Corn/p/21014195_EA" class="product-name" aria-label="Product page for Healthy Pop Butter Flavour Microwave Pop Corn">

                        <span class="js-product-entry-name">Healthy Pop Butter Flavour Microwave Pop Corn</span>

                        <span class="js-product-entry-size-detail">(510 g)</span>

                    </a>
                </div>

                <span class="ad-match-badge  hidden">Ad Match</span>

                <div class="price">
                    <div class="price-wrapper no-discount promo-alert ">
                        <span class="reg-price  price-alert" aria-label="Regular Price: $3.98">
					    <span class="reg-price-text">$3.98</span>

                        <sup class="reg-price-unit">ea</sup>
                        </span>
                        <span class="sale-price hidden" aria-label="Sale Price:">
					    <span class="sale-price-text"></span>
                        <sup class="sale-price-unit">ea</sup>
                        </span>

                        <span class="secondary-price hidden">

					    <span class="secondary-price-text" aria-label="Secondary Price:"></span>
                        </span>
                    </div>
                </div>

                <div class="qty">
                    <span class="reg-qty  price-alert">

		  		<span class="sr-only">Sale Price Per Unit:</span> $0.78 / 100 g

                    </span>

                    <span class="sale-qty hidden">

		  		<span class="sr-only">Sale Price Per Unit:</span> $0.78 / 100 g

                    </span>

                    <span class="secondary-qty hidden">

	  	<span class="secondary-qty-text"></span>
                    </span>
                </div>
            </div>

        </div>
        <form class="form-product  quickview-btn-simple" data-product-id="21014195_EA" data-min-qty="1.0" data-max-qty="999.0" data-unit-type="ea" data-cart-qty="1" data-default-qty="1" novalidate="novalidate" promoCode="" promoNumber="" data-is-customized="false" data-cart-url="/cart/product/21014195_EA" data-csrf-token="5582ec01-90c0-448b-b4f7-e2cf68d9f8a0" data-is-weighted-product="false">

            <div class="module-add-to-cart " data-change-type="plus" data-auto-edit="true" data-auto-add="true" data-cart-ajax-url="/cart/updateCart">
                <div class="wrapper-add-to-cart-btn">
                    <div class="module-add-to-cart-button-small">
                        <button type="button" class="btn btn-secondary btn-add-to-cart " data-auid="add-to-cart-button" data-has-pts-badge="false" aria-label="Add Healthy Pop Butter Flavour Microwave Pop Corn to cart">
                            <span class="icon-cart"></span>
                            <span class="add-to-cart-text">
											Add</span>
                        </button>
                        <button type="button" class="btn btn-secondary btn-edit-cart hidden " aria-label="Edit Cart">
                            <span class="qty-in-cart"></span>
                            <span class="edit-cart-text">
											<spring code="product.edit.text" />"
										</span>
                        </button>
                        <div class="add-list-parent add-list-module  bottom-add-list-module ">
                            <button class="btn btn-inline-link btn-save-to-list  dark is-btn-animated" data-login-url="/account/login?productCode=21014195_EA" data-ajax-url="/restful/lists/all?productCode=21014195_EA" data-user-guest="Y" data-user-guest="Y" data-product-code="21014195_EA" data-delete-item="false" aria-label="Add Healthy Pop Butter Flavour Microwave Pop Corn to a List">
                                <span class="glyphicon glyphicon-th-list"></span>
                                <div class="list-cta-text  is-btn-animated">Add to List</div>
                            </button>

                            <!-- this is the list HTML   -->
                            <div class="save-to-list-popup  is-btn-animated animation-up dark" data-save-to-list-error="Can not get lists at this time. Please try again later." data-product-name="Healthy Pop Butter Flavour Microwave Pop Corn">
                                <div class="inner-container">
                                </div>

                            </div>
                        </div>

                    </div>
                </div>
            </div>

            <div class="module-plus-minus-buttons small hidden ">
                <button type="button" class="btn cart-change-qty" data-change-type="minus" data-auid="decrease-product-quantity" alt="Minus" aria-label="Minus">
                    <span class="icon-minimize"></span>
                </button>
                <div class="plus-minus-input-wrapper">
                    <input class="input-qty cart-change-qty" aria-label="Enter manual quantity" type="text" name="qty" title="Change quantity in cart" data-unit-type="ea" value="1ea" data-change-type="equals" maxlength="7">

                    <span class="input-qty-pretty">
							<span class="input-qty-pretty-value">1</span>
                    <span class="input-qty-pretty-unit"></span>
                    </span>
                </div>

                <button type="button" class="btn cart-change-qty" data-change-type="plus" data-auid="increase-product-quantity" alt="Plus" aria-label="Plus">
                    <span class="icon-plus-sign"></span>
                </button>

                <p class="deal-limit-reached hidden">Deal Limit Reached</p>

                <div class="tooltip-qty-error tooltip-qty-limit hidden">
                    <p>
                        Limit to &nbsp; 999 &nbsp;each&nbsp; per customer.</p>
                </div>
                <div class="tooltip-qty-error tooltip-round-error hidden">
                    <p>
                        We do not have this in the weight you wanted. We've rounded your order to the nearest weight increment we stock.</p>
                </div>
            </div>
        </form>

        <!-- End Template: AddToCartSmall -->

    </div>
</div>
<div class="item">

    <div class="module-grocery-product quickview-simple  clicked" data-quickview-ajax-url="/p/20915557_EA/quickViewProduct" data-product-id="20915557_EA" data-product-price="$8.88">

        <span class="subtitle"></span>

        <div class="product-page-hotspot">
            <div class="product-cell quickview-button">
                <div class="product-image ">

                    <img src="https://assets.shop.loblaws.ca/products/20915557/b1/en/front/20915557_front_a01.png" onerror="this.src='https://assets.shop.loblaws.ca/products/NoImage/b1/en/front/NoImage_front_a01_@2.png';" alt="Cheezies" />

                    <div class="hover-text-container">
                        <button href="#" tabindex="0" class="hover-text " aria-label="Quick View for Cheezies.">Quick View</button>
                    </div>
                </div>
            </div>

            <div class="product-in-cart">
                <div class="wrapper-product-in-cart">
                    <span>
	  			    In Cart
	  		    </span>
                </div>
            </div>

            <div class="product-info">
                <div class="product-name-wrapper">
                    <a href="/Food/Pantry/Chips-%26-Salty-Snacks/Potato-Chips/Hawkins-Cheezies/p/20915557_EA" class="product-name" aria-label="Product page for Cheezies">
                        <span class="js-product-entry-brand">Hawkins&nbsp;</span>

                        <span class="js-product-entry-name">Cheezies</span>

                        <span class="js-product-entry-size-detail">(1120 g)</span>

                    </a>
                </div>

                <span class="ad-match-badge  hidden">Ad Match</span>

                <div class="price">
                    <div class="price-wrapper no-discount  ">
                        <span class="reg-price  " aria-label="Regular Price: $8.88">
					    <span class="reg-price-text">$8.88</span>

                        <sup class="reg-price-unit">ea</sup>
                        </span>
                        <span class="sale-price hidden" aria-label="Sale Price:">
					    <span class="sale-price-text"></span>
                        <sup class="sale-price-unit">ea</sup>
                        </span>

                        <span class="secondary-price hidden">

					    <span class="secondary-price-text" aria-label="Secondary Price:"></span>
                        </span>
                    </div>
                </div>

                <div class="qty">
                    <span class="reg-qty  ">

		  		<span class="sr-only">Sale Price Per Unit:</span> $0.79 / 100 g

                    </span>

                    <span class="sale-qty hidden">

		  		<span class="sr-only">Sale Price Per Unit:</span> $0.79 / 100 g

                    </span>

                    <span class="secondary-qty hidden">

	  	<span class="secondary-qty-text"></span>
                    </span>
                </div>
            </div>

        </div>
        <form class="form-product  quickview-btn-simple" data-product-id="20915557_EA" data-min-qty="1.0" data-max-qty="999.0" data-unit-type="ea" data-cart-qty="1" data-default-qty="1" novalidate="novalidate" promoCode="" promoNumber="" data-is-customized="false" data-cart-url="/cart/product/20915557_EA" data-csrf-token="5582ec01-90c0-448b-b4f7-e2cf68d9f8a0" data-is-weighted-product="false">

            <div class="module-add-to-cart " data-change-type="plus" data-auto-edit="true" data-auto-add="true" data-cart-ajax-url="/cart/updateCart">
                <div class="wrapper-add-to-cart-btn">
                    <div class="module-add-to-cart-button-small">
                        <button type="button" class="btn btn-secondary btn-add-to-cart " data-auid="add-to-cart-button" data-has-pts-badge="false" aria-label="Add Cheezies to cart">
                            <span class="icon-cart"></span>
                            <span class="add-to-cart-text">
											Add</span>
                        </button>
                        <button type="button" class="btn btn-secondary btn-edit-cart hidden " aria-label="Edit Cart">
                            <span class="qty-in-cart"></span>
                            <span class="edit-cart-text">
											<spring code="product.edit.text" />"
										</span>
                        </button>
                        <div class="add-list-parent add-list-module  bottom-add-list-module ">
                            <button class="btn btn-inline-link btn-save-to-list  dark is-btn-animated" data-login-url="/account/login?productCode=20915557_EA" data-ajax-url="/restful/lists/all?productCode=20915557_EA" data-user-guest="Y" data-user-guest="Y" data-product-code="20915557_EA" data-delete-item="false" aria-label="Add Cheezies to a List">
                                <span class="glyphicon glyphicon-th-list"></span>
                                <div class="list-cta-text  is-btn-animated">Add to List</div>
                            </button>

                            <!-- this is the list HTML   -->
                            <div class="save-to-list-popup  is-btn-animated animation-up dark" data-save-to-list-error="Can not get lists at this time. Please try again later." data-product-name="Cheezies">
                                <div class="inner-container">
                                </div>

                            </div>
                        </div>

                    </div>
                </div>
            </div>

            <div class="module-plus-minus-buttons small hidden ">
                <button type="button" class="btn cart-change-qty" data-change-type="minus" data-auid="decrease-product-quantity" alt="Minus" aria-label="Minus">
                    <span class="icon-minimize"></span>
                </button>
                <div class="plus-minus-input-wrapper">
                    <input class="input-qty cart-change-qty" aria-label="Enter manual quantity" type="text" name="qty" title="Change quantity in cart" data-unit-type="ea" value="1ea" data-change-type="equals" maxlength="7">

                    <span class="input-qty-pretty">
							<span class="input-qty-pretty-value">1</span>
                    <span class="input-qty-pretty-unit"></span>
                    </span>
                </div>

                <button type="button" class="btn cart-change-qty" data-change-type="plus" data-auid="increase-product-quantity" alt="Plus" aria-label="Plus">
                    <span class="icon-plus-sign"></span>
                </button>

                <p class="deal-limit-reached hidden">Deal Limit Reached</p>

                <div class="tooltip-qty-error tooltip-qty-limit hidden">
                    <p>
                        Limit to &nbsp; 999 &nbsp;each&nbsp; per customer.</p>
                </div>
                <div class="tooltip-qty-error tooltip-round-error hidden">
                    <p>
                        We do not have this in the weight you wanted. We've rounded your order to the nearest weight increment we stock.</p>
                </div>
            </div>
        </form>

        <!-- End Template: AddToCartSmall -->

    </div>
</div>
<div class="item">

    <div class="module-grocery-product quickview-simple  clicked" data-quickview-ajax-url="/p/20599687_EA/quickViewProduct" data-product-id="20599687_EA" data-product-price="$6.98">

        <span class="subtitle"></span>

        <div class="product-page-hotspot">
            <div class="product-cell quickview-button">
                <div class="product-image ">

                    <img src="https://assets.shop.loblaws.ca/products/20599687/b1/en/front/20599687_front_a01.png" onerror="this.src='https://assets.shop.loblaws.ca/products/NoImage/b1/en/front/NoImage_front_a01_@2.png';" alt="Lay's Potato Chips, 4 Flavour 18 bag - Variety pack" />

                    <div class="hover-text-container">
                        <button href="#" tabindex="0" class="hover-text " aria-label="Quick View for Lay's Potato Chips, 4 Flavour 18 bag - Variety pack.">Quick View</button>
                    </div>
                </div>
            </div>

            <div class="product-in-cart">
                <div class="wrapper-product-in-cart">
                    <span>
	  			    In Cart
	  		    </span>
                </div>
            </div>

            <div class="product-info">
                <div class="product-name-wrapper">
                    <a href="/Food/Pantry/Chips-%26-Salty-Snacks/Potato-Chips/Lay%27s-Potato-Chips%2C-4-Flavour-18-bag---Variety-pack/p/20599687_EA" class="product-name" aria-label="Product page for Lay's Potato Chips, 4 Flavour 18 bag - Variety pack">
                        <span class="js-product-entry-brand">Fritos&nbsp;</span>

                        <span class="js-product-entry-name">Lay's Potato Chips, 4 Flavour 18 bag - Variety pack</span>

                        <span class="js-product-entry-size-detail">(504 g)</span>

                    </a>
                </div>

                <span class="ad-match-badge  hidden">Ad Match</span>

                <div class="price">
                    <div class="price-wrapper no-discount  ">
                        <span class="reg-price  " aria-label="Regular Price: $6.98">
					    <span class="reg-price-text">$6.98</span>

                        <sup class="reg-price-unit">ea</sup>
                        </span>
                        <span class="sale-price hidden" aria-label="Sale Price:">
					    <span class="sale-price-text"></span>
                        <sup class="sale-price-unit">ea</sup>
                        </span>

                        <span class="secondary-price hidden">

					    <span class="secondary-price-text" aria-label="Secondary Price:"></span>
                        </span>
                    </div>
                </div>

                <div class="qty">
                    <span class="reg-qty  ">

		  		<span class="sr-only">Sale Price Per Unit:</span> $1.38 / 100 g

                    </span>

                    <span class="sale-qty hidden">

		  		<span class="sr-only">Sale Price Per Unit:</span> $1.38 / 100 g

                    </span>

                    <span class="secondary-qty hidden">

	  	<span class="secondary-qty-text"></span>
                    </span>
                </div>
            </div>

        </div>
        <form class="form-product  quickview-btn-simple" data-product-id="20599687_EA" data-min-qty="1.0" data-max-qty="999.0" data-unit-type="ea" data-cart-qty="1" data-default-qty="1" novalidate="novalidate" promoCode="" promoNumber="" data-is-customized="false" data-cart-url="/cart/product/20599687_EA" data-csrf-token="5582ec01-90c0-448b-b4f7-e2cf68d9f8a0" data-is-weighted-product="false">

            <div class="module-add-to-cart " data-change-type="plus" data-auto-edit="true" data-auto-add="true" data-cart-ajax-url="/cart/updateCart">
                <div class="wrapper-add-to-cart-btn">
                    <div class="module-add-to-cart-button-small">
                        <button type="button" class="btn btn-secondary btn-add-to-cart " data-auid="add-to-cart-button" data-has-pts-badge="false" aria-label="Add Lay's Potato Chips, 4 Flavour 18 bag - Variety pack to cart">
                            <span class="icon-cart"></span>
                            <span class="add-to-cart-text">
											Add</span>
                        </button>
                        <button type="button" class="btn btn-secondary btn-edit-cart hidden " aria-label="Edit Cart">
                            <span class="qty-in-cart"></span>
                            <span class="edit-cart-text">
											<spring code="product.edit.text" />"
										</span>
                        </button>
                        <div class="add-list-parent add-list-module  bottom-add-list-module ">
                            <button class="btn btn-inline-link btn-save-to-list  dark is-btn-animated" data-login-url="/account/login?productCode=20599687_EA" data-ajax-url="/restful/lists/all?productCode=20599687_EA" data-user-guest="Y" data-user-guest="Y" data-product-code="20599687_EA" data-delete-item="false" aria-label="Add Lay's Potato Chips, 4 Flavour 18 bag - Variety pack to a List">
                                <span class="glyphicon glyphicon-th-list"></span>
                                <div class="list-cta-text  is-btn-animated">Add to List</div>
                            </button>

                            <!-- this is the list HTML   -->
                            <div class="save-to-list-popup  is-btn-animated animation-up dark" data-save-to-list-error="Can not get lists at this time. Please try again later." data-product-name="Lay's Potato Chips, 4 Flavour 18 bag - Variety pack">
                                <div class="inner-container">
                                </div>

                            </div>
                        </div>

                    </div>
                </div>
            </div>

            <div class="module-plus-minus-buttons small hidden ">
                <button type="button" class="btn cart-change-qty" data-change-type="minus" data-auid="decrease-product-quantity" alt="Minus" aria-label="Minus">
                    <span class="icon-minimize"></span>
                </button>
                <div class="plus-minus-input-wrapper">
                    <input class="input-qty cart-change-qty" aria-label="Enter manual quantity" type="text" name="qty" title="Change quantity in cart" data-unit-type="ea" value="1ea" data-change-type="equals" maxlength="7">

                    <span class="input-qty-pretty">
							<span class="input-qty-pretty-value">1</span>
                    <span class="input-qty-pretty-unit"></span>
                    </span>
                </div>

                <button type="button" class="btn cart-change-qty" data-change-type="plus" data-auid="increase-product-quantity" alt="Plus" aria-label="Plus">
                    <span class="icon-plus-sign"></span>
                </button>

                <p class="deal-limit-reached hidden">Deal Limit Reached</p>

                <div class="tooltip-qty-error tooltip-qty-limit hidden">
                    <p>
                        Limit to &nbsp; 999 &nbsp;each&nbsp; per customer.</p>
                </div>
                <div class="tooltip-qty-error tooltip-round-error hidden">
                    <p>
                        We do not have this in the weight you wanted. We've rounded your order to the nearest weight increment we stock.</p>
                </div>
            </div>
        </form>

        <!-- End Template: AddToCartSmall -->

    </div>
</div>
<div class="item">

    <div class="module-grocery-product quickview-simple  clicked" data-quickview-ajax-url="/p/20140411001_EA/quickViewProduct" data-product-id="20140411001_EA" data-product-price="$3.98">

        <span class="subtitle"></span>

        <div class="product-page-hotspot">
            <div class="product-cell quickview-button">
                <div class="product-image ">

                    <img src="https://assets.shop.loblaws.ca/products/20140411001/b1/en/front/20140411001_front_a01.png" onerror="this.src='https://assets.shop.loblaws.ca/products/NoImage/b1/en/front/NoImage_front_a01_@2.png';" alt="Vegetable Chips, Original" />

                    <span class="sticker deal">
	  				        <span class="deal-badge">

	  				            <span class="module-deal-badge module-deal-badge-grid simple-save-unit "
	  						        data-deal-type="$3.98 LIMIT 4"
	  						        data-ajax-promo-url="/simpleDeal/deals/product-tile?productCode=20140411001_EA"
	  						        data-deal-id="20140411001_EA">
	  						        <span class="deal-type">$3.98 LIMIT 4</span>

                    <span class="deal-expiry">
		Exp. 12/27
	</span>

                    </span>
                    </span>
                    </span>

                    <div class="hover-text-container">
                        <button href="#" tabindex="0" class="hover-text " aria-label="Quick View for Vegetable Chips, Original.">Quick View</button>
                    </div>
                </div>
            </div>

            <div class="product-in-cart">
                <div class="wrapper-product-in-cart">
                    <span>
	  			    In Cart
	  		    </span>
                </div>
            </div>

            <div class="product-info">
                <div class="product-name-wrapper">
                    <a href="/Food/Pantry/Chips-%26-Salty-Snacks/Potato-Chips/Vegetable-Chips%2C-Original/p/20140411001_EA" class="product-name" aria-label="Product page for Vegetable Chips, Original">
                        <span class="js-product-entry-brand">Terra&nbsp;</span>

                        <span class="js-product-entry-name">Vegetable Chips, Original</span>

                        <span class="js-product-entry-size-detail">(170 g)</span>

                    </a>
                </div>

                <span class="ad-match-badge  hidden">Ad Match</span>

                <div class="price">
                    <div class="price-wrapper no-discount promo-alert ">
                        <span class="reg-price  price-alert" aria-label="Regular Price: $3.98">
					    <span class="reg-price-text">$3.98</span>

                        <sup class="reg-price-unit">ea</sup>
                        </span>
                        <span class="sale-price hidden" aria-label="Sale Price:">
					    <span class="sale-price-text"></span>
                        <sup class="sale-price-unit">ea</sup>
                        </span>

                        <span class="secondary-price hidden">

					    <span class="secondary-price-text" aria-label="Secondary Price:"></span>
                        </span>
                    </div>
                </div>

                <div class="qty">
                    <span class="reg-qty  price-alert">

		  		<span class="sr-only">Sale Price Per Unit:</span> $2.34 / 100 g

                    </span>

                    <span class="sale-qty hidden">

		  		<span class="sr-only">Sale Price Per Unit:</span> $2.34 / 100 g

                    </span>

                    <span class="secondary-qty hidden">

	  	<span class="secondary-qty-text"></span>
                    </span>
                </div>
            </div>

        </div>
        <form class="form-product  quickview-btn-simple" data-product-id="20140411001_EA" data-min-qty="1.0" data-max-qty="999.0" data-unit-type="ea" data-cart-qty="1" data-default-qty="1" novalidate="novalidate" promoCode="" promoNumber="" data-is-customized="false" data-cart-url="/cart/product/20140411001_EA" data-csrf-token="5582ec01-90c0-448b-b4f7-e2cf68d9f8a0" data-is-weighted-product="false">

            <div class="module-add-to-cart " data-change-type="plus" data-auto-edit="true" data-auto-add="true" data-cart-ajax-url="/cart/updateCart">
                <div class="wrapper-add-to-cart-btn">
                    <div class="module-add-to-cart-button-small">
                        <button type="button" class="btn btn-secondary btn-add-to-cart " data-auid="add-to-cart-button" data-has-pts-badge="false" aria-label="Add Vegetable Chips, Original to cart">
                            <span class="icon-cart"></span>
                            <span class="add-to-cart-text">
											Add</span>
                        </button>
                        <button type="button" class="btn btn-secondary btn-edit-cart hidden " aria-label="Edit Cart">
                            <span class="qty-in-cart"></span>
                            <span class="edit-cart-text">
											<spring code="product.edit.text" />"
										</span>
                        </button>
                        <div class="add-list-parent add-list-module  bottom-add-list-module ">
                            <button class="btn btn-inline-link btn-save-to-list  dark is-btn-animated" data-login-url="/account/login?productCode=20140411001_EA" data-ajax-url="/restful/lists/all?productCode=20140411001_EA" data-user-guest="Y" data-user-guest="Y" data-product-code="20140411001_EA" data-delete-item="false" aria-label="Add Vegetable Chips, Original to a List">
                                <span class="glyphicon glyphicon-th-list"></span>
                                <div class="list-cta-text  is-btn-animated">Add to List</div>
                            </button>

                            <!-- this is the list HTML   -->
                            <div class="save-to-list-popup  is-btn-animated animation-up dark" data-save-to-list-error="Can not get lists at this time. Please try again later." data-product-name="Vegetable Chips, Original">
                                <div class="inner-container">
                                </div>

                            </div>
                        </div>

                    </div>
                </div>
            </div>

            <div class="module-plus-minus-buttons small hidden ">
                <button type="button" class="btn cart-change-qty" data-change-type="minus" data-auid="decrease-product-quantity" alt="Minus" aria-label="Minus">
                    <span class="icon-minimize"></span>
                </button>
                <div class="plus-minus-input-wrapper">
                    <input class="input-qty cart-change-qty" aria-label="Enter manual quantity" type="text" name="qty" title="Change quantity in cart" data-unit-type="ea" value="1ea" data-change-type="equals" maxlength="7">

                    <span class="input-qty-pretty">
							<span class="input-qty-pretty-value">1</span>
                    <span class="input-qty-pretty-unit"></span>
                    </span>
                </div>

                <button type="button" class="btn cart-change-qty" data-change-type="plus" data-auid="increase-product-quantity" alt="Plus" aria-label="Plus">
                    <span class="icon-plus-sign"></span>
                </button>

                <p class="deal-limit-reached hidden">Deal Limit Reached</p>

                <div class="tooltip-qty-error tooltip-qty-limit hidden">
                    <p>
                        Limit to &nbsp; 999 &nbsp;each&nbsp; per customer.</p>
                </div>
                <div class="tooltip-qty-error tooltip-round-error hidden">
                    <p>
                        We do not have this in the weight you wanted. We've rounded your order to the nearest weight increment we stock.</p>
                </div>
            </div>
        </form>

        <!-- End Template: AddToCartSmall -->

    </div>
</div>
<div class="item">

    <div class="module-grocery-product quickview-simple  clicked" data-quickview-ajax-url="/p/20840911001_EA/quickViewProduct" data-product-id="20840911001_EA" data-product-price="$1.68">

        <span class="subtitle">New</span>

        <div class="product-page-hotspot">
            <div class="product-cell quickview-button">
                <div class="product-image ">

                    <img src="https://assets.shop.loblaws.ca/products/20840911001/b1/en/front/20840911001_front_a01.png" onerror="this.src='https://assets.shop.loblaws.ca/products/NoImage/b1/en/front/NoImage_front_a01_@2.png';" alt="Loads Of Ketchup Flavour Rippled Potato Chips" />

                    <span class="sticker deal">
	  				        <span class="deal-badge">

	  				            <span class="module-deal-badge module-deal-badge-grid simple-save-unit "
	  						        data-deal-type="SAVE $0.20"
	  						        data-ajax-promo-url="/simpleDeal/deals/product-tile?productCode=20840911001_EA"
	  						        data-deal-id="20840911001_EA">
	  						        <span class="deal-type">SAVE $0.20</span>

                    <span class="deal-expiry">
		Exp. 01/03
	</span>

                    </span>
                    </span>
                    </span>

                    <div class="hover-text-container">
                        <button href="#" tabindex="0" class="hover-text " aria-label="Quick View for Loads Of Ketchup Flavour Rippled Potato Chips.">Quick View</button>
                    </div>
                </div>
            </div>

            <div class="product-in-cart">
                <div class="wrapper-product-in-cart">
                    <span>
	  			    In Cart
	  		    </span>
                </div>
            </div>

            <div class="product-info">
                <div class="product-name-wrapper">
                    <a href="/Food/Pantry/Chips-%26-Salty-Snacks/Potato-Chips/President%27s-Choice-Loads-Of-Ketchup-Flavour-Rippled-Potato-Chips/p/20840911001_EA" class="product-name" aria-label="Product page for Loads Of Ketchup Flavour Rippled Potato Chips">
                        <span class="js-product-entry-brand">President's Choice&nbsp;</span>

                        <span class="js-product-entry-name">Loads Of Ketchup Flavour Rippled Potato Chips</span>

                        <span class="js-product-entry-size-detail">(200 g)</span>

                    </a>
                </div>

                <span class="ad-match-badge  hidden">Ad Match</span>

                <div class="price">
                    <div class="price-wrapper discount promo-alert ">
                        <span class="reg-price  price-alert" aria-label="Regular Price: $1.68">
					    <span class="reg-price-text">$1.68</span>

                        <sup class="reg-price-unit">ea</sup>
                        </span>
                        <span class="sale-price hidden" aria-label="Sale Price:">
					    <span class="sale-price-text"></span>
                        <sup class="sale-price-unit">ea</sup>
                        </span>

                        <span class="old-price" aria-label="Original Price: $1.88">
						    <span class="old-price-text">$1.88</span>
                        </span>

                        <span class="secondary-price hidden">

					    <span class="secondary-price-text" aria-label="Secondary Price:"></span>
                        </span>
                    </div>
                </div>

                <div class="qty">
                    <span class="reg-qty  price-alert">

		  		<span class="sr-only">Sale Price Per Unit:</span> $0.84 / 100 g

                    </span>

                    <span class="sale-qty hidden">

		  		<span class="sr-only">Sale Price Per Unit:</span> $0.84 / 100 g

                    </span>

                    <span class="secondary-qty hidden">

	  	<span class="secondary-qty-text"></span>
                    </span>
                </div>
            </div>

        </div>
        <form class="form-product  quickview-btn-simple" data-product-id="20840911001_EA" data-min-qty="1.0" data-max-qty="999.0" data-unit-type="ea" data-cart-qty="1" data-default-qty="1" novalidate="novalidate" promoCode="" promoNumber="" data-is-customized="false" data-cart-url="/cart/product/20840911001_EA" data-csrf-token="5582ec01-90c0-448b-b4f7-e2cf68d9f8a0" data-is-weighted-product="false">

            <div class="module-add-to-cart " data-change-type="plus" data-auto-edit="true" data-auto-add="true" data-cart-ajax-url="/cart/updateCart">
                <div class="wrapper-add-to-cart-btn">
                    <div class="module-add-to-cart-button-small">
                        <button type="button" class="btn btn-secondary btn-add-to-cart " data-auid="add-to-cart-button" data-has-pts-badge="false" aria-label="Add Loads Of Ketchup Flavour Rippled Potato Chips to cart">
                            <span class="icon-cart"></span>
                            <span class="add-to-cart-text">
											Add</span>
                        </button>
                        <button type="button" class="btn btn-secondary btn-edit-cart hidden " aria-label="Edit Cart">
                            <span class="qty-in-cart"></span>
                            <span class="edit-cart-text">
											<spring code="product.edit.text" />"
										</span>
                        </button>
                        <div class="add-list-parent add-list-module  bottom-add-list-module ">
                            <button class="btn btn-inline-link btn-save-to-list  dark is-btn-animated" data-login-url="/account/login?productCode=20840911001_EA" data-ajax-url="/restful/lists/all?productCode=20840911001_EA" data-user-guest="Y" data-user-guest="Y" data-product-code="20840911001_EA" data-delete-item="false" aria-label="Add Loads Of Ketchup Flavour Rippled Potato Chips to a List">
                                <span class="glyphicon glyphicon-th-list"></span>
                                <div class="list-cta-text  is-btn-animated">Add to List</div>
                            </button>

                            <!-- this is the list HTML   -->
                            <div class="save-to-list-popup  is-btn-animated animation-up dark" data-save-to-list-error="Can not get lists at this time. Please try again later." data-product-name="Loads Of Ketchup Flavour Rippled Potato Chips">
                                <div class="inner-container">
                                </div>

                            </div>
                        </div>

                    </div>
                </div>
            </div>

            <div class="module-plus-minus-buttons small hidden ">
                <button type="button" class="btn cart-change-qty" data-change-type="minus" data-auid="decrease-product-quantity" alt="Minus" aria-label="Minus">
                    <span class="icon-minimize"></span>
                </button>
                <div class="plus-minus-input-wrapper">
                    <input class="input-qty cart-change-qty" aria-label="Enter manual quantity" type="text" name="qty" title="Change quantity in cart" data-unit-type="ea" value="1ea" data-change-type="equals" maxlength="7">

                    <span class="input-qty-pretty">
							<span class="input-qty-pretty-value">1</span>
                    <span class="input-qty-pretty-unit"></span>
                    </span>
                </div>

                <button type="button" class="btn cart-change-qty" data-change-type="plus" data-auid="increase-product-quantity" alt="Plus" aria-label="Plus">
                    <span class="icon-plus-sign"></span>
                </button>

                <p class="deal-limit-reached hidden">Deal Limit Reached</p>

                <div class="tooltip-qty-error tooltip-qty-limit hidden">
                    <p>
                        Limit to &nbsp; 999 &nbsp;each&nbsp; per customer.</p>
                </div>
                <div class="tooltip-qty-error tooltip-round-error hidden">
                    <p>
                        We do not have this in the weight you wanted. We've rounded your order to the nearest weight increment we stock.</p>
                </div>
            </div>
        </form>

        <!-- End Template: AddToCartSmall -->

    </div>
</div>
<div class="item">

    <div class="module-grocery-product quickview-simple  clicked" data-quickview-ajax-url="/p/21065495_EA/quickViewProduct" data-product-id="21065495_EA" data-product-price="$4.48">

        <span class="subtitle"></span>

        <div class="product-page-hotspot">
            <div class="product-cell quickview-button">
                <div class="product-image ">

                    <img src="https://assets.shop.loblaws.ca/products/21065495/b1/en/front/21065495_front_a01.png" onerror="this.src='https://assets.shop.loblaws.ca/products/NoImage/b1/en/front/NoImage_front_a01_@2.png';" alt="Pico de Gallo Bean & Rice Chips" />

                    <div class="hover-text-container">
                        <button href="#" tabindex="0" class="hover-text " aria-label="Quick View for Pico de Gallo Bean & Rice Chips.">Quick View</button>
                    </div>
                </div>
            </div>

            <div class="product-in-cart">
                <div class="wrapper-product-in-cart">
                    <span>
	  			    In Cart
	  		    </span>
                </div>
            </div>

            <div class="product-info">
                <div class="product-name-wrapper">
                    <a href="/Food/Pantry/Chips-%26-Salty-Snacks/Potato-Chips/Beanfields-Pico-de-Gallo-Bean-%26-Rice-Chips/p/21065495_EA" class="product-name" aria-label="Product page for Pico de Gallo Bean & Rice Chips">
                        <span class="js-product-entry-brand">Beanfields&nbsp;</span>

                        <span class="js-product-entry-name">Pico de Gallo Bean & Rice Chips</span>

                        <span class="js-product-entry-size-detail">(156 g)</span>

                    </a>
                </div>

                <span class="ad-match-badge  hidden">Ad Match</span>

                <div class="price">
                    <div class="price-wrapper no-discount  ">
                        <span class="reg-price  " aria-label="Regular Price: $4.48">
					    <span class="reg-price-text">$4.48</span>

                        <sup class="reg-price-unit">ea</sup>
                        </span>
                        <span class="sale-price hidden" aria-label="Sale Price:">
					    <span class="sale-price-text"></span>
                        <sup class="sale-price-unit">ea</sup>
                        </span>

                        <span class="secondary-price hidden">

					    <span class="secondary-price-text" aria-label="Secondary Price:"></span>
                        </span>
                    </div>
                </div>

                <div class="qty">
                    <span class="reg-qty  ">

		  		<span class="sr-only">Sale Price Per Unit:</span> $2.87 / 100 g

                    </span>

                    <span class="sale-qty hidden">

		  		<span class="sr-only">Sale Price Per Unit:</span> $2.87 / 100 g

                    </span>

                    <span class="secondary-qty hidden">

	  	<span class="secondary-qty-text"></span>
                    </span>
                </div>
            </div>

        </div>
        <form class="form-product  quickview-btn-simple" data-product-id="21065495_EA" data-min-qty="1.0" data-max-qty="999.0" data-unit-type="ea" data-cart-qty="1" data-default-qty="1" novalidate="novalidate" promoCode="" promoNumber="" data-is-customized="false" data-cart-url="/cart/product/21065495_EA" data-csrf-token="5582ec01-90c0-448b-b4f7-e2cf68d9f8a0" data-is-weighted-product="false">

            <div class="module-add-to-cart " data-change-type="plus" data-auto-edit="true" data-auto-add="true" data-cart-ajax-url="/cart/updateCart">
                <div class="wrapper-add-to-cart-btn">
                    <div class="module-add-to-cart-button-small">
                        <button type="button" class="btn btn-secondary btn-add-to-cart " data-auid="add-to-cart-button" data-has-pts-badge="false" aria-label="Add Pico de Gallo Bean & Rice Chips to cart">
                            <span class="icon-cart"></span>
                            <span class="add-to-cart-text">
											Add</span>
                        </button>
                        <button type="button" class="btn btn-secondary btn-edit-cart hidden " aria-label="Edit Cart">
                            <span class="qty-in-cart"></span>
                            <span class="edit-cart-text">
											<spring code="product.edit.text" />"
										</span>
                        </button>
                        <div class="add-list-parent add-list-module  bottom-add-list-module ">
                            <button class="btn btn-inline-link btn-save-to-list  dark is-btn-animated" data-login-url="/account/login?productCode=21065495_EA" data-ajax-url="/restful/lists/all?productCode=21065495_EA" data-user-guest="Y" data-user-guest="Y" data-product-code="21065495_EA" data-delete-item="false" aria-label="Add Pico de Gallo Bean & Rice Chips to a List">
                                <span class="glyphicon glyphicon-th-list"></span>
                                <div class="list-cta-text  is-btn-animated">Add to List</div>
                            </button>

                            <!-- this is the list HTML   -->
                            <div class="save-to-list-popup  is-btn-animated animation-up dark" data-save-to-list-error="Can not get lists at this time. Please try again later." data-product-name="Pico de Gallo Bean & Rice Chips">
                                <div class="inner-container">
                                </div>

                            </div>
                        </div>

                    </div>
                </div>
            </div>

            <div class="module-plus-minus-buttons small hidden ">
                <button type="button" class="btn cart-change-qty" data-change-type="minus" data-auid="decrease-product-quantity" alt="Minus" aria-label="Minus">
                    <span class="icon-minimize"></span>
                </button>
                <div class="plus-minus-input-wrapper">
                    <input class="input-qty cart-change-qty" aria-label="Enter manual quantity" type="text" name="qty" title="Change quantity in cart" data-unit-type="ea" value="1ea" data-change-type="equals" maxlength="7">

                    <span class="input-qty-pretty">
							<span class="input-qty-pretty-value">1</span>
                    <span class="input-qty-pretty-unit"></span>
                    </span>
                </div>

                <button type="button" class="btn cart-change-qty" data-change-type="plus" data-auid="increase-product-quantity" alt="Plus" aria-label="Plus">
                    <span class="icon-plus-sign"></span>
                </button>

                <p class="deal-limit-reached hidden">Deal Limit Reached</p>

                <div class="tooltip-qty-error tooltip-qty-limit hidden">
                    <p>
                        Limit to &nbsp; 999 &nbsp;each&nbsp; per customer.</p>
                </div>
                <div class="tooltip-qty-error tooltip-round-error hidden">
                    <p>
                        We do not have this in the weight you wanted. We've rounded your order to the nearest weight increment we stock.</p>
                </div>
            </div>
        </form>

        <!-- End Template: AddToCartSmall -->

    </div>
</div>
<div class="item">

    <div class="module-grocery-product quickview-simple  clicked" data-quickview-ajax-url="/p/21050571_EA/quickViewProduct" data-product-id="21050571_EA" data-product-price="$2.97">

        <span class="subtitle"></span>

        <div class="product-page-hotspot">
            <div class="product-cell quickview-button">
                <div class="product-image ">

                    <img src="https://assets.shop.loblaws.ca/products/21050571/b1/en/front/21050571_front_a01.png" onerror="this.src='https://assets.shop.loblaws.ca/products/NoImage/b1/en/front/NoImage_front_a01_@2.png';" alt="Tortilla Chips, Multigrain Scoops!" />

                    <span class="sticker deal">
	  				        <span class="deal-badge">

	  				            <span class="module-deal-badge module-deal-badge-grid simple-save-unit "
	  						        data-deal-type="2 FOR $5.00"
	  						        data-ajax-promo-url="/simpleDeal/deals/product-tile?productCode=21050571_EA"
	  						        data-deal-id="21050571_EA">
	  						        <span class="deal-type">2 FOR $5.00</span>

                    <span class="deal-expiry">
		Exp. 12/19
	</span>

                    </span>
                    </span>
                    </span>

                    <div class="hover-text-container">
                        <button href="#" tabindex="0" class="hover-text " aria-label="Quick View for Tortilla Chips, Multigrain Scoops!.">Quick View</button>
                    </div>
                </div>
            </div>

            <div class="product-in-cart">
                <div class="wrapper-product-in-cart">
                    <span>
	  			    In Cart
	  		    </span>
                </div>
            </div>

            <div class="product-info">
                <div class="product-name-wrapper">
                    <a href="/Food/Pantry/Chips-%26-Salty-Snacks/Tortilla-Chips/Tostitos-Tortilla-Chips%2C-Multigrain-Scoops%21/p/21050571_EA" class="product-name" aria-label="Product page for Tortilla Chips, Multigrain Scoops!">
                        <span class="js-product-entry-brand">Tostitos&nbsp;</span>

                        <span class="js-product-entry-name">Tortilla Chips, Multigrain Scoops!</span>

                        <span class="js-product-entry-size-detail">(205 g)</span>

                    </a>
                </div>

                <span class="ad-match-badge  hidden">Ad Match</span>

                <div class="price">
                    <div class="price-wrapper no-discount  ">
                        <span class="reg-price  " aria-label="Regular Price: $2.97">
					    <span class="reg-price-text">$2.97</span>

                        <sup class="reg-price-unit">ea</sup>
                        </span>
                        <span class="sale-price hidden" aria-label="Sale Price:">
					    <span class="sale-price-text"></span>
                        <sup class="sale-price-unit">ea</sup>
                        </span>

                        <span class="secondary-price hidden">

					    <span class="secondary-price-text" aria-label="Secondary Price:"></span>
                        </span>
                    </div>
                </div>

                <div class="qty">
                    <span class="reg-qty  ">

		  		<span class="sr-only">Sale Price Per Unit:</span> $1.45 / 100 g

                    </span>

                    <span class="sale-qty hidden">

		  		<span class="sr-only">Sale Price Per Unit:</span> $1.45 / 100 g

                    </span>

                    <span class="secondary-qty hidden">

	  	<span class="secondary-qty-text"></span>
                    </span>
                </div>
            </div>

        </div>
        <form class="form-product  quickview-btn-simple" data-product-id="21050571_EA" data-min-qty="1.0" data-max-qty="999.0" data-unit-type="ea" data-cart-qty="1" data-default-qty="1" novalidate="novalidate" promoCode="" promoNumber="" data-is-customized="false" data-cart-url="/cart/product/21050571_EA" data-csrf-token="5582ec01-90c0-448b-b4f7-e2cf68d9f8a0" data-is-weighted-product="false">

            <div class="module-add-to-cart " data-change-type="plus" data-auto-edit="true" data-auto-add="true" data-cart-ajax-url="/cart/updateCart">
                <div class="wrapper-add-to-cart-btn">
                    <div class="module-add-to-cart-button-small">
                        <button type="button" class="btn btn-secondary btn-add-to-cart " data-auid="add-to-cart-button" data-has-pts-badge="false" aria-label="Add Tortilla Chips, Multigrain Scoops! to cart">
                            <span class="icon-cart"></span>
                            <span class="add-to-cart-text">
											Add</span>
                        </button>
                        <button type="button" class="btn btn-secondary btn-edit-cart hidden " aria-label="Edit Cart">
                            <span class="qty-in-cart"></span>
                            <span class="edit-cart-text">
											<spring code="product.edit.text" />"
										</span>
                        </button>
                        <div class="add-list-parent add-list-module  bottom-add-list-module ">
                            <button class="btn btn-inline-link btn-save-to-list  dark is-btn-animated" data-login-url="/account/login?productCode=21050571_EA" data-ajax-url="/restful/lists/all?productCode=21050571_EA" data-user-guest="Y" data-user-guest="Y" data-product-code="21050571_EA" data-delete-item="false" aria-label="Add Tortilla Chips, Multigrain Scoops! to a List">
                                <span class="glyphicon glyphicon-th-list"></span>
                                <div class="list-cta-text  is-btn-animated">Add to List</div>
                            </button>

                            <!-- this is the list HTML   -->
                            <div class="save-to-list-popup  is-btn-animated animation-up dark" data-save-to-list-error="Can not get lists at this time. Please try again later." data-product-name="Tortilla Chips, Multigrain Scoops!">
                                <div class="inner-container">
                                </div>

                            </div>
                        </div>

                    </div>
                </div>
            </div>

            <div class="module-plus-minus-buttons small hidden ">
                <button type="button" class="btn cart-change-qty" data-change-type="minus" data-auid="decrease-product-quantity" alt="Minus" aria-label="Minus">
                    <span class="icon-minimize"></span>
                </button>
                <div class="plus-minus-input-wrapper">
                    <input class="input-qty cart-change-qty" aria-label="Enter manual quantity" type="text" name="qty" title="Change quantity in cart" data-unit-type="ea" value="1ea" data-change-type="equals" maxlength="7">

                    <span class="input-qty-pretty">
							<span class="input-qty-pretty-value">1</span>
                    <span class="input-qty-pretty-unit"></span>
                    </span>
                </div>

                <button type="button" class="btn cart-change-qty" data-change-type="plus" data-auid="increase-product-quantity" alt="Plus" aria-label="Plus">
                    <span class="icon-plus-sign"></span>
                </button>

                <p class="deal-limit-reached hidden">Deal Limit Reached</p>

                <div class="tooltip-qty-error tooltip-qty-limit hidden">
                    <p>
                        Limit to &nbsp; 999 &nbsp;each&nbsp; per customer.</p>
                </div>
                <div class="tooltip-qty-error tooltip-round-error hidden">
                    <p>
                        We do not have this in the weight you wanted. We've rounded your order to the nearest weight increment we stock.</p>
                </div>
            </div>
        </form>

        <!-- End Template: AddToCartSmall -->

    </div>
</div>
<div class="item">

    <div class="module-grocery-product quickview-simple  clicked" data-quickview-ajax-url="/p/20370855002_EA/quickViewProduct" data-product-id="20370855002_EA" data-product-price="$1.98">

        <span class="subtitle"></span>

        <div class="product-page-hotspot">
            <div class="product-cell quickview-button">
                <div class="product-image ">

                    <img src="https://assets.shop.loblaws.ca/products/20370855002/b1/en/front/20370855002_front_a01.png" onerror="this.src='https://assets.shop.loblaws.ca/products/NoImage/b1/en/front/NoImage_front_a01_@2.png';" alt="Potato Chips, Rock Salt & Vinegar" />

                    <span class="sticker deal">
	  				        <span class="deal-badge">

	  				            <span class="module-deal-badge module-deal-badge-grid simple-save-unit "
	  						        data-deal-type="$1.98 LIMIT 6"
	  						        data-ajax-promo-url="/simpleDeal/deals/product-tile?productCode=20370855002_EA"
	  						        data-deal-id="20370855002_EA">
	  						        <span class="deal-type">$1.98 LIMIT 6</span>

                    <span class="deal-expiry">
		Exp. 01/03
	</span>

                    </span>
                    </span>
                    </span>

                    <div class="hover-text-container">
                        <button href="#" tabindex="0" class="hover-text " aria-label="Quick View for Potato Chips, Rock Salt & Vinegar.">Quick View</button>
                    </div>
                </div>
            </div>

            <div class="product-in-cart">
                <div class="wrapper-product-in-cart">
                    <span>
	  			    In Cart
	  		    </span>
                </div>
            </div>

            <div class="product-info">
                <div class="product-name-wrapper">
                    <a href="/Food/Pantry/Chips-%26-Salty-Snacks/Potato-Chips/Hardbite-Potato-Chips%2C-Rock-Salt-%26-Vinegar/p/20370855002_EA" class="product-name" aria-label="Product page for Potato Chips, Rock Salt & Vinegar">

                        <span class="js-product-entry-name">Potato Chips, Rock Salt & Vinegar</span>

                        <span class="js-product-entry-size-detail">(150 g)</span>

                    </a>
                </div>

                <span class="ad-match-badge  hidden">Ad Match</span>

                <div class="price">
                    <div class="price-wrapper no-discount promo-alert ">
                        <span class="reg-price  price-alert" aria-label="Regular Price: $1.98">
					    <span class="reg-price-text">$1.98</span>

                        <sup class="reg-price-unit">ea</sup>
                        </span>
                        <span class="sale-price hidden" aria-label="Sale Price:">
					    <span class="sale-price-text"></span>
                        <sup class="sale-price-unit">ea</sup>
                        </span>

                        <span class="secondary-price hidden">

					    <span class="secondary-price-text" aria-label="Secondary Price:"></span>
                        </span>
                    </div>
                </div>

                <div class="qty">
                    <span class="reg-qty  price-alert">

		  		<span class="sr-only">Sale Price Per Unit:</span> $1.32 / 100 g

                    </span>

                    <span class="sale-qty hidden">

		  		<span class="sr-only">Sale Price Per Unit:</span> $1.32 / 100 g

                    </span>

                    <span class="secondary-qty hidden">

	  	<span class="secondary-qty-text"></span>
                    </span>
                </div>
            </div>

        </div>
        <form class="form-product  quickview-btn-simple" data-product-id="20370855002_EA" data-min-qty="1.0" data-max-qty="999.0" data-unit-type="ea" data-cart-qty="1" data-default-qty="1" novalidate="novalidate" promoCode="" promoNumber="" data-is-customized="false" data-cart-url="/cart/product/20370855002_EA" data-csrf-token="5582ec01-90c0-448b-b4f7-e2cf68d9f8a0" data-is-weighted-product="false">

            <div class="module-add-to-cart " data-change-type="plus" data-auto-edit="true" data-auto-add="true" data-cart-ajax-url="/cart/updateCart">
                <div class="wrapper-add-to-cart-btn">
                    <div class="module-add-to-cart-button-small">
                        <button type="button" class="btn btn-secondary btn-add-to-cart " data-auid="add-to-cart-button" data-has-pts-badge="false" aria-label="Add Potato Chips, Rock Salt & Vinegar to cart">
                            <span class="icon-cart"></span>
                            <span class="add-to-cart-text">
											Add</span>
                        </button>
                        <button type="button" class="btn btn-secondary btn-edit-cart hidden " aria-label="Edit Cart">
                            <span class="qty-in-cart"></span>
                            <span class="edit-cart-text">
											<spring code="product.edit.text" />"
										</span>
                        </button>
                        <div class="add-list-parent add-list-module  bottom-add-list-module ">
                            <button class="btn btn-inline-link btn-save-to-list  dark is-btn-animated" data-login-url="/account/login?productCode=20370855002_EA" data-ajax-url="/restful/lists/all?productCode=20370855002_EA" data-user-guest="Y" data-user-guest="Y" data-product-code="20370855002_EA" data-delete-item="false" aria-label="Add Potato Chips, Rock Salt & Vinegar to a List">
                                <span class="glyphicon glyphicon-th-list"></span>
                                <div class="list-cta-text  is-btn-animated">Add to List</div>
                            </button>

                            <!-- this is the list HTML   -->
                            <div class="save-to-list-popup  is-btn-animated animation-up dark" data-save-to-list-error="Can not get lists at this time. Please try again later." data-product-name="Potato Chips, Rock Salt & Vinegar">
                                <div class="inner-container">
                                </div>

                            </div>
                        </div>

                    </div>
                </div>
            </div>

            <div class="module-plus-minus-buttons small hidden ">
                <button type="button" class="btn cart-change-qty" data-change-type="minus" data-auid="decrease-product-quantity" alt="Minus" aria-label="Minus">
                    <span class="icon-minimize"></span>
                </button>
                <div class="plus-minus-input-wrapper">
                    <input class="input-qty cart-change-qty" aria-label="Enter manual quantity" type="text" name="qty" title="Change quantity in cart" data-unit-type="ea" value="1ea" data-change-type="equals" maxlength="7">

                    <span class="input-qty-pretty">
							<span class="input-qty-pretty-value">1</span>
                    <span class="input-qty-pretty-unit"></span>
                    </span>
                </div>

                <button type="button" class="btn cart-change-qty" data-change-type="plus" data-auid="increase-product-quantity" alt="Plus" aria-label="Plus">
                    <span class="icon-plus-sign"></span>
                </button>

                <p class="deal-limit-reached hidden">Deal Limit Reached</p>

                <div class="tooltip-qty-error tooltip-qty-limit hidden">
                    <p>
                        Limit to &nbsp; 999 &nbsp;each&nbsp; per customer.</p>
                </div>
                <div class="tooltip-qty-error tooltip-round-error hidden">
                    <p>
                        We do not have this in the weight you wanted. We've rounded your order to the nearest weight increment we stock.</p>
                </div>
            </div>
        </form>

        <!-- End Template: AddToCartSmall -->

    </div>
</div>
<div class="item">

    <div class="module-grocery-product quickview-simple  clicked" data-quickview-ajax-url="/p/20536835_EA/quickViewProduct" data-product-id="20536835_EA" data-product-price="$1.28">

        <span class="subtitle"></span>

        <div class="product-page-hotspot">
            <div class="product-cell quickview-button">
                <div class="product-image ">

                    <img src="https://assets.shop.loblaws.ca/products/20536835/b1/en/front/20536835_front_a01.png" onerror="this.src='https://assets.shop.loblaws.ca/products/NoImage/b1/en/front/NoImage_front_a01_@2.png';" alt="Shrimp Cracker" />

                    <div class="hover-text-container">
                        <button href="#" tabindex="0" class="hover-text " aria-label="Quick View for Shrimp Cracker.">Quick View</button>
                    </div>
                </div>
            </div>

            <div class="product-in-cart">
                <div class="wrapper-product-in-cart">
                    <span>
	  			    In Cart
	  		    </span>
                </div>
            </div>

            <div class="product-info">
                <div class="product-name-wrapper">
                    <a href="/Food/Pantry/Chips-%26-Salty-Snacks/Pretzels-%26-Snack-Mixes/Shrimp-Cracker/p/20536835_EA" class="product-name" aria-label="Product page for Shrimp Cracker">
                        <span class="js-product-entry-brand">Nong Shim&nbsp;</span>

                        <span class="js-product-entry-name">Shrimp Cracker</span>

                        <span class="js-product-entry-size-detail">(75 g)</span>

                    </a>
                </div>

                <span class="ad-match-badge  hidden">Ad Match</span>

                <div class="price">
                    <div class="price-wrapper no-discount  ">
                        <span class="reg-price  " aria-label="Regular Price: $1.28">
					    <span class="reg-price-text">$1.28</span>

                        <sup class="reg-price-unit">ea</sup>
                        </span>
                        <span class="sale-price hidden" aria-label="Sale Price:">
					    <span class="sale-price-text"></span>
                        <sup class="sale-price-unit">ea</sup>
                        </span>

                        <span class="secondary-price hidden">

					    <span class="secondary-price-text" aria-label="Secondary Price:"></span>
                        </span>
                    </div>
                </div>

                <div class="qty">
                    <span class="reg-qty  ">

		  		<span class="sr-only">Sale Price Per Unit:</span> $1.71 / 100 g

                    </span>

                    <span class="sale-qty hidden">

		  		<span class="sr-only">Sale Price Per Unit:</span> $1.71 / 100 g

                    </span>

                    <span class="secondary-qty hidden">

	  	<span class="secondary-qty-text"></span>
                    </span>
                </div>
            </div>

        </div>
        <form class="form-product  quickview-btn-simple" data-product-id="20536835_EA" data-min-qty="1.0" data-max-qty="999.0" data-unit-type="ea" data-cart-qty="1" data-default-qty="1" novalidate="novalidate" promoCode="" promoNumber="" data-is-customized="false" data-cart-url="/cart/product/20536835_EA" data-csrf-token="5582ec01-90c0-448b-b4f7-e2cf68d9f8a0" data-is-weighted-product="false">

            <div class="module-add-to-cart " data-change-type="plus" data-auto-edit="true" data-auto-add="true" data-cart-ajax-url="/cart/updateCart">
                <div class="wrapper-add-to-cart-btn">
                    <div class="module-add-to-cart-button-small">
                        <button type="button" class="btn btn-secondary btn-add-to-cart " data-auid="add-to-cart-button" data-has-pts-badge="false" aria-label="Add Shrimp Cracker to cart">
                            <span class="icon-cart"></span>
                            <span class="add-to-cart-text">
											Add</span>
                        </button>
                        <button type="button" class="btn btn-secondary btn-edit-cart hidden " aria-label="Edit Cart">
                            <span class="qty-in-cart"></span>
                            <span class="edit-cart-text">
											<spring code="product.edit.text" />"
										</span>
                        </button>
                        <div class="add-list-parent add-list-module  bottom-add-list-module ">
                            <button class="btn btn-inline-link btn-save-to-list  dark is-btn-animated" data-login-url="/account/login?productCode=20536835_EA" data-ajax-url="/restful/lists/all?productCode=20536835_EA" data-user-guest="Y" data-user-guest="Y" data-product-code="20536835_EA" data-delete-item="false" aria-label="Add Shrimp Cracker to a List">
                                <span class="glyphicon glyphicon-th-list"></span>
                                <div class="list-cta-text  is-btn-animated">Add to List</div>
                            </button>

                            <!-- this is the list HTML   -->
                            <div class="save-to-list-popup  is-btn-animated animation-up dark" data-save-to-list-error="Can not get lists at this time. Please try again later." data-product-name="Shrimp Cracker">
                                <div class="inner-container">
                                </div>

                            </div>
                        </div>

                    </div>
                </div>
            </div>

            <div class="module-plus-minus-buttons small hidden ">
                <button type="button" class="btn cart-change-qty" data-change-type="minus" data-auid="decrease-product-quantity" alt="Minus" aria-label="Minus">
                    <span class="icon-minimize"></span>
                </button>
                <div class="plus-minus-input-wrapper">
                    <input class="input-qty cart-change-qty" aria-label="Enter manual quantity" type="text" name="qty" title="Change quantity in cart" data-unit-type="ea" value="1ea" data-change-type="equals" maxlength="7">

                    <span class="input-qty-pretty">
							<span class="input-qty-pretty-value">1</span>
                    <span class="input-qty-pretty-unit"></span>
                    </span>
                </div>

                <button type="button" class="btn cart-change-qty" data-change-type="plus" data-auid="increase-product-quantity" alt="Plus" aria-label="Plus">
                    <span class="icon-plus-sign"></span>
                </button>

                <p class="deal-limit-reached hidden">Deal Limit Reached</p>

                <div class="tooltip-qty-error tooltip-qty-limit hidden">
                    <p>
                        Limit to &nbsp; 999 &nbsp;each&nbsp; per customer.</p>
                </div>
                <div class="tooltip-qty-error tooltip-round-error hidden">
                    <p>
                        We do not have this in the weight you wanted. We've rounded your order to the nearest weight increment we stock.</p>
                </div>
            </div>
        </form>

        <!-- End Template: AddToCartSmall -->

    </div>
</div>
<div class="item">

    <div class="module-grocery-product quickview-simple  clicked" data-quickview-ajax-url="/p/21031312_EA/quickViewProduct" data-product-id="21031312_EA" data-product-price="$2.98">

        <span class="subtitle"></span>

        <div class="product-page-hotspot">
            <div class="product-cell quickview-button">
                <div class="product-image ">

                    <img src="https://assets.shop.loblaws.ca/products/21031312/b1/en/front/21031312_front_a01.png" onerror="this.src='https://assets.shop.loblaws.ca/products/NoImage/b1/en/front/NoImage_front_a01_@2.png';" alt="Red Corn Tortilla Chips" />

                    <span class="sticker deal">
	  				        <span class="deal-badge">

	  				            <span class="module-deal-badge module-deal-badge-grid simple-save-unit "
	  						        data-deal-type="$2.98 LIMIT 4"
	  						        data-ajax-promo-url="/simpleDeal/deals/product-tile?productCode=21031312_EA"
	  						        data-deal-id="21031312_EA">
	  						        <span class="deal-type">$2.98 LIMIT 4</span>

                    <span class="deal-expiry">
		Exp. 12/27
	</span>

                    </span>
                    </span>
                    </span>

                    <div class="hover-text-container">
                        <button href="#" tabindex="0" class="hover-text " aria-label="Quick View for Red Corn Tortilla Chips.">Quick View</button>
                    </div>
                </div>
            </div>

            <div class="product-in-cart">
                <div class="wrapper-product-in-cart">
                    <span>
	  			    In Cart
	  		    </span>
                </div>
            </div>

            <div class="product-info">
                <div class="product-name-wrapper">
                    <a href="/Food/Pantry/Chips-%26-Salty-Snacks/Potato-Chips/Que-Pasa-Red-Corn-Tortilla-Chips/p/21031312_EA" class="product-name" aria-label="Product page for Red Corn Tortilla Chips">
                        <span class="js-product-entry-brand">Que Pasa&nbsp;</span>

                        <span class="js-product-entry-name">Red Corn Tortilla Chips</span>

                        <span class="js-product-entry-size-detail">(300 g)</span>

                    </a>
                </div>

                <span class="ad-match-badge  hidden">Ad Match</span>

                <div class="price">
                    <div class="price-wrapper no-discount promo-alert ">
                        <span class="reg-price  price-alert" aria-label="Regular Price: $2.98">
					    <span class="reg-price-text">$2.98</span>

                        <sup class="reg-price-unit">ea</sup>
                        </span>
                        <span class="sale-price hidden" aria-label="Sale Price:">
					    <span class="sale-price-text"></span>
                        <sup class="sale-price-unit">ea</sup>
                        </span>

                        <span class="secondary-price hidden">

					    <span class="secondary-price-text" aria-label="Secondary Price:"></span>
                        </span>
                    </div>
                </div>

                <div class="qty">
                    <span class="reg-qty  price-alert">

		  		<span class="sr-only">Sale Price Per Unit:</span> $0.99 / 100 g

                    </span>

                    <span class="sale-qty hidden">

		  		<span class="sr-only">Sale Price Per Unit:</span> $0.99 / 100 g

                    </span>

                    <span class="secondary-qty hidden">

	  	<span class="secondary-qty-text"></span>
                    </span>
                </div>
            </div>

        </div>
        <form class="form-product  quickview-btn-simple" data-product-id="21031312_EA" data-min-qty="1.0" data-max-qty="999.0" data-unit-type="ea" data-cart-qty="1" data-default-qty="1" novalidate="novalidate" promoCode="" promoNumber="" data-is-customized="false" data-cart-url="/cart/product/21031312_EA" data-csrf-token="5582ec01-90c0-448b-b4f7-e2cf68d9f8a0" data-is-weighted-product="false">

            <div class="module-add-to-cart " data-change-type="plus" data-auto-edit="true" data-auto-add="true" data-cart-ajax-url="/cart/updateCart">
                <div class="wrapper-add-to-cart-btn">
                    <div class="module-add-to-cart-button-small">
                        <button type="button" class="btn btn-secondary btn-add-to-cart " data-auid="add-to-cart-button" data-has-pts-badge="false" aria-label="Add Red Corn Tortilla Chips to cart">
                            <span class="icon-cart"></span>
                            <span class="add-to-cart-text">
											Add</span>
                        </button>
                        <button type="button" class="btn btn-secondary btn-edit-cart hidden " aria-label="Edit Cart">
                            <span class="qty-in-cart"></span>
                            <span class="edit-cart-text">
											<spring code="product.edit.text" />"
										</span>
                        </button>
                        <div class="add-list-parent add-list-module  bottom-add-list-module ">
                            <button class="btn btn-inline-link btn-save-to-list  dark is-btn-animated" data-login-url="/account/login?productCode=21031312_EA" data-ajax-url="/restful/lists/all?productCode=21031312_EA" data-user-guest="Y" data-user-guest="Y" data-product-code="21031312_EA" data-delete-item="false" aria-label="Add Red Corn Tortilla Chips to a List">
                                <span class="glyphicon glyphicon-th-list"></span>
                                <div class="list-cta-text  is-btn-animated">Add to List</div>
                            </button>

                            <!-- this is the list HTML   -->
                            <div class="save-to-list-popup  is-btn-animated animation-up dark" data-save-to-list-error="Can not get lists at this time. Please try again later." data-product-name="Red Corn Tortilla Chips">
                                <div class="inner-container">
                                </div>

                            </div>
                        </div>

                    </div>
                </div>
            </div>

            <div class="module-plus-minus-buttons small hidden ">
                <button type="button" class="btn cart-change-qty" data-change-type="minus" data-auid="decrease-product-quantity" alt="Minus" aria-label="Minus">
                    <span class="icon-minimize"></span>
                </button>
                <div class="plus-minus-input-wrapper">
                    <input class="input-qty cart-change-qty" aria-label="Enter manual quantity" type="text" name="qty" title="Change quantity in cart" data-unit-type="ea" value="1ea" data-change-type="equals" maxlength="7">

                    <span class="input-qty-pretty">
							<span class="input-qty-pretty-value">1</span>
                    <span class="input-qty-pretty-unit"></span>
                    </span>
                </div>

                <button type="button" class="btn cart-change-qty" data-change-type="plus" data-auid="increase-product-quantity" alt="Plus" aria-label="Plus">
                    <span class="icon-plus-sign"></span>
                </button>

                <p class="deal-limit-reached hidden">Deal Limit Reached</p>

                <div class="tooltip-qty-error tooltip-qty-limit hidden">
                    <p>
                        Limit to &nbsp; 999 &nbsp;each&nbsp; per customer.</p>
                </div>
                <div class="tooltip-qty-error tooltip-round-error hidden">
                    <p>
                        We do not have this in the weight you wanted. We've rounded your order to the nearest weight increment we stock.</p>
                </div>
            </div>
        </form>

        <!-- End Template: AddToCartSmall -->

    </div>
</div>
<div class="item">

    <div class="module-grocery-product quickview-simple  clicked" data-quickview-ajax-url="/p/20298997008_EA/quickViewProduct" data-product-id="20298997008_EA" data-product-price="$2.48">

        <span class="subtitle"></span>

        <div class="product-page-hotspot">
            <div class="product-cell quickview-button">
                <div class="product-image ">

                    <img src="https://assets.shop.loblaws.ca/products/20298997008/b1/en/front/20298997008_front_a01.png" onerror="this.src='https://assets.shop.loblaws.ca/products/NoImage/b1/en/front/NoImage_front_a01_@2.png';" alt="Potato Chips, Low Sodium" />

                    <span class="sticker deal">
	  				        <span class="deal-badge">

	  				            <span class="module-deal-badge module-deal-badge-grid simple-save-unit "
	  						        data-deal-type="$2.48 LIMIT 4"
	  						        data-ajax-promo-url="/simpleDeal/deals/product-tile?productCode=20298997008_EA"
	  						        data-deal-id="20298997008_EA">
	  						        <span class="deal-type">$2.48 LIMIT 4</span>

                    <span class="deal-expiry">
		Exp. 12/20
	</span>

                    </span>
                    </span>
                    </span>

                    <div class="hover-text-container">
                        <button href="#" tabindex="0" class="hover-text " aria-label="Quick View for Potato Chips, Low Sodium.">Quick View</button>
                    </div>
                </div>
            </div>

            <div class="product-in-cart">
                <div class="wrapper-product-in-cart">
                    <span>
	  			    In Cart
	  		    </span>
                </div>
            </div>

            <div class="product-info">
                <div class="product-name-wrapper">
                    <a href="/Food/Natural-%26-Organic/Pantry/Snacks-%26-Candy/Potato-Chips%2C-Low-Sodium/p/20298997008_EA" class="product-name" aria-label="Product page for Potato Chips, Low Sodium">
                        <span class="js-product-entry-brand">Kettle&nbsp;</span>

                        <span class="js-product-entry-name">Potato Chips, Low Sodium</span>

                        <span class="js-product-entry-size-detail">(220 g)</span>

                    </a>
                </div>

                <span class="ad-match-badge  hidden">Ad Match</span>

                <div class="price">
                    <div class="price-wrapper no-discount promo-alert ">
                        <span class="reg-price  price-alert" aria-label="Regular Price: $2.48">
					    <span class="reg-price-text">$2.48</span>

                        <sup class="reg-price-unit">ea</sup>
                        </span>
                        <span class="sale-price hidden" aria-label="Sale Price:">
					    <span class="sale-price-text"></span>
                        <sup class="sale-price-unit">ea</sup>
                        </span>

                        <span class="secondary-price hidden">

					    <span class="secondary-price-text" aria-label="Secondary Price:"></span>
                        </span>
                    </div>
                </div>

                <div class="qty">
                    <span class="reg-qty  price-alert">

		  		<span class="sr-only">Sale Price Per Unit:</span> $1.13 / 100 g

                    </span>

                    <span class="sale-qty hidden">

		  		<span class="sr-only">Sale Price Per Unit:</span> $1.13 / 100 g

                    </span>

                    <span class="secondary-qty hidden">

	  	<span class="secondary-qty-text"></span>
                    </span>
                </div>
            </div>

        </div>
        <form class="form-product  quickview-btn-simple" data-product-id="20298997008_EA" data-min-qty="1.0" data-max-qty="999.0" data-unit-type="ea" data-cart-qty="1" data-default-qty="1" novalidate="novalidate" promoCode="" promoNumber="" data-is-customized="false" data-cart-url="/cart/product/20298997008_EA" data-csrf-token="5582ec01-90c0-448b-b4f7-e2cf68d9f8a0" data-is-weighted-product="false">

            <div class="module-add-to-cart " data-change-type="plus" data-auto-edit="true" data-auto-add="true" data-cart-ajax-url="/cart/updateCart">
                <div class="wrapper-add-to-cart-btn">
                    <div class="module-add-to-cart-button-small">
                        <button type="button" class="btn btn-secondary btn-add-to-cart " data-auid="add-to-cart-button" data-has-pts-badge="false" aria-label="Add Potato Chips, Low Sodium to cart">
                            <span class="icon-cart"></span>
                            <span class="add-to-cart-text">
											Add</span>
                        </button>
                        <button type="button" class="btn btn-secondary btn-edit-cart hidden " aria-label="Edit Cart">
                            <span class="qty-in-cart"></span>
                            <span class="edit-cart-text">
											<spring code="product.edit.text" />"
										</span>
                        </button>
                        <div class="add-list-parent add-list-module  bottom-add-list-module ">
                            <button class="btn btn-inline-link btn-save-to-list  dark is-btn-animated" data-login-url="/account/login?productCode=20298997008_EA" data-ajax-url="/restful/lists/all?productCode=20298997008_EA" data-user-guest="Y" data-user-guest="Y" data-product-code="20298997008_EA" data-delete-item="false" aria-label="Add Potato Chips, Low Sodium to a List">
                                <span class="glyphicon glyphicon-th-list"></span>
                                <div class="list-cta-text  is-btn-animated">Add to List</div>
                            </button>

                            <!-- this is the list HTML   -->
                            <div class="save-to-list-popup  is-btn-animated animation-up dark" data-save-to-list-error="Can not get lists at this time. Please try again later." data-product-name="Potato Chips, Low Sodium">
                                <div class="inner-container">
                                </div>

                            </div>
                        </div>

                    </div>
                </div>
            </div>

            <div class="module-plus-minus-buttons small hidden ">
                <button type="button" class="btn cart-change-qty" data-change-type="minus" data-auid="decrease-product-quantity" alt="Minus" aria-label="Minus">
                    <span class="icon-minimize"></span>
                </button>
                <div class="plus-minus-input-wrapper">
                    <input class="input-qty cart-change-qty" aria-label="Enter manual quantity" type="text" name="qty" title="Change quantity in cart" data-unit-type="ea" value="1ea" data-change-type="equals" maxlength="7">

                    <span class="input-qty-pretty">
							<span class="input-qty-pretty-value">1</span>
                    <span class="input-qty-pretty-unit"></span>
                    </span>
                </div>

                <button type="button" class="btn cart-change-qty" data-change-type="plus" data-auid="increase-product-quantity" alt="Plus" aria-label="Plus">
                    <span class="icon-plus-sign"></span>
                </button>

                <p class="deal-limit-reached hidden">Deal Limit Reached</p>

                <div class="tooltip-qty-error tooltip-qty-limit hidden">
                    <p>
                        Limit to &nbsp; 999 &nbsp;each&nbsp; per customer.</p>
                </div>
                <div class="tooltip-qty-error tooltip-round-error hidden">
                    <p>
                        We do not have this in the weight you wanted. We've rounded your order to the nearest weight increment we stock.</p>
                </div>
            </div>
        </form>

        <!-- End Template: AddToCartSmall -->

    </div>
</div>
<div class="item">

    <div class="module-grocery-product quickview-simple  clicked" data-quickview-ajax-url="/p/20153272_EA/quickViewProduct" data-product-id="20153272_EA" data-product-price="$3.18">

        <span class="subtitle"></span>

        <div class="product-page-hotspot">
            <div class="product-cell quickview-button">
                <div class="product-image ">

                    <img src="https://assets.shop.loblaws.ca/products/20153272/b1/en/front/20153272_front_a01.png" onerror="this.src='https://assets.shop.loblaws.ca/products/NoImage/b1/en/front/NoImage_front_a01_@2.png';" alt="Cheezies" />

                    <div class="hover-text-container">
                        <button href="#" tabindex="0" class="hover-text " aria-label="Quick View for Cheezies.">Quick View</button>
                    </div>
                </div>
            </div>

            <div class="product-in-cart">
                <div class="wrapper-product-in-cart">
                    <span>
	  			    In Cart
	  		    </span>
                </div>
            </div>

            <div class="product-info">
                <div class="product-name-wrapper">
                    <a href="/Food/Pantry/Chips-%26-Salty-Snacks/Pretzels-%26-Snack-Mixes/Cheezies/p/20153272_EA" class="product-name" aria-label="Product page for Cheezies">
                        <span class="js-product-entry-brand">Hawkins&nbsp;</span>

                        <span class="js-product-entry-name">Cheezies</span>

                        <span class="js-product-entry-size-detail">(210 g)</span>

                    </a>
                </div>

                <span class="ad-match-badge  hidden">Ad Match</span>

                <div class="price">
                    <div class="price-wrapper no-discount  ">
                        <span class="reg-price  " aria-label="Regular Price: $3.18">
					    <span class="reg-price-text">$3.18</span>

                        <sup class="reg-price-unit">ea</sup>
                        </span>
                        <span class="sale-price hidden" aria-label="Sale Price:">
					    <span class="sale-price-text"></span>
                        <sup class="sale-price-unit">ea</sup>
                        </span>

                        <span class="secondary-price hidden">

					    <span class="secondary-price-text" aria-label="Secondary Price:"></span>
                        </span>
                    </div>
                </div>

                <div class="qty">
                    <span class="reg-qty  ">

		  		<span class="sr-only">Sale Price Per Unit:</span> $1.51 / 100 g

                    </span>

                    <span class="sale-qty hidden">

		  		<span class="sr-only">Sale Price Per Unit:</span> $1.51 / 100 g

                    </span>

                    <span class="secondary-qty hidden">

	  	<span class="secondary-qty-text"></span>
                    </span>
                </div>
            </div>

        </div>
        <form class="form-product  quickview-btn-simple" data-product-id="20153272_EA" data-min-qty="1.0" data-max-qty="999.0" data-unit-type="ea" data-cart-qty="1" data-default-qty="1" novalidate="novalidate" promoCode="" promoNumber="" data-is-customized="false" data-cart-url="/cart/product/20153272_EA" data-csrf-token="5582ec01-90c0-448b-b4f7-e2cf68d9f8a0" data-is-weighted-product="false">

            <div class="module-add-to-cart " data-change-type="plus" data-auto-edit="true" data-auto-add="true" data-cart-ajax-url="/cart/updateCart">
                <div class="wrapper-add-to-cart-btn">
                    <div class="module-add-to-cart-button-small">
                        <button type="button" class="btn btn-secondary btn-add-to-cart " data-auid="add-to-cart-button" data-has-pts-badge="false" aria-label="Add Cheezies to cart">
                            <span class="icon-cart"></span>
                            <span class="add-to-cart-text">
											Add</span>
                        </button>
                        <button type="button" class="btn btn-secondary btn-edit-cart hidden " aria-label="Edit Cart">
                            <span class="qty-in-cart"></span>
                            <span class="edit-cart-text">
											<spring code="product.edit.text" />"
										</span>
                        </button>
                        <div class="add-list-parent add-list-module  bottom-add-list-module ">
                            <button class="btn btn-inline-link btn-save-to-list  dark is-btn-animated" data-login-url="/account/login?productCode=20153272_EA" data-ajax-url="/restful/lists/all?productCode=20153272_EA" data-user-guest="Y" data-user-guest="Y" data-product-code="20153272_EA" data-delete-item="false" aria-label="Add Cheezies to a List">
                                <span class="glyphicon glyphicon-th-list"></span>
                                <div class="list-cta-text  is-btn-animated">Add to List</div>
                            </button>

                            <!-- this is the list HTML   -->
                            <div class="save-to-list-popup  is-btn-animated animation-up dark" data-save-to-list-error="Can not get lists at this time. Please try again later." data-product-name="Cheezies">
                                <div class="inner-container">
                                </div>

                            </div>
                        </div>

                    </div>
                </div>
            </div>

            <div class="module-plus-minus-buttons small hidden ">
                <button type="button" class="btn cart-change-qty" data-change-type="minus" data-auid="decrease-product-quantity" alt="Minus" aria-label="Minus">
                    <span class="icon-minimize"></span>
                </button>
                <div class="plus-minus-input-wrapper">
                    <input class="input-qty cart-change-qty" aria-label="Enter manual quantity" type="text" name="qty" title="Change quantity in cart" data-unit-type="ea" value="1ea" data-change-type="equals" maxlength="7">

                    <span class="input-qty-pretty">
							<span class="input-qty-pretty-value">1</span>
                    <span class="input-qty-pretty-unit"></span>
                    </span>
                </div>

                <button type="button" class="btn cart-change-qty" data-change-type="plus" data-auid="increase-product-quantity" alt="Plus" aria-label="Plus">
                    <span class="icon-plus-sign"></span>
                </button>

                <p class="deal-limit-reached hidden">Deal Limit Reached</p>

                <div class="tooltip-qty-error tooltip-qty-limit hidden">
                    <p>
                        Limit to &nbsp; 999 &nbsp;each&nbsp; per customer.</p>
                </div>
                <div class="tooltip-qty-error tooltip-round-error hidden">
                    <p>
                        We do not have this in the weight you wanted. We've rounded your order to the nearest weight increment we stock.</p>
                </div>
            </div>
        </form>

        <!-- End Template: AddToCartSmall -->

    </div>
</div>
<div class="item">

    <div class="module-grocery-product quickview-simple  clicked" data-quickview-ajax-url="/p/20956605_EA/quickViewProduct" data-product-id="20956605_EA" data-product-price="$1.68">

        <span class="subtitle"></span>

        <div class="product-page-hotspot">
            <div class="product-cell quickview-button">
                <div class="product-image ">

                    <img src="https://assets.shop.loblaws.ca/products/20956605/b1/en/front/20956605_front_a01.png" onerror="this.src='https://assets.shop.loblaws.ca/products/NoImage/b1/en/front/NoImage_front_a01_@2.png';" alt="Caramelized Onion & Balsamic Vinegar Flavour Kettle Cooked Potato Chips" />

                    <span class="sticker deal">
	  				        <span class="deal-badge">

	  				            <span class="module-deal-badge module-deal-badge-grid simple-save-unit "
	  						        data-deal-type="SAVE $0.80"
	  						        data-ajax-promo-url="/simpleDeal/deals/product-tile?productCode=20956605_EA"
	  						        data-deal-id="20956605_EA">
	  						        <span class="deal-type">SAVE $0.80</span>

                    <span class="deal-expiry">
		Exp. 01/03
	</span>

                    </span>
                    </span>
                    </span>

                    <div class="hover-text-container">
                        <button href="#" tabindex="0" class="hover-text " aria-label="Quick View for Caramelized Onion & Balsamic Vinegar Flavour Kettle Cooked Potato Chips.">Quick View</button>
                    </div>
                </div>
            </div>

            <div class="product-in-cart">
                <div class="wrapper-product-in-cart">
                    <span>
	  			    In Cart
	  		    </span>
                </div>
            </div>

            <div class="product-info">
                <div class="product-name-wrapper">
                    <a href="/Food/Pantry/Chips-%26-Salty-Snacks/Potato-Chips/President%27s-Choice-Caramelized-Onion-%26-Balsamic-Vinegar-Flavour-Kettle-Cooked-Potato-Chips/p/20956605_EA" class="product-name" aria-label="Product page for Caramelized Onion & Balsamic Vinegar Flavour Kettle Cooked Potato Chips">
                        <span class="js-product-entry-brand">President's Choice&nbsp;</span>

                        <span class="js-product-entry-name">Caramelized Onion & Balsamic Vinegar Flavour Kettle Cooked Potato Chips</span>

                        <span class="js-product-entry-size-detail">(220 g)</span>

                    </a>
                </div>

                <span class="ad-match-badge  hidden">Ad Match</span>

                <div class="price">
                    <div class="price-wrapper discount promo-alert ">
                        <span class="reg-price  price-alert" aria-label="Regular Price: $1.68">
					    <span class="reg-price-text">$1.68</span>

                        <sup class="reg-price-unit">ea</sup>
                        </span>
                        <span class="sale-price hidden" aria-label="Sale Price:">
					    <span class="sale-price-text"></span>
                        <sup class="sale-price-unit">ea</sup>
                        </span>

                        <span class="old-price" aria-label="Original Price: $2.48">
						    <span class="old-price-text">$2.48</span>
                        </span>

                        <span class="secondary-price hidden">

					    <span class="secondary-price-text" aria-label="Secondary Price:"></span>
                        </span>
                    </div>
                </div>

                <div class="qty">
                    <span class="reg-qty  price-alert">

		  		<span class="sr-only">Sale Price Per Unit:</span> $0.76 / 100 g

                    </span>

                    <span class="sale-qty hidden">

		  		<span class="sr-only">Sale Price Per Unit:</span> $0.76 / 100 g

                    </span>

                    <span class="secondary-qty hidden">

	  	<span class="secondary-qty-text"></span>
                    </span>
                </div>
            </div>

        </div>
        <form class="form-product  quickview-btn-simple" data-product-id="20956605_EA" data-min-qty="1.0" data-max-qty="999.0" data-unit-type="ea" data-cart-qty="1" data-default-qty="1" novalidate="novalidate" promoCode="" promoNumber="" data-is-customized="false" data-cart-url="/cart/product/20956605_EA" data-csrf-token="5582ec01-90c0-448b-b4f7-e2cf68d9f8a0" data-is-weighted-product="false">

            <div class="module-add-to-cart " data-change-type="plus" data-auto-edit="true" data-auto-add="true" data-cart-ajax-url="/cart/updateCart">
                <div class="wrapper-add-to-cart-btn">
                    <div class="module-add-to-cart-button-small">
                        <button type="button" class="btn btn-secondary btn-add-to-cart " data-auid="add-to-cart-button" data-has-pts-badge="false" aria-label="Add Caramelized Onion & Balsamic Vinegar Flavour Kettle Cooked Potato Chips to cart">
                            <span class="icon-cart"></span>
                            <span class="add-to-cart-text">
											Add</span>
                        </button>
                        <button type="button" class="btn btn-secondary btn-edit-cart hidden " aria-label="Edit Cart">
                            <span class="qty-in-cart"></span>
                            <span class="edit-cart-text">
											<spring code="product.edit.text" />"
										</span>
                        </button>
                        <div class="add-list-parent add-list-module  bottom-add-list-module ">
                            <button class="btn btn-inline-link btn-save-to-list  dark is-btn-animated" data-login-url="/account/login?productCode=20956605_EA" data-ajax-url="/restful/lists/all?productCode=20956605_EA" data-user-guest="Y" data-user-guest="Y" data-product-code="20956605_EA" data-delete-item="false" aria-label="Add Caramelized Onion & Balsamic Vinegar Flavour Kettle Cooked Potato Chips to a List">
                                <span class="glyphicon glyphicon-th-list"></span>
                                <div class="list-cta-text  is-btn-animated">Add to List</div>
                            </button>

                            <!-- this is the list HTML   -->
                            <div class="save-to-list-popup  is-btn-animated animation-up dark" data-save-to-list-error="Can not get lists at this time. Please try again later." data-product-name="Caramelized Onion & Balsamic Vinegar Flavour Kettle Cooked Potato Chips">
                                <div class="inner-container">
                                </div>

                            </div>
                        </div>

                    </div>
                </div>
            </div>

            <div class="module-plus-minus-buttons small hidden ">
                <button type="button" class="btn cart-change-qty" data-change-type="minus" data-auid="decrease-product-quantity" alt="Minus" aria-label="Minus">
                    <span class="icon-minimize"></span>
                </button>
                <div class="plus-minus-input-wrapper">
                    <input class="input-qty cart-change-qty" aria-label="Enter manual quantity" type="text" name="qty" title="Change quantity in cart" data-unit-type="ea" value="1ea" data-change-type="equals" maxlength="7">

                    <span class="input-qty-pretty">
							<span class="input-qty-pretty-value">1</span>
                    <span class="input-qty-pretty-unit"></span>
                    </span>
                </div>

                <button type="button" class="btn cart-change-qty" data-change-type="plus" data-auid="increase-product-quantity" alt="Plus" aria-label="Plus">
                    <span class="icon-plus-sign"></span>
                </button>

                <p class="deal-limit-reached hidden">Deal Limit Reached</p>

                <div class="tooltip-qty-error tooltip-qty-limit hidden">
                    <p>
                        Limit to &nbsp; 999 &nbsp;each&nbsp; per customer.</p>
                </div>
                <div class="tooltip-qty-error tooltip-round-error hidden">
                    <p>
                        We do not have this in the weight you wanted. We've rounded your order to the nearest weight increment we stock.</p>
                </div>
            </div>
        </form>

        <!-- End Template: AddToCartSmall -->

    </div>
</div>
<div class="item">

    <div class="module-grocery-product quickview-simple  clicked" data-quickview-ajax-url="/p/20944890_EA/quickViewProduct" data-product-id="20944890_EA" data-product-price="$3.18">

        <span class="subtitle"></span>

        <div class="product-page-hotspot">
            <div class="product-cell quickview-button">
                <div class="product-image ">

                    <img src="https://assets.shop.loblaws.ca/products/20944890/b1/en/front/20944890_front_a01.png" onerror="this.src='https://assets.shop.loblaws.ca/products/NoImage/b1/en/front/NoImage_front_a01_@2.png';" alt="Tortilla Chips, Jalapeo & Cheddar" />

                    <div class="hover-text-container">
                        <button href="#" tabindex="0" class="hover-text " aria-label="Quick View for Tortilla Chips, Jalapeo & Cheddar.">Quick View</button>
                    </div>
                </div>
            </div>

            <div class="product-in-cart">
                <div class="wrapper-product-in-cart">
                    <span>
	  			    In Cart
	  		    </span>
                </div>
            </div>

            <div class="product-info">
                <div class="product-name-wrapper">
                    <a href="/Food/Pantry/Chips-%26-Salty-Snacks/Pretzels-%26-Snack-Mixes/Doritos-Tortilla-Chips%2C-Jalape%C3%B1o-%26-Cheddar/p/20944890_EA" class="product-name" aria-label="Product page for Tortilla Chips, Jalapeo & Cheddar">
                        <span class="js-product-entry-brand">Doritos&nbsp;</span>

                        <span class="js-product-entry-name">Tortilla Chips, Jalapeo & Cheddar</span>

                        <span class="js-product-entry-size-detail">(255 g)</span>

                    </a>
                </div>

                <span class="ad-match-badge  hidden">Ad Match</span>

                <div class="price">
                    <div class="price-wrapper no-discount  ">
                        <span class="reg-price  " aria-label="Regular Price: $3.18">
					    <span class="reg-price-text">$3.18</span>

                        <sup class="reg-price-unit">ea</sup>
                        </span>
                        <span class="sale-price hidden" aria-label="Sale Price:">
					    <span class="sale-price-text"></span>
                        <sup class="sale-price-unit">ea</sup>
                        </span>

                        <span class="secondary-price hidden">

					    <span class="secondary-price-text" aria-label="Secondary Price:"></span>
                        </span>
                    </div>
                </div>

                <div class="qty">
                    <span class="reg-qty  ">

		  		<span class="sr-only">Sale Price Per Unit:</span> $1.25 / 100 g

                    </span>

                    <span class="sale-qty hidden">

		  		<span class="sr-only">Sale Price Per Unit:</span> $1.25 / 100 g

                    </span>

                    <span class="secondary-qty hidden">

	  	<span class="secondary-qty-text"></span>
                    </span>
                </div>
            </div>

        </div>
        <form class="form-product  quickview-btn-simple" data-product-id="20944890_EA" data-min-qty="1.0" data-max-qty="999.0" data-unit-type="ea" data-cart-qty="1" data-default-qty="1" novalidate="novalidate" promoCode="" promoNumber="" data-is-customized="false" data-cart-url="/cart/product/20944890_EA" data-csrf-token="5582ec01-90c0-448b-b4f7-e2cf68d9f8a0" data-is-weighted-product="false">

            <div class="module-add-to-cart " data-change-type="plus" data-auto-edit="true" data-auto-add="true" data-cart-ajax-url="/cart/updateCart">
                <div class="wrapper-add-to-cart-btn">
                    <div class="module-add-to-cart-button-small">
                        <button type="button" class="btn btn-secondary btn-add-to-cart " data-auid="add-to-cart-button" data-has-pts-badge="false" aria-label="Add Tortilla Chips, Jalapeo & Cheddar to cart">
                            <span class="icon-cart"></span>
                            <span class="add-to-cart-text">
											Add</span>
                        </button>
                        <button type="button" class="btn btn-secondary btn-edit-cart hidden " aria-label="Edit Cart">
                            <span class="qty-in-cart"></span>
                            <span class="edit-cart-text">
											<spring code="product.edit.text" />"
										</span>
                        </button>
                        <div class="add-list-parent add-list-module  bottom-add-list-module ">
                            <button class="btn btn-inline-link btn-save-to-list  dark is-btn-animated" data-login-url="/account/login?productCode=20944890_EA" data-ajax-url="/restful/lists/all?productCode=20944890_EA" data-user-guest="Y" data-user-guest="Y" data-product-code="20944890_EA" data-delete-item="false" aria-label="Add Tortilla Chips, Jalapeo & Cheddar to a List">
                                <span class="glyphicon glyphicon-th-list"></span>
                                <div class="list-cta-text  is-btn-animated">Add to List</div>
                            </button>

                            <!-- this is the list HTML   -->
                            <div class="save-to-list-popup  is-btn-animated animation-up dark" data-save-to-list-error="Can not get lists at this time. Please try again later." data-product-name="Tortilla Chips, Jalapeo & Cheddar">
                                <div class="inner-container">
                                </div>

                            </div>
                        </div>

                    </div>
                </div>
            </div>

            <div class="module-plus-minus-buttons small hidden ">
                <button type="button" class="btn cart-change-qty" data-change-type="minus" data-auid="decrease-product-quantity" alt="Minus" aria-label="Minus">
                    <span class="icon-minimize"></span>
                </button>
                <div class="plus-minus-input-wrapper">
                    <input class="input-qty cart-change-qty" aria-label="Enter manual quantity" type="text" name="qty" title="Change quantity in cart" data-unit-type="ea" value="1ea" data-change-type="equals" maxlength="7">

                    <span class="input-qty-pretty">
							<span class="input-qty-pretty-value">1</span>
                    <span class="input-qty-pretty-unit"></span>
                    </span>
                </div>

                <button type="button" class="btn cart-change-qty" data-change-type="plus" data-auid="increase-product-quantity" alt="Plus" aria-label="Plus">
                    <span class="icon-plus-sign"></span>
                </button>

                <p class="deal-limit-reached hidden">Deal Limit Reached</p>

                <div class="tooltip-qty-error tooltip-qty-limit hidden">
                    <p>
                        Limit to &nbsp; 999 &nbsp;each&nbsp; per customer.</p>
                </div>
                <div class="tooltip-qty-error tooltip-round-error hidden">
                    <p>
                        We do not have this in the weight you wanted. We've rounded your order to the nearest weight increment we stock.</p>
                </div>
            </div>
        </form>

        <!-- End Template: AddToCartSmall -->

    </div>
</div>
<div class="item">

    <div class="module-grocery-product quickview-simple  clicked" data-quickview-ajax-url="/p/20329183_EA/quickViewProduct" data-product-id="20329183_EA" data-product-price="$1.18">

        <span class="subtitle"></span>

        <div class="product-page-hotspot">
            <div class="product-cell quickview-button">
                <div class="product-image ">

                    <img src="https://assets.shop.loblaws.ca/products/20329183/b1/en/front/20329183_front_a01.png" onerror="this.src='https://assets.shop.loblaws.ca/products/NoImage/b1/en/front/NoImage_front_a01_@2.png';" alt="Potato Chips, Sour Cream & Onion" />

                    <div class="hover-text-container">
                        <button href="#" tabindex="0" class="hover-text " aria-label="Quick View for Potato Chips, Sour Cream & Onion.">Quick View</button>
                    </div>
                </div>
            </div>

            <div class="product-in-cart">
                <div class="wrapper-product-in-cart">
                    <span>
	  			    In Cart
	  		    </span>
                </div>
            </div>

            <div class="product-info">
                <div class="product-name-wrapper">
                    <a href="/Food/Pantry/Chips-%26-Salty-Snacks/Potato-Chips/Potato-Chips%2C-Sour-Cream-%26-Onion/p/20329183_EA" class="product-name" aria-label="Product page for Potato Chips, Sour Cream & Onion">
                        <span class="js-product-entry-brand">No Name&nbsp;</span>

                        <span class="js-product-entry-name">Potato Chips, Sour Cream & Onion</span>

                        <span class="js-product-entry-size-detail">(200 g)</span>

                    </a>
                </div>

                <span class="ad-match-badge  hidden">Ad Match</span>

                <div class="price">
                    <div class="price-wrapper no-discount  ">
                        <span class="reg-price  " aria-label="Regular Price: $1.18">
					    <span class="reg-price-text">$1.18</span>

                        <sup class="reg-price-unit">ea</sup>
                        </span>
                        <span class="sale-price hidden" aria-label="Sale Price:">
					    <span class="sale-price-text"></span>
                        <sup class="sale-price-unit">ea</sup>
                        </span>

                        <span class="secondary-price hidden">

					    <span class="secondary-price-text" aria-label="Secondary Price:"></span>
                        </span>
                    </div>
                </div>

                <div class="qty">
                    <span class="reg-qty  ">

		  		<span class="sr-only">Sale Price Per Unit:</span> $0.59 / 100 g

                    </span>

                    <span class="sale-qty hidden">

		  		<span class="sr-only">Sale Price Per Unit:</span> $0.59 / 100 g

                    </span>

                    <span class="secondary-qty hidden">

	  	<span class="secondary-qty-text"></span>
                    </span>
                </div>
            </div>

        </div>
        <form class="form-product  quickview-btn-simple" data-product-id="20329183_EA" data-min-qty="1.0" data-max-qty="999.0" data-unit-type="ea" data-cart-qty="1" data-default-qty="1" novalidate="novalidate" promoCode="" promoNumber="" data-is-customized="false" data-cart-url="/cart/product/20329183_EA" data-csrf-token="5582ec01-90c0-448b-b4f7-e2cf68d9f8a0" data-is-weighted-product="false">

            <div class="module-add-to-cart " data-change-type="plus" data-auto-edit="true" data-auto-add="true" data-cart-ajax-url="/cart/updateCart">
                <div class="wrapper-add-to-cart-btn">
                    <div class="module-add-to-cart-button-small">
                        <button type="button" class="btn btn-secondary btn-add-to-cart " data-auid="add-to-cart-button" data-has-pts-badge="false" aria-label="Add Potato Chips, Sour Cream & Onion to cart">
                            <span class="icon-cart"></span>
                            <span class="add-to-cart-text">
											Add</span>
                        </button>
                        <button type="button" class="btn btn-secondary btn-edit-cart hidden " aria-label="Edit Cart">
                            <span class="qty-in-cart"></span>
                            <span class="edit-cart-text">
											<spring code="product.edit.text" />"
										</span>
                        </button>
                        <div class="add-list-parent add-list-module  bottom-add-list-module ">
                            <button class="btn btn-inline-link btn-save-to-list  dark is-btn-animated" data-login-url="/account/login?productCode=20329183_EA" data-ajax-url="/restful/lists/all?productCode=20329183_EA" data-user-guest="Y" data-user-guest="Y" data-product-code="20329183_EA" data-delete-item="false" aria-label="Add Potato Chips, Sour Cream & Onion to a List">
                                <span class="glyphicon glyphicon-th-list"></span>
                                <div class="list-cta-text  is-btn-animated">Add to List</div>
                            </button>

                            <!-- this is the list HTML   -->
                            <div class="save-to-list-popup  is-btn-animated animation-up dark" data-save-to-list-error="Can not get lists at this time. Please try again later." data-product-name="Potato Chips, Sour Cream & Onion">
                                <div class="inner-container">
                                </div>

                            </div>
                        </div>

                    </div>
                </div>
            </div>

            <div class="module-plus-minus-buttons small hidden ">
                <button type="button" class="btn cart-change-qty" data-change-type="minus" data-auid="decrease-product-quantity" alt="Minus" aria-label="Minus">
                    <span class="icon-minimize"></span>
                </button>
                <div class="plus-minus-input-wrapper">
                    <input class="input-qty cart-change-qty" aria-label="Enter manual quantity" type="text" name="qty" title="Change quantity in cart" data-unit-type="ea" value="1ea" data-change-type="equals" maxlength="7">

                    <span class="input-qty-pretty">
							<span class="input-qty-pretty-value">1</span>
                    <span class="input-qty-pretty-unit"></span>
                    </span>
                </div>

                <button type="button" class="btn cart-change-qty" data-change-type="plus" data-auid="increase-product-quantity" alt="Plus" aria-label="Plus">
                    <span class="icon-plus-sign"></span>
                </button>

                <p class="deal-limit-reached hidden">Deal Limit Reached</p>

                <div class="tooltip-qty-error tooltip-qty-limit hidden">
                    <p>
                        Limit to &nbsp; 999 &nbsp;each&nbsp; per customer.</p>
                </div>
                <div class="tooltip-qty-error tooltip-round-error hidden">
                    <p>
                        We do not have this in the weight you wanted. We've rounded your order to the nearest weight increment we stock.</p>
                </div>
            </div>
        </form>

        <!-- End Template: AddToCartSmall -->

    </div>
</div>
<div class="item">

    <div class="module-grocery-product quickview-simple  clicked" data-quickview-ajax-url="/p/20298997004_EA/quickViewProduct" data-product-id="20298997004_EA" data-product-price="$2.48">

        <span class="subtitle"></span>

        <div class="product-page-hotspot">
            <div class="product-cell quickview-button">
                <div class="product-image ">

                    <img src="https://assets.shop.loblaws.ca/products/20298997004/b1/en/front/20298997004_front_a01.png" onerror="this.src='https://assets.shop.loblaws.ca/products/NoImage/b1/en/front/NoImage_front_a01_@2.png';" alt="Kettle Chips, Sea Salt & Vinegar" />

                    <span class="sticker deal">
	  				        <span class="deal-badge">

	  				            <span class="module-deal-badge module-deal-badge-grid simple-save-unit "
	  						        data-deal-type="$2.48 LIMIT 4"
	  						        data-ajax-promo-url="/simpleDeal/deals/product-tile?productCode=20298997004_EA"
	  						        data-deal-id="20298997004_EA">
	  						        <span class="deal-type">$2.48 LIMIT 4</span>

                    <span class="deal-expiry">
		Exp. 12/20
	</span>

                    </span>
                    </span>
                    </span>

                    <div class="hover-text-container">
                        <button href="#" tabindex="0" class="hover-text " aria-label="Quick View for Kettle Chips, Sea Salt & Vinegar.">Quick View</button>
                    </div>
                </div>
            </div>

            <div class="product-in-cart">
                <div class="wrapper-product-in-cart">
                    <span>
	  			    In Cart
	  		    </span>
                </div>
            </div>

            <div class="product-info">
                <div class="product-name-wrapper">
                    <a href="/Food/Natural-%26-Organic/Pantry/Snacks-%26-Candy/Kettle-Chips%2C-Sea-Salt-%26-Vinegar/p/20298997004_EA" class="product-name" aria-label="Product page for Kettle Chips, Sea Salt & Vinegar">
                        <span class="js-product-entry-brand">Kettle&nbsp;</span>

                        <span class="js-product-entry-name">Kettle Chips, Sea Salt & Vinegar</span>

                        <span class="js-product-entry-size-detail">(220 g)</span>

                    </a>
                </div>

                <span class="ad-match-badge  hidden">Ad Match</span>

                <div class="price">
                    <div class="price-wrapper no-discount promo-alert ">
                        <span class="reg-price  price-alert" aria-label="Regular Price: $2.48">
					    <span class="reg-price-text">$2.48</span>

                        <sup class="reg-price-unit">ea</sup>
                        </span>
                        <span class="sale-price hidden" aria-label="Sale Price:">
					    <span class="sale-price-text"></span>
                        <sup class="sale-price-unit">ea</sup>
                        </span>

                        <span class="secondary-price hidden">

					    <span class="secondary-price-text" aria-label="Secondary Price:"></span>
                        </span>
                    </div>
                </div>

                <div class="qty">
                    <span class="reg-qty  price-alert">

		  		<span class="sr-only">Sale Price Per Unit:</span> $1.13 / 100 g

                    </span>

                    <span class="sale-qty hidden">

		  		<span class="sr-only">Sale Price Per Unit:</span> $1.13 / 100 g

                    </span>

                    <span class="secondary-qty hidden">

	  	<span class="secondary-qty-text"></span>
                    </span>
                </div>
            </div>

        </div>
        <form class="form-product  quickview-btn-simple" data-product-id="20298997004_EA" data-min-qty="1.0" data-max-qty="999.0" data-unit-type="ea" data-cart-qty="1" data-default-qty="1" novalidate="novalidate" promoCode="" promoNumber="" data-is-customized="false" data-cart-url="/cart/product/20298997004_EA" data-csrf-token="5582ec01-90c0-448b-b4f7-e2cf68d9f8a0" data-is-weighted-product="false">

            <div class="module-add-to-cart " data-change-type="plus" data-auto-edit="true" data-auto-add="true" data-cart-ajax-url="/cart/updateCart">
                <div class="wrapper-add-to-cart-btn">
                    <div class="module-add-to-cart-button-small">
                        <button type="button" class="btn btn-secondary btn-add-to-cart " data-auid="add-to-cart-button" data-has-pts-badge="false" aria-label="Add Kettle Chips, Sea Salt & Vinegar to cart">
                            <span class="icon-cart"></span>
                            <span class="add-to-cart-text">
											Add</span>
                        </button>
                        <button type="button" class="btn btn-secondary btn-edit-cart hidden " aria-label="Edit Cart">
                            <span class="qty-in-cart"></span>
                            <span class="edit-cart-text">
											<spring code="product.edit.text" />"
										</span>
                        </button>
                        <div class="add-list-parent add-list-module  bottom-add-list-module ">
                            <button class="btn btn-inline-link btn-save-to-list  dark is-btn-animated" data-login-url="/account/login?productCode=20298997004_EA" data-ajax-url="/restful/lists/all?productCode=20298997004_EA" data-user-guest="Y" data-user-guest="Y" data-product-code="20298997004_EA" data-delete-item="false" aria-label="Add Kettle Chips, Sea Salt & Vinegar to a List">
                                <span class="glyphicon glyphicon-th-list"></span>
                                <div class="list-cta-text  is-btn-animated">Add to List</div>
                            </button>

                            <!-- this is the list HTML   -->
                            <div class="save-to-list-popup  is-btn-animated animation-up dark" data-save-to-list-error="Can not get lists at this time. Please try again later." data-product-name="Kettle Chips, Sea Salt & Vinegar">
                                <div class="inner-container">
                                </div>

                            </div>
                        </div>

                    </div>
                </div>
            </div>

            <div class="module-plus-minus-buttons small hidden ">
                <button type="button" class="btn cart-change-qty" data-change-type="minus" data-auid="decrease-product-quantity" alt="Minus" aria-label="Minus">
                    <span class="icon-minimize"></span>
                </button>
                <div class="plus-minus-input-wrapper">
                    <input class="input-qty cart-change-qty" aria-label="Enter manual quantity" type="text" name="qty" title="Change quantity in cart" data-unit-type="ea" value="1ea" data-change-type="equals" maxlength="7">

                    <span class="input-qty-pretty">
							<span class="input-qty-pretty-value">1</span>
                    <span class="input-qty-pretty-unit"></span>
                    </span>
                </div>

                <button type="button" class="btn cart-change-qty" data-change-type="plus" data-auid="increase-product-quantity" alt="Plus" aria-label="Plus">
                    <span class="icon-plus-sign"></span>
                </button>

                <p class="deal-limit-reached hidden">Deal Limit Reached</p>

                <div class="tooltip-qty-error tooltip-qty-limit hidden">
                    <p>
                        Limit to &nbsp; 999 &nbsp;each&nbsp; per customer.</p>
                </div>
                <div class="tooltip-qty-error tooltip-round-error hidden">
                    <p>
                        We do not have this in the weight you wanted. We've rounded your order to the nearest weight increment we stock.</p>
                </div>
            </div>
        </form>

        <!-- End Template: AddToCartSmall -->

    </div>
</div>
<div class="item">

    <div class="module-grocery-product quickview-simple  clicked" data-quickview-ajax-url="/p/21105831_EA/quickViewProduct" data-product-id="21105831_EA" data-product-price="$1.88">

        <span class="subtitle"></span>

        <div class="product-page-hotspot">
            <div class="product-cell quickview-button">
                <div class="product-image ">

                    <img src="https://assets.shop.loblaws.ca/products/21105831/b1/en/front/21105831_front_a01.png" onerror="this.src='https://assets.shop.loblaws.ca/products/NoImage/b1/en/front/NoImage_front_a01_@2.png';" alt="Mystery Flavour" />

                    <span class="sticker deal">
	  				        <span class="deal-badge">

	  				            <span class="module-deal-badge module-deal-badge-grid simple-save-unit "
	  						        data-deal-type="$1.88 LIMIT 4"
	  						        data-ajax-promo-url="/simpleDeal/deals/product-tile?productCode=21105831_EA"
	  						        data-deal-id="21105831_EA">
	  						        <span class="deal-type">$1.88 LIMIT 4</span>

                    <span class="deal-expiry">
		Exp. 12/27
	</span>

                    </span>
                    </span>
                    </span>

                    <div class="hover-text-container">
                        <button href="#" tabindex="0" class="hover-text " aria-label="Quick View for Mystery Flavour.">Quick View</button>
                    </div>
                </div>
            </div>

            <div class="product-in-cart">
                <div class="wrapper-product-in-cart">
                    <span>
	  			    In Cart
	  		    </span>
                </div>
            </div>

            <div class="product-info">
                <div class="product-name-wrapper">
                    <a href="/Food/Pantry/Chips-%26-Salty-Snacks/Potato-Chips/Pringles-Mystery-Flavour/p/21105831_EA" class="product-name" aria-label="Product page for Mystery Flavour">
                        <span class="js-product-entry-brand">Pringles&nbsp;</span>

                        <span class="js-product-entry-name">Mystery Flavour</span>

                        <span class="js-product-entry-size-detail">(156 g)</span>

                    </a>
                </div>

                <span class="ad-match-badge  hidden">Ad Match</span>

                <div class="price">
                    <div class="price-wrapper no-discount promo-alert ">
                        <span class="reg-price  price-alert" aria-label="Regular Price: $1.88">
					    <span class="reg-price-text">$1.88</span>

                        <sup class="reg-price-unit">ea</sup>
                        </span>
                        <span class="sale-price hidden" aria-label="Sale Price:">
					    <span class="sale-price-text"></span>
                        <sup class="sale-price-unit">ea</sup>
                        </span>

                        <span class="secondary-price hidden">

					    <span class="secondary-price-text" aria-label="Secondary Price:"></span>
                        </span>
                    </div>
                </div>

                <div class="qty">
                    <span class="reg-qty  price-alert">

		  		<span class="sr-only">Sale Price Per Unit:</span> $1.21 / 100 g

                    </span>

                    <span class="sale-qty hidden">

		  		<span class="sr-only">Sale Price Per Unit:</span> $1.21 / 100 g

                    </span>

                    <span class="secondary-qty hidden">

	  	<span class="secondary-qty-text"></span>
                    </span>
                </div>
            </div>

        </div>
        <form class="form-product  quickview-btn-simple" data-product-id="21105831_EA" data-min-qty="1.0" data-max-qty="999.0" data-unit-type="ea" data-cart-qty="1" data-default-qty="1" novalidate="novalidate" promoCode="" promoNumber="" data-is-customized="false" data-cart-url="/cart/product/21105831_EA" data-csrf-token="5582ec01-90c0-448b-b4f7-e2cf68d9f8a0" data-is-weighted-product="false">

            <div class="module-add-to-cart " data-change-type="plus" data-auto-edit="true" data-auto-add="true" data-cart-ajax-url="/cart/updateCart">
                <div class="wrapper-add-to-cart-btn">
                    <div class="module-add-to-cart-button-small">
                        <button type="button" class="btn btn-secondary btn-add-to-cart " data-auid="add-to-cart-button" data-has-pts-badge="false" aria-label="Add Mystery Flavour to cart">
                            <span class="icon-cart"></span>
                            <span class="add-to-cart-text">
											Add</span>
                        </button>
                        <button type="button" class="btn btn-secondary btn-edit-cart hidden " aria-label="Edit Cart">
                            <span class="qty-in-cart"></span>
                            <span class="edit-cart-text">
											<spring code="product.edit.text" />"
										</span>
                        </button>
                        <div class="add-list-parent add-list-module  bottom-add-list-module ">
                            <button class="btn btn-inline-link btn-save-to-list  dark is-btn-animated" data-login-url="/account/login?productCode=21105831_EA" data-ajax-url="/restful/lists/all?productCode=21105831_EA" data-user-guest="Y" data-user-guest="Y" data-product-code="21105831_EA" data-delete-item="false" aria-label="Add Mystery Flavour to a List">
                                <span class="glyphicon glyphicon-th-list"></span>
                                <div class="list-cta-text  is-btn-animated">Add to List</div>
                            </button>

                            <!-- this is the list HTML   -->
                            <div class="save-to-list-popup  is-btn-animated animation-up dark" data-save-to-list-error="Can not get lists at this time. Please try again later." data-product-name="Mystery Flavour">
                                <div class="inner-container">
                                </div>

                            </div>
                        </div>

                    </div>
                </div>
            </div>

            <div class="module-plus-minus-buttons small hidden ">
                <button type="button" class="btn cart-change-qty" data-change-type="minus" data-auid="decrease-product-quantity" alt="Minus" aria-label="Minus">
                    <span class="icon-minimize"></span>
                </button>
                <div class="plus-minus-input-wrapper">
                    <input class="input-qty cart-change-qty" aria-label="Enter manual quantity" type="text" name="qty" title="Change quantity in cart" data-unit-type="ea" value="1ea" data-change-type="equals" maxlength="7">

                    <span class="input-qty-pretty">
							<span class="input-qty-pretty-value">1</span>
                    <span class="input-qty-pretty-unit"></span>
                    </span>
                </div>

                <button type="button" class="btn cart-change-qty" data-change-type="plus" data-auid="increase-product-quantity" alt="Plus" aria-label="Plus">
                    <span class="icon-plus-sign"></span>
                </button>

                <p class="deal-limit-reached hidden">Deal Limit Reached</p>

                <div class="tooltip-qty-error tooltip-qty-limit hidden">
                    <p>
                        Limit to &nbsp; 999 &nbsp;each&nbsp; per customer.</p>
                </div>
                <div class="tooltip-qty-error tooltip-round-error hidden">
                    <p>
                        We do not have this in the weight you wanted. We've rounded your order to the nearest weight increment we stock.</p>
                </div>
            </div>
        </form>

        <!-- End Template: AddToCartSmall -->

    </div>
</div>
<div class="item">

    <div class="module-grocery-product quickview-simple  clicked" data-quickview-ajax-url="/p/20659742_EA/quickViewProduct" data-product-id="20659742_EA" data-product-price="$0.98">

        <span class="subtitle"></span>

        <div class="product-page-hotspot">
            <div class="product-cell quickview-button">
                <div class="product-image ">

                    <img src="https://assets.shop.loblaws.ca/products/20659742/b1/en/front/20659742_front_a01.png" onerror="this.src='https://assets.shop.loblaws.ca/products/NoImage/b1/en/front/NoImage_front_a01_@2.png';" alt="Kurkure Snacks, Masala Munch" />

                    <div class="hover-text-container">
                        <button href="#" tabindex="0" class="hover-text " aria-label="Quick View for Kurkure Snacks, Masala Munch.">Quick View</button>
                    </div>
                </div>
            </div>

            <div class="product-in-cart">
                <div class="wrapper-product-in-cart">
                    <span>
	  			    In Cart
	  		    </span>
                </div>
            </div>

            <div class="product-info">
                <div class="product-name-wrapper">
                    <a href="/Food/International-Foods/Pantry/Snacks/Kurkure-Snacks%2C-Masala-Munch/p/20659742_EA" class="product-name" aria-label="Product page for Kurkure Snacks, Masala Munch">

                        <span class="js-product-entry-name">Kurkure Snacks, Masala Munch</span>

                        <span class="js-product-entry-size-detail">(115 g)</span>

                    </a>
                </div>

                <span class="ad-match-badge  hidden">Ad Match</span>

                <div class="price">
                    <div class="price-wrapper no-discount  ">
                        <span class="reg-price  " aria-label="Regular Price: $0.98">
					    <span class="reg-price-text">$0.98</span>

                        <sup class="reg-price-unit">ea</sup>
                        </span>
                        <span class="sale-price hidden" aria-label="Sale Price:">
					    <span class="sale-price-text"></span>
                        <sup class="sale-price-unit">ea</sup>
                        </span>

                        <span class="secondary-price hidden">

					    <span class="secondary-price-text" aria-label="Secondary Price:"></span>
                        </span>
                    </div>
                </div>

                <div class="qty">
                    <span class="reg-qty  ">

		  		<span class="sr-only">Sale Price Per Unit:</span> $0.85 / 100 g

                    </span>

                    <span class="sale-qty hidden">

		  		<span class="sr-only">Sale Price Per Unit:</span> $0.85 / 100 g

                    </span>

                    <span class="secondary-qty hidden">

	  	<span class="secondary-qty-text"></span>
                    </span>
                </div>
            </div>

        </div>
        <form class="form-product  quickview-btn-simple" data-product-id="20659742_EA" data-min-qty="1.0" data-max-qty="999.0" data-unit-type="ea" data-cart-qty="1" data-default-qty="1" novalidate="novalidate" promoCode="" promoNumber="" data-is-customized="false" data-cart-url="/cart/product/20659742_EA" data-csrf-token="5582ec01-90c0-448b-b4f7-e2cf68d9f8a0" data-is-weighted-product="false">

            <div class="module-add-to-cart " data-change-type="plus" data-auto-edit="true" data-auto-add="true" data-cart-ajax-url="/cart/updateCart">
                <div class="wrapper-add-to-cart-btn">
                    <div class="module-add-to-cart-button-small">
                        <button type="button" class="btn btn-secondary btn-add-to-cart " data-auid="add-to-cart-button" data-has-pts-badge="false" aria-label="Add Kurkure Snacks, Masala Munch to cart">
                            <span class="icon-cart"></span>
                            <span class="add-to-cart-text">
											Add</span>
                        </button>
                        <button type="button" class="btn btn-secondary btn-edit-cart hidden " aria-label="Edit Cart">
                            <span class="qty-in-cart"></span>
                            <span class="edit-cart-text">
											<spring code="product.edit.text" />"
										</span>
                        </button>
                        <div class="add-list-parent add-list-module  bottom-add-list-module ">
                            <button class="btn btn-inline-link btn-save-to-list  dark is-btn-animated" data-login-url="/account/login?productCode=20659742_EA" data-ajax-url="/restful/lists/all?productCode=20659742_EA" data-user-guest="Y" data-user-guest="Y" data-product-code="20659742_EA" data-delete-item="false" aria-label="Add Kurkure Snacks, Masala Munch to a List">
                                <span class="glyphicon glyphicon-th-list"></span>
                                <div class="list-cta-text  is-btn-animated">Add to List</div>
                            </button>

                            <!-- this is the list HTML   -->
                            <div class="save-to-list-popup  is-btn-animated animation-up dark" data-save-to-list-error="Can not get lists at this time. Please try again later." data-product-name="Kurkure Snacks, Masala Munch">
                                <div class="inner-container">
                                </div>

                            </div>
                        </div>

                    </div>
                </div>
            </div>

            <div class="module-plus-minus-buttons small hidden ">
                <button type="button" class="btn cart-change-qty" data-change-type="minus" data-auid="decrease-product-quantity" alt="Minus" aria-label="Minus">
                    <span class="icon-minimize"></span>
                </button>
                <div class="plus-minus-input-wrapper">
                    <input class="input-qty cart-change-qty" aria-label="Enter manual quantity" type="text" name="qty" title="Change quantity in cart" data-unit-type="ea" value="1ea" data-change-type="equals" maxlength="7">

                    <span class="input-qty-pretty">
							<span class="input-qty-pretty-value">1</span>
                    <span class="input-qty-pretty-unit"></span>
                    </span>
                </div>

                <button type="button" class="btn cart-change-qty" data-change-type="plus" data-auid="increase-product-quantity" alt="Plus" aria-label="Plus">
                    <span class="icon-plus-sign"></span>
                </button>

                <p class="deal-limit-reached hidden">Deal Limit Reached</p>

                <div class="tooltip-qty-error tooltip-qty-limit hidden">
                    <p>
                        Limit to &nbsp; 999 &nbsp;each&nbsp; per customer.</p>
                </div>
                <div class="tooltip-qty-error tooltip-round-error hidden">
                    <p>
                        We do not have this in the weight you wanted. We've rounded your order to the nearest weight increment we stock.</p>
                </div>
            </div>
        </form>

        <!-- End Template: AddToCartSmall -->

    </div>
</div>
<div class="item">

    <div class="module-grocery-product quickview-simple  clicked" data-quickview-ajax-url="/p/21003407_EA/quickViewProduct" data-product-id="21003407_EA" data-product-price="$3.98">

        <span class="subtitle"></span>

        <div class="product-page-hotspot">
            <div class="product-cell quickview-button">
                <div class="product-image ">

                    <img src="https://assets.shop.loblaws.ca/products/21003407/b1/en/front/21003407_front_a01.png" onerror="this.src='https://assets.shop.loblaws.ca/products/NoImage/b1/en/front/NoImage_front_a01_@2.png';" alt="Kettle Style Blue Corn Tortilla Chips Seasoned With Sea Salt" />

                    <div class="hover-text-container">
                        <button href="#" tabindex="0" class="hover-text " aria-label="Quick View for Kettle Style Blue Corn Tortilla Chips Seasoned With Sea Salt.">Quick View</button>
                    </div>
                </div>
            </div>

            <div class="product-in-cart">
                <div class="wrapper-product-in-cart">
                    <span>
	  			    In Cart
	  		    </span>
                </div>
            </div>

            <div class="product-info">
                <div class="product-name-wrapper">
                    <a href="/Food/Pantry/Chips-%26-Salty-Snacks/Potato-Chips/President%27s-Choice-Kettle-Style-Blue-Corn-Tortilla-Chips-Seasoned-With-Sea-Salt/p/21003407_EA" class="product-name" aria-label="Product page for Kettle Style Blue Corn Tortilla Chips Seasoned With Sea Salt">
                        <span class="js-product-entry-brand">President's Choice&nbsp;</span>

                        <span class="js-product-entry-name">Kettle Style Blue Corn Tortilla Chips Seasoned With Sea Salt</span>

                        <span class="js-product-entry-size-detail">(368 g)</span>

                    </a>
                </div>

                <span class="ad-match-badge  hidden">Ad Match</span>

                <div class="price">
                    <div class="price-wrapper no-discount  ">
                        <span class="reg-price  " aria-label="Regular Price: $3.98">
					    <span class="reg-price-text">$3.98</span>

                        <sup class="reg-price-unit">ea</sup>
                        </span>
                        <span class="sale-price hidden" aria-label="Sale Price:">
					    <span class="sale-price-text"></span>
                        <sup class="sale-price-unit">ea</sup>
                        </span>

                        <span class="secondary-price hidden">

					    <span class="secondary-price-text" aria-label="Secondary Price:"></span>
                        </span>
                    </div>
                </div>

                <div class="qty">
                    <span class="reg-qty  ">

		  		<span class="sr-only">Sale Price Per Unit:</span> $1.08 / 100 g

                    </span>

                    <span class="sale-qty hidden">

		  		<span class="sr-only">Sale Price Per Unit:</span> $1.08 / 100 g

                    </span>

                    <span class="secondary-qty hidden">

	  	<span class="secondary-qty-text"></span>
                    </span>
                </div>
            </div>

        </div>
        <form class="form-product  quickview-btn-simple" data-product-id="21003407_EA" data-min-qty="1.0" data-max-qty="999.0" data-unit-type="ea" data-cart-qty="1" data-default-qty="1" novalidate="novalidate" promoCode="" promoNumber="" data-is-customized="false" data-cart-url="/cart/product/21003407_EA" data-csrf-token="5582ec01-90c0-448b-b4f7-e2cf68d9f8a0" data-is-weighted-product="false">

            <div class="module-add-to-cart " data-change-type="plus" data-auto-edit="true" data-auto-add="true" data-cart-ajax-url="/cart/updateCart">
                <div class="wrapper-add-to-cart-btn">
                    <div class="module-add-to-cart-button-small">
                        <button type="button" class="btn btn-secondary btn-add-to-cart " data-auid="add-to-cart-button" data-has-pts-badge="false" aria-label="Add Kettle Style Blue Corn Tortilla Chips Seasoned With Sea Salt to cart">
                            <span class="icon-cart"></span>
                            <span class="add-to-cart-text">
											Add</span>
                        </button>
                        <button type="button" class="btn btn-secondary btn-edit-cart hidden " aria-label="Edit Cart">
                            <span class="qty-in-cart"></span>
                            <span class="edit-cart-text">
											<spring code="product.edit.text" />"
										</span>
                        </button>
                        <div class="add-list-parent add-list-module  bottom-add-list-module ">
                            <button class="btn btn-inline-link btn-save-to-list  dark is-btn-animated" data-login-url="/account/login?productCode=21003407_EA" data-ajax-url="/restful/lists/all?productCode=21003407_EA" data-user-guest="Y" data-user-guest="Y" data-product-code="21003407_EA" data-delete-item="false" aria-label="Add Kettle Style Blue Corn Tortilla Chips Seasoned With Sea Salt to a List">
                                <span class="glyphicon glyphicon-th-list"></span>
                                <div class="list-cta-text  is-btn-animated">Add to List</div>
                            </button>

                            <!-- this is the list HTML   -->
                            <div class="save-to-list-popup  is-btn-animated animation-up dark" data-save-to-list-error="Can not get lists at this time. Please try again later." data-product-name="Kettle Style Blue Corn Tortilla Chips Seasoned With Sea Salt">
                                <div class="inner-container">
                                </div>

                            </div>
                        </div>

                    </div>
                </div>
            </div>

            <div class="module-plus-minus-buttons small hidden ">
                <button type="button" class="btn cart-change-qty" data-change-type="minus" data-auid="decrease-product-quantity" alt="Minus" aria-label="Minus">
                    <span class="icon-minimize"></span>
                </button>
                <div class="plus-minus-input-wrapper">
                    <input class="input-qty cart-change-qty" aria-label="Enter manual quantity" type="text" name="qty" title="Change quantity in cart" data-unit-type="ea" value="1ea" data-change-type="equals" maxlength="7">

                    <span class="input-qty-pretty">
							<span class="input-qty-pretty-value">1</span>
                    <span class="input-qty-pretty-unit"></span>
                    </span>
                </div>

                <button type="button" class="btn cart-change-qty" data-change-type="plus" data-auid="increase-product-quantity" alt="Plus" aria-label="Plus">
                    <span class="icon-plus-sign"></span>
                </button>

                <p class="deal-limit-reached hidden">Deal Limit Reached</p>

                <div class="tooltip-qty-error tooltip-qty-limit hidden">
                    <p>
                        Limit to &nbsp; 999 &nbsp;each&nbsp; per customer.</p>
                </div>
                <div class="tooltip-qty-error tooltip-round-error hidden">
                    <p>
                        We do not have this in the weight you wanted. We've rounded your order to the nearest weight increment we stock.</p>
                </div>
            </div>
        </form>

        <!-- End Template: AddToCartSmall -->

    </div>
</div>
<div class="item">

    <div class="module-grocery-product quickview-simple  clicked" data-quickview-ajax-url="/p/20868465002_EA/quickViewProduct" data-product-id="20868465002_EA" data-product-price="$3.48">

        <span class="subtitle"></span>

        <div class="product-page-hotspot">
            <div class="product-cell quickview-button">
                <div class="product-image ">

                    <img src="https://assets.shop.loblaws.ca/products/20868465002/b1/en/front/20868465002_front_a01.png" onerror="this.src='https://assets.shop.loblaws.ca/products/NoImage/b1/en/front/NoImage_front_a01_@2.png';" alt="Potato Chips, BBQ" />

                    <span class="sticker deal">
	  				        <span class="deal-badge">

	  				            <span class="module-deal-badge module-deal-badge-grid simple-save-unit "
	  						        data-deal-type="2 FOR $5.00"
	  						        data-ajax-promo-url="/simpleDeal/deals/product-tile?productCode=20868465002_EA"
	  						        data-deal-id="20868465002_EA">
	  						        <span class="deal-type">2 FOR $5.00</span>

                    <span class="deal-expiry">
		Exp. 12/19
	</span>

                    </span>
                    </span>
                    </span>

                    <div class="hover-text-container">
                        <button href="#" tabindex="0" class="hover-text " aria-label="Quick View for Potato Chips, BBQ.">Quick View</button>
                    </div>
                </div>
            </div>

            <div class="product-in-cart">
                <div class="wrapper-product-in-cart">
                    <span>
	  			    In Cart
	  		    </span>
                </div>
            </div>

            <div class="product-info">
                <div class="product-name-wrapper">
                    <a href="/Food/Pantry/Chips-%26-Salty-Snacks/Potato-Chips/Old-Dutch-RIP-L-Potato-Chips%2C-BBQ/p/20868465002_EA" class="product-name" aria-label="Product page for Potato Chips, BBQ">
                        <span class="js-product-entry-brand">Old Dutch&nbsp;</span>

                        <span class="js-product-entry-name">Potato Chips, BBQ</span>

                        <span class="js-product-entry-size-detail">(255 g)</span>

                    </a>
                </div>

                <span class="ad-match-badge  hidden">Ad Match</span>

                <div class="price">
                    <div class="price-wrapper no-discount  ">
                        <span class="reg-price  " aria-label="Regular Price: $3.48">
					    <span class="reg-price-text">$3.48</span>

                        <sup class="reg-price-unit">ea</sup>
                        </span>
                        <span class="sale-price hidden" aria-label="Sale Price:">
					    <span class="sale-price-text"></span>
                        <sup class="sale-price-unit">ea</sup>
                        </span>

                        <span class="secondary-price hidden">

					    <span class="secondary-price-text" aria-label="Secondary Price:"></span>
                        </span>
                    </div>
                </div>

                <div class="qty">
                    <span class="reg-qty  ">

		  		<span class="sr-only">Sale Price Per Unit:</span> $1.36 / 100 g

                    </span>

                    <span class="sale-qty hidden">

		  		<span class="sr-only">Sale Price Per Unit:</span> $1.36 / 100 g

                    </span>

                    <span class="secondary-qty hidden">

	  	<span class="secondary-qty-text"></span>
                    </span>
                </div>
            </div>

        </div>
        <form class="form-product  quickview-btn-simple" data-product-id="20868465002_EA" data-min-qty="1.0" data-max-qty="999.0" data-unit-type="ea" data-cart-qty="1" data-default-qty="1" novalidate="novalidate" promoCode="" promoNumber="" data-is-customized="false" data-cart-url="/cart/product/20868465002_EA" data-csrf-token="5582ec01-90c0-448b-b4f7-e2cf68d9f8a0" data-is-weighted-product="false">

            <div class="module-add-to-cart " data-change-type="plus" data-auto-edit="true" data-auto-add="true" data-cart-ajax-url="/cart/updateCart">
                <div class="wrapper-add-to-cart-btn">
                    <div class="module-add-to-cart-button-small">
                        <button type="button" class="btn btn-secondary btn-add-to-cart " data-auid="add-to-cart-button" data-has-pts-badge="false" aria-label="Add Potato Chips, BBQ to cart">
                            <span class="icon-cart"></span>
                            <span class="add-to-cart-text">
											Add</span>
                        </button>
                        <button type="button" class="btn btn-secondary btn-edit-cart hidden " aria-label="Edit Cart">
                            <span class="qty-in-cart"></span>
                            <span class="edit-cart-text">
											<spring code="product.edit.text" />"
										</span>
                        </button>
                        <div class="add-list-parent add-list-module  bottom-add-list-module ">
                            <button class="btn btn-inline-link btn-save-to-list  dark is-btn-animated" data-login-url="/account/login?productCode=20868465002_EA" data-ajax-url="/restful/lists/all?productCode=20868465002_EA" data-user-guest="Y" data-user-guest="Y" data-product-code="20868465002_EA" data-delete-item="false" aria-label="Add Potato Chips, BBQ to a List">
                                <span class="glyphicon glyphicon-th-list"></span>
                                <div class="list-cta-text  is-btn-animated">Add to List</div>
                            </button>

                            <!-- this is the list HTML   -->
                            <div class="save-to-list-popup  is-btn-animated animation-up dark" data-save-to-list-error="Can not get lists at this time. Please try again later." data-product-name="Potato Chips, BBQ">
                                <div class="inner-container">
                                </div>

                            </div>
                        </div>

                    </div>
                </div>
            </div>

            <div class="module-plus-minus-buttons small hidden ">
                <button type="button" class="btn cart-change-qty" data-change-type="minus" data-auid="decrease-product-quantity" alt="Minus" aria-label="Minus">
                    <span class="icon-minimize"></span>
                </button>
                <div class="plus-minus-input-wrapper">
                    <input class="input-qty cart-change-qty" aria-label="Enter manual quantity" type="text" name="qty" title="Change quantity in cart" data-unit-type="ea" value="1ea" data-change-type="equals" maxlength="7">

                    <span class="input-qty-pretty">
							<span class="input-qty-pretty-value">1</span>
                    <span class="input-qty-pretty-unit"></span>
                    </span>
                </div>

                <button type="button" class="btn cart-change-qty" data-change-type="plus" data-auid="increase-product-quantity" alt="Plus" aria-label="Plus">
                    <span class="icon-plus-sign"></span>
                </button>

                <p class="deal-limit-reached hidden">Deal Limit Reached</p>

                <div class="tooltip-qty-error tooltip-qty-limit hidden">
                    <p>
                        Limit to &nbsp; 999 &nbsp;each&nbsp; per customer.</p>
                </div>
                <div class="tooltip-qty-error tooltip-round-error hidden">
                    <p>
                        We do not have this in the weight you wanted. We've rounded your order to the nearest weight increment we stock.</p>
                </div>
            </div>
        </form>

        <!-- End Template: AddToCartSmall -->

    </div>
</div>
<div class="item">

    <div class="module-grocery-product quickview-simple  clicked" data-quickview-ajax-url="/p/21048871_EA/quickViewProduct" data-product-id="21048871_EA" data-product-price="$1.48">

        <span class="subtitle"></span>

        <div class="product-page-hotspot">
            <div class="product-cell quickview-button">
                <div class="product-image ">

                    <img src="https://assets.shop.loblaws.ca/products/21048871/b1/en/front/21048871_front_a01.png" onerror="this.src='https://assets.shop.loblaws.ca/products/NoImage/b1/en/front/NoImage_front_a01_@2.png';" alt="Chips, Tempura Shrimp" />

                    <span class="sticker deal">
	  				        <span class="deal-badge">

	  				            <span class="module-deal-badge module-deal-badge-grid simple-save-unit "
	  						        data-deal-type="2 FOR $2.70"
	  						        data-ajax-promo-url="/simpleDeal/deals/product-tile?productCode=21048871_EA"
	  						        data-deal-id="21048871_EA">
	  						        <span class="deal-type">2 FOR $2.70</span>

                    <span class="deal-expiry">
		Exp. 12/31
	</span>

                    </span>
                    </span>
                    </span>

                    <div class="hover-text-container">
                        <button href="#" tabindex="0" class="hover-text " aria-label="Quick View for Chips, Tempura Shrimp.">Quick View</button>
                    </div>
                </div>
            </div>

            <div class="product-in-cart">
                <div class="wrapper-product-in-cart">
                    <span>
	  			    In Cart
	  		    </span>
                </div>
            </div>

            <div class="product-info">
                <div class="product-name-wrapper">
                    <a href="/Food/Pantry/Chips-%26-Salty-Snacks/Potato-Chips/Regent-Chips%2C-Tempura-Shrimp/p/21048871_EA" class="product-name" aria-label="Product page for Chips, Tempura Shrimp">

                        <span class="js-product-entry-name">Chips, Tempura Shrimp</span>

                        <span class="js-product-entry-size-detail">(100 g)</span>

                    </a>
                </div>

                <span class="ad-match-badge  hidden">Ad Match</span>

                <div class="price">
                    <div class="price-wrapper no-discount  ">
                        <span class="reg-price  " aria-label="Regular Price: $1.48">
					    <span class="reg-price-text">$1.48</span>

                        <sup class="reg-price-unit">ea</sup>
                        </span>
                        <span class="sale-price hidden" aria-label="Sale Price:">
					    <span class="sale-price-text"></span>
                        <sup class="sale-price-unit">ea</sup>
                        </span>

                        <span class="secondary-price hidden">

					    <span class="secondary-price-text" aria-label="Secondary Price:"></span>
                        </span>
                    </div>
                </div>

                <div class="qty">
                    <span class="reg-qty  ">

		  		<span class="sr-only">Sale Price Per Unit:</span> $1.48 / 100 g

                    </span>

                    <span class="sale-qty hidden">

		  		<span class="sr-only">Sale Price Per Unit:</span> $1.48 / 100 g

                    </span>

                    <span class="secondary-qty hidden">

	  	<span class="secondary-qty-text"></span>
                    </span>
                </div>
            </div>

        </div>
        <form class="form-product  quickview-btn-simple" data-product-id="21048871_EA" data-min-qty="1.0" data-max-qty="999.0" data-unit-type="ea" data-cart-qty="1" data-default-qty="1" novalidate="novalidate" promoCode="" promoNumber="" data-is-customized="false" data-cart-url="/cart/product/21048871_EA" data-csrf-token="5582ec01-90c0-448b-b4f7-e2cf68d9f8a0" data-is-weighted-product="false">

            <div class="module-add-to-cart " data-change-type="plus" data-auto-edit="true" data-auto-add="true" data-cart-ajax-url="/cart/updateCart">
                <div class="wrapper-add-to-cart-btn">
                    <div class="module-add-to-cart-button-small">
                        <button type="button" class="btn btn-secondary btn-add-to-cart " data-auid="add-to-cart-button" data-has-pts-badge="false" aria-label="Add Chips, Tempura Shrimp to cart">
                            <span class="icon-cart"></span>
                            <span class="add-to-cart-text">
											Add</span>
                        </button>
                        <button type="button" class="btn btn-secondary btn-edit-cart hidden " aria-label="Edit Cart">
                            <span class="qty-in-cart"></span>
                            <span class="edit-cart-text">
											<spring code="product.edit.text" />"
										</span>
                        </button>
                        <div class="add-list-parent add-list-module  bottom-add-list-module ">
                            <button class="btn btn-inline-link btn-save-to-list  dark is-btn-animated" data-login-url="/account/login?productCode=21048871_EA" data-ajax-url="/restful/lists/all?productCode=21048871_EA" data-user-guest="Y" data-user-guest="Y" data-product-code="21048871_EA" data-delete-item="false" aria-label="Add Chips, Tempura Shrimp to a List">
                                <span class="glyphicon glyphicon-th-list"></span>
                                <div class="list-cta-text  is-btn-animated">Add to List</div>
                            </button>

                            <!-- this is the list HTML   -->
                            <div class="save-to-list-popup  is-btn-animated animation-up dark" data-save-to-list-error="Can not get lists at this time. Please try again later." data-product-name="Chips, Tempura Shrimp">
                                <div class="inner-container">
                                </div>

                            </div>
                        </div>

                    </div>
                </div>
            </div>

            <div class="module-plus-minus-buttons small hidden ">
                <button type="button" class="btn cart-change-qty" data-change-type="minus" data-auid="decrease-product-quantity" alt="Minus" aria-label="Minus">
                    <span class="icon-minimize"></span>
                </button>
                <div class="plus-minus-input-wrapper">
                    <input class="input-qty cart-change-qty" aria-label="Enter manual quantity" type="text" name="qty" title="Change quantity in cart" data-unit-type="ea" value="1ea" data-change-type="equals" maxlength="7">

                    <span class="input-qty-pretty">
							<span class="input-qty-pretty-value">1</span>
                    <span class="input-qty-pretty-unit"></span>
                    </span>
                </div>

                <button type="button" class="btn cart-change-qty" data-change-type="plus" data-auid="increase-product-quantity" alt="Plus" aria-label="Plus">
                    <span class="icon-plus-sign"></span>
                </button>

                <p class="deal-limit-reached hidden">Deal Limit Reached</p>

                <div class="tooltip-qty-error tooltip-qty-limit hidden">
                    <p>
                        Limit to &nbsp; 999 &nbsp;each&nbsp; per customer.</p>
                </div>
                <div class="tooltip-qty-error tooltip-round-error hidden">
                    <p>
                        We do not have this in the weight you wanted. We've rounded your order to the nearest weight increment we stock.</p>
                </div>
            </div>
        </form>

        <!-- End Template: AddToCartSmall -->

    </div>
</div>
<div class="item">

    <div class="module-grocery-product quickview-simple  clicked" data-quickview-ajax-url="/p/20986486_EA/quickViewProduct" data-product-id="20986486_EA" data-product-price="$7.98">

        <span class="subtitle"></span>

        <div class="product-page-hotspot">
            <div class="product-cell quickview-button">
                <div class="product-image ">

                    <img src="https://assets.shop.loblaws.ca/products/20986486/b1/en/front/20986486_front_a01.png" onerror="this.src='https://assets.shop.loblaws.ca/products/NoImage/b1/en/front/NoImage_front_a01_@2.png';" alt="Original Low Sodium" />

                    <div class="hover-text-container">
                        <button href="#" tabindex="0" class="hover-text " aria-label="Quick View for Original Low Sodium.">Quick View</button>
                    </div>
                </div>
            </div>

            <div class="product-in-cart">
                <div class="wrapper-product-in-cart">
                    <span>
	  			    In Cart
	  		    </span>
                </div>
            </div>

            <div class="product-info">
                <div class="product-name-wrapper">
                    <a href="/Food/Pantry/Chips-%26-Salty-Snacks/Potato-Chips/Terra-Original-Low-Sodium/p/20986486_EA" class="product-name" aria-label="Product page for Original Low Sodium">
                        <span class="js-product-entry-brand">Terra&nbsp;</span>

                        <span class="js-product-entry-name">Original Low Sodium</span>

                        <span class="js-product-entry-size-detail">(354 g)</span>

                    </a>
                </div>

                <span class="ad-match-badge  hidden">Ad Match</span>

                <div class="price">
                    <div class="price-wrapper no-discount  ">
                        <span class="reg-price  " aria-label="Regular Price: $7.98">
					    <span class="reg-price-text">$7.98</span>

                        <sup class="reg-price-unit">ea</sup>
                        </span>
                        <span class="sale-price hidden" aria-label="Sale Price:">
					    <span class="sale-price-text"></span>
                        <sup class="sale-price-unit">ea</sup>
                        </span>

                        <span class="secondary-price hidden">

					    <span class="secondary-price-text" aria-label="Secondary Price:"></span>
                        </span>
                    </div>
                </div>

                <div class="qty">
                    <span class="reg-qty  ">

		  		<span class="sr-only">Sale Price Per Unit:</span> $2.25 / 100 g

                    </span>

                    <span class="sale-qty hidden">

		  		<span class="sr-only">Sale Price Per Unit:</span> $2.25 / 100 g

                    </span>

                    <span class="secondary-qty hidden">

	  	<span class="secondary-qty-text"></span>
                    </span>
                </div>
            </div>

        </div>
        <form class="form-product  quickview-btn-simple" data-product-id="20986486_EA" data-min-qty="1.0" data-max-qty="999.0" data-unit-type="ea" data-cart-qty="1" data-default-qty="1" novalidate="novalidate" promoCode="" promoNumber="" data-is-customized="false" data-cart-url="/cart/product/20986486_EA" data-csrf-token="5582ec01-90c0-448b-b4f7-e2cf68d9f8a0" data-is-weighted-product="false">

            <div class="module-add-to-cart " data-change-type="plus" data-auto-edit="true" data-auto-add="true" data-cart-ajax-url="/cart/updateCart">
                <div class="wrapper-add-to-cart-btn">
                    <div class="module-add-to-cart-button-small">
                        <button type="button" class="btn btn-secondary btn-add-to-cart " data-auid="add-to-cart-button" data-has-pts-badge="false" aria-label="Add Original Low Sodium to cart">
                            <span class="icon-cart"></span>
                            <span class="add-to-cart-text">
											Add</span>
                        </button>
                        <button type="button" class="btn btn-secondary btn-edit-cart hidden " aria-label="Edit Cart">
                            <span class="qty-in-cart"></span>
                            <span class="edit-cart-text">
											<spring code="product.edit.text" />"
										</span>
                        </button>
                        <div class="add-list-parent add-list-module  bottom-add-list-module ">
                            <button class="btn btn-inline-link btn-save-to-list  dark is-btn-animated" data-login-url="/account/login?productCode=20986486_EA" data-ajax-url="/restful/lists/all?productCode=20986486_EA" data-user-guest="Y" data-user-guest="Y" data-product-code="20986486_EA" data-delete-item="false" aria-label="Add Original Low Sodium to a List">
                                <span class="glyphicon glyphicon-th-list"></span>
                                <div class="list-cta-text  is-btn-animated">Add to List</div>
                            </button>

                            <!-- this is the list HTML   -->
                            <div class="save-to-list-popup  is-btn-animated animation-up dark" data-save-to-list-error="Can not get lists at this time. Please try again later." data-product-name="Original Low Sodium">
                                <div class="inner-container">
                                </div>

                            </div>
                        </div>

                    </div>
                </div>
            </div>

            <div class="module-plus-minus-buttons small hidden ">
                <button type="button" class="btn cart-change-qty" data-change-type="minus" data-auid="decrease-product-quantity" alt="Minus" aria-label="Minus">
                    <span class="icon-minimize"></span>
                </button>
                <div class="plus-minus-input-wrapper">
                    <input class="input-qty cart-change-qty" aria-label="Enter manual quantity" type="text" name="qty" title="Change quantity in cart" data-unit-type="ea" value="1ea" data-change-type="equals" maxlength="7">

                    <span class="input-qty-pretty">
							<span class="input-qty-pretty-value">1</span>
                    <span class="input-qty-pretty-unit"></span>
                    </span>
                </div>

                <button type="button" class="btn cart-change-qty" data-change-type="plus" data-auid="increase-product-quantity" alt="Plus" aria-label="Plus">
                    <span class="icon-plus-sign"></span>
                </button>

                <p class="deal-limit-reached hidden">Deal Limit Reached</p>

                <div class="tooltip-qty-error tooltip-qty-limit hidden">
                    <p>
                        Limit to &nbsp; 999 &nbsp;each&nbsp; per customer.</p>
                </div>
                <div class="tooltip-qty-error tooltip-round-error hidden">
                    <p>
                        We do not have this in the weight you wanted. We've rounded your order to the nearest weight increment we stock.</p>
                </div>
            </div>
        </form>

        <!-- End Template: AddToCartSmall -->

    </div>
</div>
<div class="item">

    <div class="module-grocery-product quickview-simple  clicked" data-quickview-ajax-url="/p/20593313_EA/quickViewProduct" data-product-id="20593313_EA" data-product-price="$1.78">

        <span class="subtitle"></span>

        <div class="product-page-hotspot">
            <div class="product-cell quickview-button">
                <div class="product-image ">

                    <img src="https://assets.shop.loblaws.ca/products/20593313/b1/en/front/20593313_front_a01.png" onerror="this.src='https://assets.shop.loblaws.ca/products/NoImage/b1/en/front/NoImage_front_a01_@2.png';" alt="Korean Roasted Seaweed Laver" />

                    <span class="sticker deal">
	  				        <span class="deal-badge">

	  				            <span class="module-deal-badge module-deal-badge-grid simple-save-unit "
	  						        data-deal-type="3 FOR $4.80"
	  						        data-ajax-promo-url="/simpleDeal/deals/product-tile?productCode=20593313_EA"
	  						        data-deal-id="20593313_EA">
	  						        <span class="deal-type">3 FOR $4.80</span>

                    <span class="deal-expiry">
		Exp. 12/31
	</span>

                    </span>
                    </span>
                    </span>

                    <div class="hover-text-container">
                        <button href="#" tabindex="0" class="hover-text " aria-label="Quick View for Korean Roasted Seaweed Laver.">Quick View</button>
                    </div>
                </div>
            </div>

            <div class="product-in-cart">
                <div class="wrapper-product-in-cart">
                    <span>
	  			    In Cart
	  		    </span>
                </div>
            </div>

            <div class="product-info">
                <div class="product-name-wrapper">
                    <a href="/No-Navigation-Supercategory/Pretzels-%26-Crunch-Snacks/Korean-Roasted-Seaweed-Laver/p/20593313_EA" class="product-name" aria-label="Product page for Korean Roasted Seaweed Laver">
                        <span class="js-product-entry-brand">T&T&nbsp;</span>

                        <span class="js-product-entry-name">Korean Roasted Seaweed Laver</span>

                        <span class="js-product-entry-size-detail">(15 g)</span>

                    </a>
                </div>

                <span class="ad-match-badge  hidden">Ad Match</span>

                <div class="price">
                    <div class="price-wrapper no-discount  ">
                        <span class="reg-price  " aria-label="Regular Price: $1.78">
					    <span class="reg-price-text">$1.78</span>

                        <sup class="reg-price-unit">ea</sup>
                        </span>
                        <span class="sale-price hidden" aria-label="Sale Price:">
					    <span class="sale-price-text"></span>
                        <sup class="sale-price-unit">ea</sup>
                        </span>

                        <span class="secondary-price hidden">

					    <span class="secondary-price-text" aria-label="Secondary Price:"></span>
                        </span>
                    </div>
                </div>

                <div class="qty">
                    <span class="reg-qty  ">

		  		<span class="sr-only">Sale Price Per Unit:</span> $11.87 / 100 g

                    </span>

                    <span class="sale-qty hidden">

		  		<span class="sr-only">Sale Price Per Unit:</span> $11.87 / 100 g

                    </span>

                    <span class="secondary-qty hidden">

	  	<span class="secondary-qty-text"></span>
                    </span>
                </div>
            </div>

        </div>
        <form class="form-product  quickview-btn-simple" data-product-id="20593313_EA" data-min-qty="1.0" data-max-qty="999.0" data-unit-type="ea" data-cart-qty="1" data-default-qty="1" novalidate="novalidate" promoCode="" promoNumber="" data-is-customized="false" data-cart-url="/cart/product/20593313_EA" data-csrf-token="5582ec01-90c0-448b-b4f7-e2cf68d9f8a0" data-is-weighted-product="false">

            <div class="module-add-to-cart " data-change-type="plus" data-auto-edit="true" data-auto-add="true" data-cart-ajax-url="/cart/updateCart">
                <div class="wrapper-add-to-cart-btn">
                    <div class="module-add-to-cart-button-small">
                        <button type="button" class="btn btn-secondary btn-add-to-cart " data-auid="add-to-cart-button" data-has-pts-badge="false" aria-label="Add Korean Roasted Seaweed Laver to cart">
                            <span class="icon-cart"></span>
                            <span class="add-to-cart-text">
											Add</span>
                        </button>
                        <button type="button" class="btn btn-secondary btn-edit-cart hidden " aria-label="Edit Cart">
                            <span class="qty-in-cart"></span>
                            <span class="edit-cart-text">
											<spring code="product.edit.text" />"
										</span>
                        </button>
                        <div class="add-list-parent add-list-module  bottom-add-list-module ">
                            <button class="btn btn-inline-link btn-save-to-list  dark is-btn-animated" data-login-url="/account/login?productCode=20593313_EA" data-ajax-url="/restful/lists/all?productCode=20593313_EA" data-user-guest="Y" data-user-guest="Y" data-product-code="20593313_EA" data-delete-item="false" aria-label="Add Korean Roasted Seaweed Laver to a List">
                                <span class="glyphicon glyphicon-th-list"></span>
                                <div class="list-cta-text  is-btn-animated">Add to List</div>
                            </button>

                            <!-- this is the list HTML   -->
                            <div class="save-to-list-popup  is-btn-animated animation-up dark" data-save-to-list-error="Can not get lists at this time. Please try again later." data-product-name="Korean Roasted Seaweed Laver">
                                <div class="inner-container">
                                </div>

                            </div>
                        </div>

                    </div>
                </div>
            </div>

            <div class="module-plus-minus-buttons small hidden ">
                <button type="button" class="btn cart-change-qty" data-change-type="minus" data-auid="decrease-product-quantity" alt="Minus" aria-label="Minus">
                    <span class="icon-minimize"></span>
                </button>
                <div class="plus-minus-input-wrapper">
                    <input class="input-qty cart-change-qty" aria-label="Enter manual quantity" type="text" name="qty" title="Change quantity in cart" data-unit-type="ea" value="1ea" data-change-type="equals" maxlength="7">

                    <span class="input-qty-pretty">
							<span class="input-qty-pretty-value">1</span>
                    <span class="input-qty-pretty-unit"></span>
                    </span>
                </div>

                <button type="button" class="btn cart-change-qty" data-change-type="plus" data-auid="increase-product-quantity" alt="Plus" aria-label="Plus">
                    <span class="icon-plus-sign"></span>
                </button>

                <p class="deal-limit-reached hidden">Deal Limit Reached</p>

                <div class="tooltip-qty-error tooltip-qty-limit hidden">
                    <p>
                        Limit to &nbsp; 999 &nbsp;each&nbsp; per customer.</p>
                </div>
                <div class="tooltip-qty-error tooltip-round-error hidden">
                    <p>
                        We do not have this in the weight you wanted. We've rounded your order to the nearest weight increment we stock.</p>
                </div>
            </div>
        </form>

        <!-- End Template: AddToCartSmall -->

    </div>
</div>
<div class="item">

    <div class="module-grocery-product quickview-simple  clicked" data-quickview-ajax-url="/p/21109258_EA/quickViewProduct" data-product-id="21109258_EA" data-product-price="$2.47">

        <span class="subtitle"></span>

        <div class="product-page-hotspot">
            <div class="product-cell quickview-button">
                <div class="product-image ">

                    <img src="https://assets.shop.loblaws.ca/products/21109258/b1/en/front/21109258_front_a01.png" onerror="this.src='https://assets.shop.loblaws.ca/products/NoImage/b1/en/front/NoImage_front_a01_@2.png';" alt="Potato Chips, Taco" />

                    <span class="sticker deal">
	  				    <span class="deal-badge">
	  					    <span class="module-deal-badge module-deal-badge-feature flyer expires undefined">
	  						    <span class="deal-type">
								    Flyer<br />
	  							    Item
	  						    </span>

                    <span class="deal-expiry">
		Exp. 12/19
	</span>

                    </span>
                    </span>
                    </span>

                    <div class="hover-text-container">
                        <button href="#" tabindex="0" class="hover-text " aria-label="Quick View for Potato Chips, Taco.">Quick View</button>
                    </div>
                </div>
            </div>

            <div class="product-in-cart">
                <div class="wrapper-product-in-cart">
                    <span>
	  			    In Cart
	  		    </span>
                </div>
            </div>

            <div class="product-info">
                <div class="product-name-wrapper">
                    <a href="/Food/Pantry/Chips-%26-Salty-Snacks/Potato-Chips/Lay%27s-Potato-Chips%2C-Taco/p/21109258_EA" class="product-name" aria-label="Product page for Potato Chips, Taco">
                        <span class="js-product-entry-brand">Lay's&nbsp;</span>

                        <span class="js-product-entry-name">Potato Chips, Taco</span>

                        <span class="js-product-entry-size-detail">(240 g)</span>

                    </a>
                </div>

                <span class="ad-match-badge  hidden">Ad Match</span>

                <div class="price">
                    <div class="price-wrapper no-discount  ">
                        <span class="reg-price  " aria-label="Regular Price: $2.47">
					    <span class="reg-price-text">$2.47</span>

                        <sup class="reg-price-unit">ea</sup>
                        </span>
                        <span class="sale-price hidden" aria-label="Sale Price:">
					    <span class="sale-price-text"></span>
                        <sup class="sale-price-unit">ea</sup>
                        </span>

                        <span class="secondary-price hidden">

					    <span class="secondary-price-text" aria-label="Secondary Price:"></span>
                        </span>
                    </div>
                </div>

                <div class="qty">
                    <span class="reg-qty  ">

		  		<span class="sr-only">Sale Price Per Unit:</span> $1.03 / 100 g

                    </span>

                    <span class="sale-qty hidden">

		  		<span class="sr-only">Sale Price Per Unit:</span> $1.03 / 100 g

                    </span>

                    <span class="secondary-qty hidden">

	  	<span class="secondary-qty-text"></span>
                    </span>
                </div>
            </div>

        </div>
        <form class="form-product  quickview-btn-simple" data-product-id="21109258_EA" data-min-qty="1.0" data-max-qty="999.0" data-unit-type="ea" data-cart-qty="1" data-default-qty="1" novalidate="novalidate" promoCode="" promoNumber="" data-is-customized="false" data-cart-url="/cart/product/21109258_EA" data-csrf-token="5582ec01-90c0-448b-b4f7-e2cf68d9f8a0" data-is-weighted-product="false">

            <div class="module-add-to-cart " data-change-type="plus" data-auto-edit="true" data-auto-add="true" data-cart-ajax-url="/cart/updateCart">
                <div class="wrapper-add-to-cart-btn">
                    <div class="module-add-to-cart-button-small">
                        <button type="button" class="btn btn-secondary btn-add-to-cart " data-auid="add-to-cart-button" data-has-pts-badge="false" aria-label="Add Potato Chips, Taco to cart">
                            <span class="icon-cart"></span>
                            <span class="add-to-cart-text">
											Add</span>
                        </button>
                        <button type="button" class="btn btn-secondary btn-edit-cart hidden " aria-label="Edit Cart">
                            <span class="qty-in-cart"></span>
                            <span class="edit-cart-text">
											<spring code="product.edit.text" />"
										</span>
                        </button>
                        <div class="add-list-parent add-list-module  bottom-add-list-module ">
                            <button class="btn btn-inline-link btn-save-to-list  dark is-btn-animated" data-login-url="/account/login?productCode=21109258_EA" data-ajax-url="/restful/lists/all?productCode=21109258_EA" data-user-guest="Y" data-user-guest="Y" data-product-code="21109258_EA" data-delete-item="false" aria-label="Add Potato Chips, Taco to a List">
                                <span class="glyphicon glyphicon-th-list"></span>
                                <div class="list-cta-text  is-btn-animated">Add to List</div>
                            </button>

                            <!-- this is the list HTML   -->
                            <div class="save-to-list-popup  is-btn-animated animation-up dark" data-save-to-list-error="Can not get lists at this time. Please try again later." data-product-name="Potato Chips, Taco">
                                <div class="inner-container">
                                </div>

                            </div>
                        </div>

                    </div>
                </div>
            </div>

            <div class="module-plus-minus-buttons small hidden ">
                <button type="button" class="btn cart-change-qty" data-change-type="minus" data-auid="decrease-product-quantity" alt="Minus" aria-label="Minus">
                    <span class="icon-minimize"></span>
                </button>
                <div class="plus-minus-input-wrapper">
                    <input class="input-qty cart-change-qty" aria-label="Enter manual quantity" type="text" name="qty" title="Change quantity in cart" data-unit-type="ea" value="1ea" data-change-type="equals" maxlength="7">

                    <span class="input-qty-pretty">
							<span class="input-qty-pretty-value">1</span>
                    <span class="input-qty-pretty-unit"></span>
                    </span>
                </div>

                <button type="button" class="btn cart-change-qty" data-change-type="plus" data-auid="increase-product-quantity" alt="Plus" aria-label="Plus">
                    <span class="icon-plus-sign"></span>
                </button>

                <p class="deal-limit-reached hidden">Deal Limit Reached</p>

                <div class="tooltip-qty-error tooltip-qty-limit hidden">
                    <p>
                        Limit to &nbsp; 999 &nbsp;each&nbsp; per customer.</p>
                </div>
                <div class="tooltip-qty-error tooltip-round-error hidden">
                    <p>
                        We do not have this in the weight you wanted. We've rounded your order to the nearest weight increment we stock.</p>
                </div>
            </div>
        </form>

        <!-- End Template: AddToCartSmall -->

    </div>
</div>
<div class="item">

    <div class="module-grocery-product quickview-simple  clicked" data-quickview-ajax-url="/p/20301951006_EA/quickViewProduct" data-product-id="20301951006_EA" data-product-price="$3.97">

        <span class="subtitle"></span>

        <div class="product-page-hotspot">
            <div class="product-cell quickview-button">
                <div class="product-image ">

                    <img src="https://assets.shop.loblaws.ca/products/20301951006/b1/en/front/20301951006_front_a01.png" onerror="this.src='https://assets.shop.loblaws.ca/products/NoImage/b1/en/front/NoImage_front_a01_@2.png';" alt="Kettle Cooked Potato Chips, Sweet Chili & Sour Cream" />

                    <div class="hover-text-container">
                        <button href="#" tabindex="0" class="hover-text " aria-label="Quick View for Kettle Cooked Potato Chips, Sweet Chili & Sour Cream.">Quick View</button>
                    </div>
                </div>
            </div>

            <div class="product-in-cart">
                <div class="wrapper-product-in-cart">
                    <span>
	  			    In Cart
	  		    </span>
                </div>
            </div>

            <div class="product-info">
                <div class="product-name-wrapper">
                    <a href="/Food/Pantry/Chips-%26-Salty-Snacks/Potato-Chips/Kettle-Cooked-Potato-Chips%2C-Sweet-Chili-%26-Sour-Cream/p/20301951006_EA" class="product-name" aria-label="Product page for Kettle Cooked Potato Chips, Sweet Chili & Sour Cream">
                        <span class="js-product-entry-brand">Miss Vickies&nbsp;</span>

                        <span class="js-product-entry-name">Kettle Cooked Potato Chips, Sweet Chili & Sour Cream</span>

                        <span class="js-product-entry-size-detail">(220 g)</span>

                    </a>
                </div>

                <span class="ad-match-badge  hidden">Ad Match</span>

                <div class="price">
                    <div class="price-wrapper no-discount  ">
                        <span class="reg-price  " aria-label="Regular Price: $3.97">
					    <span class="reg-price-text">$3.97</span>

                        <sup class="reg-price-unit">ea</sup>
                        </span>
                        <span class="sale-price hidden" aria-label="Sale Price:">
					    <span class="sale-price-text"></span>
                        <sup class="sale-price-unit">ea</sup>
                        </span>

                        <span class="secondary-price hidden">

					    <span class="secondary-price-text" aria-label="Secondary Price:"></span>
                        </span>
                    </div>
                </div>

                <div class="qty">
                    <span class="reg-qty  ">

		  		<span class="sr-only">Sale Price Per Unit:</span> $1.80 / 100 g

                    </span>

                    <span class="sale-qty hidden">

		  		<span class="sr-only">Sale Price Per Unit:</span> $1.80 / 100 g

                    </span>

                    <span class="secondary-qty hidden">

	  	<span class="secondary-qty-text"></span>
                    </span>
                </div>
            </div>

        </div>
        <form class="form-product  quickview-btn-simple" data-product-id="20301951006_EA" data-min-qty="1.0" data-max-qty="999.0" data-unit-type="ea" data-cart-qty="1" data-default-qty="1" novalidate="novalidate" promoCode="" promoNumber="" data-is-customized="false" data-cart-url="/cart/product/20301951006_EA" data-csrf-token="5582ec01-90c0-448b-b4f7-e2cf68d9f8a0" data-is-weighted-product="false">

            <div class="module-add-to-cart " data-change-type="plus" data-auto-edit="true" data-auto-add="true" data-cart-ajax-url="/cart/updateCart">
                <div class="wrapper-add-to-cart-btn">
                    <div class="module-add-to-cart-button-small">
                        <button type="button" class="btn btn-secondary btn-add-to-cart " data-auid="add-to-cart-button" data-has-pts-badge="false" aria-label="Add Kettle Cooked Potato Chips, Sweet Chili & Sour Cream to cart">
                            <span class="icon-cart"></span>
                            <span class="add-to-cart-text">
											Add</span>
                        </button>
                        <button type="button" class="btn btn-secondary btn-edit-cart hidden " aria-label="Edit Cart">
                            <span class="qty-in-cart"></span>
                            <span class="edit-cart-text">
											<spring code="product.edit.text" />"
										</span>
                        </button>
                        <div class="add-list-parent add-list-module  bottom-add-list-module ">
                            <button class="btn btn-inline-link btn-save-to-list  dark is-btn-animated" data-login-url="/account/login?productCode=20301951006_EA" data-ajax-url="/restful/lists/all?productCode=20301951006_EA" data-user-guest="Y" data-user-guest="Y" data-product-code="20301951006_EA" data-delete-item="false" aria-label="Add Kettle Cooked Potato Chips, Sweet Chili & Sour Cream to a List">
                                <span class="glyphicon glyphicon-th-list"></span>
                                <div class="list-cta-text  is-btn-animated">Add to List</div>
                            </button>

                            <!-- this is the list HTML   -->
                            <div class="save-to-list-popup  is-btn-animated animation-up dark" data-save-to-list-error="Can not get lists at this time. Please try again later." data-product-name="Kettle Cooked Potato Chips, Sweet Chili & Sour Cream">
                                <div class="inner-container">
                                </div>

                            </div>
                        </div>

                    </div>
                </div>
            </div>

            <div class="module-plus-minus-buttons small hidden ">
                <button type="button" class="btn cart-change-qty" data-change-type="minus" data-auid="decrease-product-quantity" alt="Minus" aria-label="Minus">
                    <span class="icon-minimize"></span>
                </button>
                <div class="plus-minus-input-wrapper">
                    <input class="input-qty cart-change-qty" aria-label="Enter manual quantity" type="text" name="qty" title="Change quantity in cart" data-unit-type="ea" value="1ea" data-change-type="equals" maxlength="7">

                    <span class="input-qty-pretty">
							<span class="input-qty-pretty-value">1</span>
                    <span class="input-qty-pretty-unit"></span>
                    </span>
                </div>

                <button type="button" class="btn cart-change-qty" data-change-type="plus" data-auid="increase-product-quantity" alt="Plus" aria-label="Plus">
                    <span class="icon-plus-sign"></span>
                </button>

                <p class="deal-limit-reached hidden">Deal Limit Reached</p>

                <div class="tooltip-qty-error tooltip-qty-limit hidden">
                    <p>
                        Limit to &nbsp; 999 &nbsp;each&nbsp; per customer.</p>
                </div>
                <div class="tooltip-qty-error tooltip-round-error hidden">
                    <p>
                        We do not have this in the weight you wanted. We've rounded your order to the nearest weight increment we stock.</p>
                </div>
            </div>
        </form>

        <!-- End Template: AddToCartSmall -->

    </div>
</div>
<div class="item">

    <div class="module-grocery-product quickview-simple  clicked" data-quickview-ajax-url="/p/21003833_EA/quickViewProduct" data-product-id="21003833_EA" data-product-price="$1.88">

        <span class="subtitle"></span>

        <div class="product-page-hotspot">
            <div class="product-cell quickview-button">
                <div class="product-image ">

                    <img src="https://assets.shop.loblaws.ca/products/21003833/b1/en/front/21003833_front_a01.png" onerror="this.src='https://assets.shop.loblaws.ca/products/NoImage/b1/en/front/NoImage_front_a01_@2.png';" alt="Original Potato Chips" />

                    <span class="sticker deal">
	  				        <span class="deal-badge">

	  				            <span class="module-deal-badge module-deal-badge-grid simple-save-unit "
	  						        data-deal-type="$1.88 LIMIT 4"
	  						        data-ajax-promo-url="/simpleDeal/deals/product-tile?productCode=21003833_EA"
	  						        data-deal-id="21003833_EA">
	  						        <span class="deal-type">$1.88 LIMIT 4</span>

                    <span class="deal-expiry">
		Exp. 12/27
	</span>

                    </span>
                    </span>
                    </span>

                    <div class="hover-text-container">
                        <button href="#" tabindex="0" class="hover-text " aria-label="Quick View for Original Potato Chips.">Quick View</button>
                    </div>
                </div>
            </div>

            <div class="product-in-cart">
                <div class="wrapper-product-in-cart">
                    <span>
	  			    In Cart
	  		    </span>
                </div>
            </div>

            <div class="product-info">
                <div class="product-name-wrapper">
                    <a href="/Food/Pantry/Chips-%26-Salty-Snacks/Potato-Chips/Pringles-Original-Potato-Chips/p/21003833_EA" class="product-name" aria-label="Product page for Original Potato Chips">
                        <span class="js-product-entry-brand">Pringles&nbsp;</span>

                        <span class="js-product-entry-name">Original Potato Chips</span>

                        <span class="js-product-entry-size-detail">(148 g)</span>

                    </a>
                </div>

                <span class="ad-match-badge  hidden">Ad Match</span>

                <div class="price">
                    <div class="price-wrapper no-discount promo-alert ">
                        <span class="reg-price  price-alert" aria-label="Regular Price: $1.88">
					    <span class="reg-price-text">$1.88</span>

                        <sup class="reg-price-unit">ea</sup>
                        </span>
                        <span class="sale-price hidden" aria-label="Sale Price:">
					    <span class="sale-price-text"></span>
                        <sup class="sale-price-unit">ea</sup>
                        </span>

                        <span class="secondary-price hidden">

					    <span class="secondary-price-text" aria-label="Secondary Price:"></span>
                        </span>
                    </div>
                </div>

                <div class="qty">
                    <span class="reg-qty  price-alert">

		  		<span class="sr-only">Sale Price Per Unit:</span> $1.27 / 100 g

                    </span>

                    <span class="sale-qty hidden">

		  		<span class="sr-only">Sale Price Per Unit:</span> $1.27 / 100 g

                    </span>

                    <span class="secondary-qty hidden">

	  	<span class="secondary-qty-text"></span>
                    </span>
                </div>
            </div>

        </div>
        <form class="form-product  quickview-btn-simple" data-product-id="21003833_EA" data-min-qty="1.0" data-max-qty="999.0" data-unit-type="ea" data-cart-qty="1" data-default-qty="1" novalidate="novalidate" promoCode="" promoNumber="" data-is-customized="false" data-cart-url="/cart/product/21003833_EA" data-csrf-token="5582ec01-90c0-448b-b4f7-e2cf68d9f8a0" data-is-weighted-product="false">

            <div class="module-add-to-cart " data-change-type="plus" data-auto-edit="true" data-auto-add="true" data-cart-ajax-url="/cart/updateCart">
                <div class="wrapper-add-to-cart-btn">
                    <div class="module-add-to-cart-button-small">
                        <button type="button" class="btn btn-secondary btn-add-to-cart " data-auid="add-to-cart-button" data-has-pts-badge="false" aria-label="Add Original Potato Chips to cart">
                            <span class="icon-cart"></span>
                            <span class="add-to-cart-text">
											Add</span>
                        </button>
                        <button type="button" class="btn btn-secondary btn-edit-cart hidden " aria-label="Edit Cart">
                            <span class="qty-in-cart"></span>
                            <span class="edit-cart-text">
											<spring code="product.edit.text" />"
										</span>
                        </button>
                        <div class="add-list-parent add-list-module  bottom-add-list-module ">
                            <button class="btn btn-inline-link btn-save-to-list  dark is-btn-animated" data-login-url="/account/login?productCode=21003833_EA" data-ajax-url="/restful/lists/all?productCode=21003833_EA" data-user-guest="Y" data-user-guest="Y" data-product-code="21003833_EA" data-delete-item="false" aria-label="Add Original Potato Chips to a List">
                                <span class="glyphicon glyphicon-th-list"></span>
                                <div class="list-cta-text  is-btn-animated">Add to List</div>
                            </button>

                            <!-- this is the list HTML   -->
                            <div class="save-to-list-popup  is-btn-animated animation-up dark" data-save-to-list-error="Can not get lists at this time. Please try again later." data-product-name="Original Potato Chips">
                                <div class="inner-container">
                                </div>

                            </div>
                        </div>

                    </div>
                </div>
            </div>

            <div class="module-plus-minus-buttons small hidden ">
                <button type="button" class="btn cart-change-qty" data-change-type="minus" data-auid="decrease-product-quantity" alt="Minus" aria-label="Minus">
                    <span class="icon-minimize"></span>
                </button>
                <div class="plus-minus-input-wrapper">
                    <input class="input-qty cart-change-qty" aria-label="Enter manual quantity" type="text" name="qty" title="Change quantity in cart" data-unit-type="ea" value="1ea" data-change-type="equals" maxlength="7">

                    <span class="input-qty-pretty">
							<span class="input-qty-pretty-value">1</span>
                    <span class="input-qty-pretty-unit"></span>
                    </span>
                </div>

                <button type="button" class="btn cart-change-qty" data-change-type="plus" data-auid="increase-product-quantity" alt="Plus" aria-label="Plus">
                    <span class="icon-plus-sign"></span>
                </button>

                <p class="deal-limit-reached hidden">Deal Limit Reached</p>

                <div class="tooltip-qty-error tooltip-qty-limit hidden">
                    <p>
                        Limit to &nbsp; 999 &nbsp;each&nbsp; per customer.</p>
                </div>
                <div class="tooltip-qty-error tooltip-round-error hidden">
                    <p>
                        We do not have this in the weight you wanted. We've rounded your order to the nearest weight increment we stock.</p>
                </div>
            </div>
        </form>

        <!-- End Template: AddToCartSmall -->

    </div>
</div>
<div class="item">

    <div class="module-grocery-product quickview-simple  clicked" data-quickview-ajax-url="/p/20840911002_EA/quickViewProduct" data-product-id="20840911002_EA" data-product-price="$1.68">

        <span class="subtitle">New</span>

        <div class="product-page-hotspot">
            <div class="product-cell quickview-button">
                <div class="product-image ">

                    <img src="https://assets.shop.loblaws.ca/products/20840911002/b1/en/front/20840911002_front_a01.png" onerror="this.src='https://assets.shop.loblaws.ca/products/NoImage/b1/en/front/NoImage_front_a01_@2.png';" alt="Loads Of Sour Cream & Onion Rippled Potato Chips" />

                    <span class="sticker deal">
	  				        <span class="deal-badge">

	  				            <span class="module-deal-badge module-deal-badge-grid simple-save-unit "
	  						        data-deal-type="SAVE $0.20"
	  						        data-ajax-promo-url="/simpleDeal/deals/product-tile?productCode=20840911002_EA"
	  						        data-deal-id="20840911002_EA">
	  						        <span class="deal-type">SAVE $0.20</span>

                    <span class="deal-expiry">
		Exp. 01/03
	</span>

                    </span>
                    </span>
                    </span>

                    <div class="hover-text-container">
                        <button href="#" tabindex="0" class="hover-text " aria-label="Quick View for Loads Of Sour Cream & Onion Rippled Potato Chips.">Quick View</button>
                    </div>
                </div>
            </div>

            <div class="product-in-cart">
                <div class="wrapper-product-in-cart">
                    <span>
	  			    In Cart
	  		    </span>
                </div>
            </div>

            <div class="product-info">
                <div class="product-name-wrapper">
                    <a href="/Food/Pantry/Chips-%26-Salty-Snacks/Potato-Chips/President%27s-Choice-Loads-Of-Sour-Cream-%26-Onion-Rippled-Potato-Chips/p/20840911002_EA" class="product-name" aria-label="Product page for Loads Of Sour Cream & Onion Rippled Potato Chips">
                        <span class="js-product-entry-brand">President's Choice&nbsp;</span>

                        <span class="js-product-entry-name">Loads Of Sour Cream & Onion Rippled Potato Chips</span>

                        <span class="js-product-entry-size-detail">(200 g)</span>

                    </a>
                </div>

                <span class="ad-match-badge  hidden">Ad Match</span>

                <div class="price">
                    <div class="price-wrapper discount promo-alert ">
                        <span class="reg-price  price-alert" aria-label="Regular Price: $1.68">
					    <span class="reg-price-text">$1.68</span>

                        <sup class="reg-price-unit">ea</sup>
                        </span>
                        <span class="sale-price hidden" aria-label="Sale Price:">
					    <span class="sale-price-text"></span>
                        <sup class="sale-price-unit">ea</sup>
                        </span>

                        <span class="old-price" aria-label="Original Price: $1.88">
						    <span class="old-price-text">$1.88</span>
                        </span>

                        <span class="secondary-price hidden">

					    <span class="secondary-price-text" aria-label="Secondary Price:"></span>
                        </span>
                    </div>
                </div>

                <div class="qty">
                    <span class="reg-qty  price-alert">

		  		<span class="sr-only">Sale Price Per Unit:</span> $0.84 / 100 g

                    </span>

                    <span class="sale-qty hidden">

		  		<span class="sr-only">Sale Price Per Unit:</span> $0.84 / 100 g

                    </span>

                    <span class="secondary-qty hidden">

	  	<span class="secondary-qty-text"></span>
                    </span>
                </div>
            </div>

        </div>
        <form class="form-product  quickview-btn-simple" data-product-id="20840911002_EA" data-min-qty="1.0" data-max-qty="999.0" data-unit-type="ea" data-cart-qty="1" data-default-qty="1" novalidate="novalidate" promoCode="" promoNumber="" data-is-customized="false" data-cart-url="/cart/product/20840911002_EA" data-csrf-token="5582ec01-90c0-448b-b4f7-e2cf68d9f8a0" data-is-weighted-product="false">

            <div class="module-add-to-cart " data-change-type="plus" data-auto-edit="true" data-auto-add="true" data-cart-ajax-url="/cart/updateCart">
                <div class="wrapper-add-to-cart-btn">
                    <div class="module-add-to-cart-button-small">
                        <button type="button" class="btn btn-secondary btn-add-to-cart " data-auid="add-to-cart-button" data-has-pts-badge="false" aria-label="Add Loads Of Sour Cream & Onion Rippled Potato Chips to cart">
                            <span class="icon-cart"></span>
                            <span class="add-to-cart-text">
											Add</span>
                        </button>
                        <button type="button" class="btn btn-secondary btn-edit-cart hidden " aria-label="Edit Cart">
                            <span class="qty-in-cart"></span>
                            <span class="edit-cart-text">
											<spring code="product.edit.text" />"
										</span>
                        </button>
                        <div class="add-list-parent add-list-module  bottom-add-list-module ">
                            <button class="btn btn-inline-link btn-save-to-list  dark is-btn-animated" data-login-url="/account/login?productCode=20840911002_EA" data-ajax-url="/restful/lists/all?productCode=20840911002_EA" data-user-guest="Y" data-user-guest="Y" data-product-code="20840911002_EA" data-delete-item="false" aria-label="Add Loads Of Sour Cream & Onion Rippled Potato Chips to a List">
                                <span class="glyphicon glyphicon-th-list"></span>
                                <div class="list-cta-text  is-btn-animated">Add to List</div>
                            </button>

                            <!-- this is the list HTML   -->
                            <div class="save-to-list-popup  is-btn-animated animation-up dark" data-save-to-list-error="Can not get lists at this time. Please try again later." data-product-name="Loads Of Sour Cream & Onion Rippled Potato Chips">
                                <div class="inner-container">
                                </div>

                            </div>
                        </div>

                    </div>
                </div>
            </div>

            <div class="module-plus-minus-buttons small hidden ">
                <button type="button" class="btn cart-change-qty" data-change-type="minus" data-auid="decrease-product-quantity" alt="Minus" aria-label="Minus">
                    <span class="icon-minimize"></span>
                </button>
                <div class="plus-minus-input-wrapper">
                    <input class="input-qty cart-change-qty" aria-label="Enter manual quantity" type="text" name="qty" title="Change quantity in cart" data-unit-type="ea" value="1ea" data-change-type="equals" maxlength="7">

                    <span class="input-qty-pretty">
							<span class="input-qty-pretty-value">1</span>
                    <span class="input-qty-pretty-unit"></span>
                    </span>
                </div>

                <button type="button" class="btn cart-change-qty" data-change-type="plus" data-auid="increase-product-quantity" alt="Plus" aria-label="Plus">
                    <span class="icon-plus-sign"></span>
                </button>

                <p class="deal-limit-reached hidden">Deal Limit Reached</p>

                <div class="tooltip-qty-error tooltip-qty-limit hidden">
                    <p>
                        Limit to &nbsp; 999 &nbsp;each&nbsp; per customer.</p>
                </div>
                <div class="tooltip-qty-error tooltip-round-error hidden">
                    <p>
                        We do not have this in the weight you wanted. We've rounded your order to the nearest weight increment we stock.</p>
                </div>
            </div>
        </form>

        <!-- End Template: AddToCartSmall -->

    </div>
</div>
<div class="item">

    <div class="module-grocery-product quickview-simple  clicked" data-quickview-ajax-url="/p/21062320_EA/quickViewProduct" data-product-id="21062320_EA" data-product-price="$2.47">

        <span class="subtitle"></span>

        <div class="product-page-hotspot">
            <div class="product-cell quickview-button">
                <div class="product-image ">

                    <img src="https://assets.shop.loblaws.ca/products/21062320/b1/en/front/21062320_front_a01.png" onerror="this.src='https://assets.shop.loblaws.ca/products/NoImage/b1/en/front/NoImage_front_a01_@2.png';" alt="BLT Chips" />

                    <span class="sticker deal">
	  				    <span class="deal-badge">
	  					    <span class="module-deal-badge module-deal-badge-feature flyer expires undefined">
	  						    <span class="deal-type">
								    Flyer<br />
	  							    Item
	  						    </span>

                    <span class="deal-expiry">
		Exp. 12/19
	</span>

                    </span>
                    </span>
                    </span>

                    <div class="hover-text-container">
                        <button href="#" tabindex="0" class="hover-text " aria-label="Quick View for BLT Chips.">Quick View</button>
                    </div>
                </div>
            </div>

            <div class="product-in-cart">
                <div class="wrapper-product-in-cart">
                    <span>
	  			    In Cart
	  		    </span>
                </div>
            </div>

            <div class="product-info">
                <div class="product-name-wrapper">
                    <a href="/Food/Pantry/Chips-%26-Salty-Snacks/Potato-Chips/Lay%27s-BLT-Chips/p/21062320_EA" class="product-name" aria-label="Product page for BLT Chips">
                        <span class="js-product-entry-brand">Lay's&nbsp;</span>

                        <span class="js-product-entry-name">BLT Chips</span>

                        <span class="js-product-entry-size-detail">(255 g)</span>

                    </a>
                </div>

                <span class="ad-match-badge  hidden">Ad Match</span>

                <div class="price">
                    <div class="price-wrapper no-discount  ">
                        <span class="reg-price  " aria-label="Regular Price: $2.47">
					    <span class="reg-price-text">$2.47</span>

                        <sup class="reg-price-unit">ea</sup>
                        </span>
                        <span class="sale-price hidden" aria-label="Sale Price:">
					    <span class="sale-price-text"></span>
                        <sup class="sale-price-unit">ea</sup>
                        </span>

                        <span class="secondary-price hidden">

					    <span class="secondary-price-text" aria-label="Secondary Price:"></span>
                        </span>
                    </div>
                </div>

                <div class="qty">
                    <span class="reg-qty  ">

		  		<span class="sr-only">Sale Price Per Unit:</span> $0.97 / 100 g

                    </span>

                    <span class="sale-qty hidden">

		  		<span class="sr-only">Sale Price Per Unit:</span> $0.97 / 100 g

                    </span>

                    <span class="secondary-qty hidden">

	  	<span class="secondary-qty-text"></span>
                    </span>
                </div>
            </div>

        </div>
        <form class="form-product  quickview-btn-simple" data-product-id="21062320_EA" data-min-qty="1.0" data-max-qty="999.0" data-unit-type="ea" data-cart-qty="1" data-default-qty="1" novalidate="novalidate" promoCode="" promoNumber="" data-is-customized="false" data-cart-url="/cart/product/21062320_EA" data-csrf-token="5582ec01-90c0-448b-b4f7-e2cf68d9f8a0" data-is-weighted-product="false">

            <div class="module-add-to-cart " data-change-type="plus" data-auto-edit="true" data-auto-add="true" data-cart-ajax-url="/cart/updateCart">
                <div class="wrapper-add-to-cart-btn">
                    <div class="module-add-to-cart-button-small">
                        <button type="button" class="btn btn-secondary btn-add-to-cart " data-auid="add-to-cart-button" data-has-pts-badge="false" aria-label="Add BLT Chips to cart">
                            <span class="icon-cart"></span>
                            <span class="add-to-cart-text">
											Add</span>
                        </button>
                        <button type="button" class="btn btn-secondary btn-edit-cart hidden " aria-label="Edit Cart">
                            <span class="qty-in-cart"></span>
                            <span class="edit-cart-text">
											<spring code="product.edit.text" />"
										</span>
                        </button>
                        <div class="add-list-parent add-list-module  bottom-add-list-module ">
                            <button class="btn btn-inline-link btn-save-to-list  dark is-btn-animated" data-login-url="/account/login?productCode=21062320_EA" data-ajax-url="/restful/lists/all?productCode=21062320_EA" data-user-guest="Y" data-user-guest="Y" data-product-code="21062320_EA" data-delete-item="false" aria-label="Add BLT Chips to a List">
                                <span class="glyphicon glyphicon-th-list"></span>
                                <div class="list-cta-text  is-btn-animated">Add to List</div>
                            </button>

                            <!-- this is the list HTML   -->
                            <div class="save-to-list-popup  is-btn-animated animation-up dark" data-save-to-list-error="Can not get lists at this time. Please try again later." data-product-name="BLT Chips">
                                <div class="inner-container">
                                </div>

                            </div>
                        </div>

                    </div>
                </div>
            </div>

            <div class="module-plus-minus-buttons small hidden ">
                <button type="button" class="btn cart-change-qty" data-change-type="minus" data-auid="decrease-product-quantity" alt="Minus" aria-label="Minus">
                    <span class="icon-minimize"></span>
                </button>
                <div class="plus-minus-input-wrapper">
                    <input class="input-qty cart-change-qty" aria-label="Enter manual quantity" type="text" name="qty" title="Change quantity in cart" data-unit-type="ea" value="1ea" data-change-type="equals" maxlength="7">

                    <span class="input-qty-pretty">
							<span class="input-qty-pretty-value">1</span>
                    <span class="input-qty-pretty-unit"></span>
                    </span>
                </div>

                <button type="button" class="btn cart-change-qty" data-change-type="plus" data-auid="increase-product-quantity" alt="Plus" aria-label="Plus">
                    <span class="icon-plus-sign"></span>
                </button>

                <p class="deal-limit-reached hidden">Deal Limit Reached</p>

                <div class="tooltip-qty-error tooltip-qty-limit hidden">
                    <p>
                        Limit to &nbsp; 999 &nbsp;each&nbsp; per customer.</p>
                </div>
                <div class="tooltip-qty-error tooltip-round-error hidden">
                    <p>
                        We do not have this in the weight you wanted. We've rounded your order to the nearest weight increment we stock.</p>
                </div>
            </div>
        </form>

        <!-- End Template: AddToCartSmall -->

    </div>
</div>
<div class="item">

    <div class="module-grocery-product quickview-simple  clicked" data-quickview-ajax-url="/p/21050580_EA/quickViewProduct" data-product-id="21050580_EA" data-product-price="$2.97">

        <span class="subtitle"></span>

        <div class="product-page-hotspot">
            <div class="product-cell quickview-button">
                <div class="product-image ">

                    <img src="https://assets.shop.loblaws.ca/products/21050580/b1/en/front/21050580_front_a01.png" onerror="this.src='https://assets.shop.loblaws.ca/products/NoImage/b1/en/front/NoImage_front_a01_@2.png';" alt="Tortilla Chips, Low Sodium" />

                    <span class="sticker deal">
	  				        <span class="deal-badge">

	  				            <span class="module-deal-badge module-deal-badge-grid simple-save-unit "
	  						        data-deal-type="2 FOR $5.00"
	  						        data-ajax-promo-url="/simpleDeal/deals/product-tile?productCode=21050580_EA"
	  						        data-deal-id="21050580_EA">
	  						        <span class="deal-type">2 FOR $5.00</span>

                    <span class="deal-expiry">
		Exp. 12/19
	</span>

                    </span>
                    </span>
                    </span>

                    <div class="hover-text-container">
                        <button href="#" tabindex="0" class="hover-text " aria-label="Quick View for Tortilla Chips, Low Sodium.">Quick View</button>
                    </div>
                </div>
            </div>

            <div class="product-in-cart">
                <div class="wrapper-product-in-cart">
                    <span>
	  			    In Cart
	  		    </span>
                </div>
            </div>

            <div class="product-info">
                <div class="product-name-wrapper">
                    <a href="/Food/Pantry/Chips-%26-Salty-Snacks/Tortilla-Chips/Tostitos-Tortilla-Chips%2C-Low-Sodium/p/21050580_EA" class="product-name" aria-label="Product page for Tortilla Chips, Low Sodium">
                        <span class="js-product-entry-brand">Tostitos&nbsp;</span>

                        <span class="js-product-entry-name">Tortilla Chips, Low Sodium</span>

                        <span class="js-product-entry-size-detail">(295 g)</span>

                    </a>
                </div>

                <span class="ad-match-badge  hidden">Ad Match</span>

                <div class="price">
                    <div class="price-wrapper no-discount  ">
                        <span class="reg-price  " aria-label="Regular Price: $2.97">
					    <span class="reg-price-text">$2.97</span>

                        <sup class="reg-price-unit">ea</sup>
                        </span>
                        <span class="sale-price hidden" aria-label="Sale Price:">
					    <span class="sale-price-text"></span>
                        <sup class="sale-price-unit">ea</sup>
                        </span>

                        <span class="secondary-price hidden">

					    <span class="secondary-price-text" aria-label="Secondary Price:"></span>
                        </span>
                    </div>
                </div>

                <div class="qty">
                    <span class="reg-qty  ">

		  		<span class="sr-only">Sale Price Per Unit:</span> $1.01 / 100 g

                    </span>

                    <span class="sale-qty hidden">

		  		<span class="sr-only">Sale Price Per Unit:</span> $1.01 / 100 g

                    </span>

                    <span class="secondary-qty hidden">

	  	<span class="secondary-qty-text"></span>
                    </span>
                </div>
            </div>

        </div>
        <form class="form-product  quickview-btn-simple" data-product-id="21050580_EA" data-min-qty="1.0" data-max-qty="999.0" data-unit-type="ea" data-cart-qty="1" data-default-qty="1" novalidate="novalidate" promoCode="" promoNumber="" data-is-customized="false" data-cart-url="/cart/product/21050580_EA" data-csrf-token="5582ec01-90c0-448b-b4f7-e2cf68d9f8a0" data-is-weighted-product="false">

            <div class="module-add-to-cart " data-change-type="plus" data-auto-edit="true" data-auto-add="true" data-cart-ajax-url="/cart/updateCart">
                <div class="wrapper-add-to-cart-btn">
                    <div class="module-add-to-cart-button-small">
                        <button type="button" class="btn btn-secondary btn-add-to-cart " data-auid="add-to-cart-button" data-has-pts-badge="false" aria-label="Add Tortilla Chips, Low Sodium to cart">
                            <span class="icon-cart"></span>
                            <span class="add-to-cart-text">
											Add</span>
                        </button>
                        <button type="button" class="btn btn-secondary btn-edit-cart hidden " aria-label="Edit Cart">
                            <span class="qty-in-cart"></span>
                            <span class="edit-cart-text">
											<spring code="product.edit.text" />"
										</span>
                        </button>
                        <div class="add-list-parent add-list-module  bottom-add-list-module ">
                            <button class="btn btn-inline-link btn-save-to-list  dark is-btn-animated" data-login-url="/account/login?productCode=21050580_EA" data-ajax-url="/restful/lists/all?productCode=21050580_EA" data-user-guest="Y" data-user-guest="Y" data-product-code="21050580_EA" data-delete-item="false" aria-label="Add Tortilla Chips, Low Sodium to a List">
                                <span class="glyphicon glyphicon-th-list"></span>
                                <div class="list-cta-text  is-btn-animated">Add to List</div>
                            </button>

                            <!-- this is the list HTML   -->
                            <div class="save-to-list-popup  is-btn-animated animation-up dark" data-save-to-list-error="Can not get lists at this time. Please try again later." data-product-name="Tortilla Chips, Low Sodium">
                                <div class="inner-container">
                                </div>

                            </div>
                        </div>

                    </div>
                </div>
            </div>

            <div class="module-plus-minus-buttons small hidden ">
                <button type="button" class="btn cart-change-qty" data-change-type="minus" data-auid="decrease-product-quantity" alt="Minus" aria-label="Minus">
                    <span class="icon-minimize"></span>
                </button>
                <div class="plus-minus-input-wrapper">
                    <input class="input-qty cart-change-qty" aria-label="Enter manual quantity" type="text" name="qty" title="Change quantity in cart" data-unit-type="ea" value="1ea" data-change-type="equals" maxlength="7">

                    <span class="input-qty-pretty">
							<span class="input-qty-pretty-value">1</span>
                    <span class="input-qty-pretty-unit"></span>
                    </span>
                </div>

                <button type="button" class="btn cart-change-qty" data-change-type="plus" data-auid="increase-product-quantity" alt="Plus" aria-label="Plus">
                    <span class="icon-plus-sign"></span>
                </button>

                <p class="deal-limit-reached hidden">Deal Limit Reached</p>

                <div class="tooltip-qty-error tooltip-qty-limit hidden">
                    <p>
                        Limit to &nbsp; 999 &nbsp;each&nbsp; per customer.</p>
                </div>
                <div class="tooltip-qty-error tooltip-round-error hidden">
                    <p>
                        We do not have this in the weight you wanted. We've rounded your order to the nearest weight increment we stock.</p>
                </div>
            </div>
        </form>

        <!-- End Template: AddToCartSmall -->

    </div>
</div>
<div class="item">

    <div class="module-grocery-product quickview-simple  clicked" data-quickview-ajax-url="/p/20874370_EA/quickViewProduct" data-product-id="20874370_EA" data-product-price="$2.98">

        <span class="subtitle"></span>

        <div class="product-page-hotspot">
            <div class="product-cell quickview-button">
                <div class="product-image ">

                    <img src="https://assets.shop.loblaws.ca/products/20874370/b1/en/front/20874370_front_a01.png" onerror="this.src='https://assets.shop.loblaws.ca/products/NoImage/b1/en/front/NoImage_front_a01_@2.png';" alt="Drop'n Mad Beets" />

                    <span class="sticker deal">
	  				        <span class="deal-badge">

	  				            <span class="module-deal-badge module-deal-badge-grid simple-save-unit "
	  						        data-deal-type="$2.98 LIMIT 4"
	  						        data-ajax-promo-url="/simpleDeal/deals/product-tile?productCode=20874370_EA"
	  						        data-deal-id="20874370_EA">
	  						        <span class="deal-type">$2.98 LIMIT 4</span>

                    <span class="deal-expiry">
		Exp. 12/27
	</span>

                    </span>
                    </span>
                    </span>

                    <div class="hover-text-container">
                        <button href="#" tabindex="0" class="hover-text " aria-label="Quick View for Drop'n Mad Beets.">Quick View</button>
                    </div>
                </div>
            </div>

            <div class="product-in-cart">
                <div class="wrapper-product-in-cart">
                    <span>
	  			    In Cart
	  		    </span>
                </div>
            </div>

            <div class="product-info">
                <div class="product-name-wrapper">
                    <a href="/Food/Pantry/Chips-%26-Salty-Snacks/Potato-Chips/Hardbite-Drop%27n-Mad-Beets/p/20874370_EA" class="product-name" aria-label="Product page for Drop'n Mad Beets">

                        <span class="js-product-entry-name">Drop'n Mad Beets</span>

                        <span class="js-product-entry-size-detail">(150 g)</span>

                    </a>
                </div>

                <span class="ad-match-badge  hidden">Ad Match</span>

                <div class="price">
                    <div class="price-wrapper no-discount promo-alert ">
                        <span class="reg-price  price-alert" aria-label="Regular Price: $2.98">
					    <span class="reg-price-text">$2.98</span>

                        <sup class="reg-price-unit">ea</sup>
                        </span>
                        <span class="sale-price hidden" aria-label="Sale Price:">
					    <span class="sale-price-text"></span>
                        <sup class="sale-price-unit">ea</sup>
                        </span>

                        <span class="secondary-price hidden">

					    <span class="secondary-price-text" aria-label="Secondary Price:"></span>
                        </span>
                    </div>
                </div>

                <div class="qty">
                    <span class="reg-qty  price-alert">

		  		<span class="sr-only">Sale Price Per Unit:</span> $1.99 / 100 g

                    </span>

                    <span class="sale-qty hidden">

		  		<span class="sr-only">Sale Price Per Unit:</span> $1.99 / 100 g

                    </span>

                    <span class="secondary-qty hidden">

	  	<span class="secondary-qty-text"></span>
                    </span>
                </div>
            </div>

        </div>
        <form class="form-product  quickview-btn-simple" data-product-id="20874370_EA" data-min-qty="1.0" data-max-qty="999.0" data-unit-type="ea" data-cart-qty="1" data-default-qty="1" novalidate="novalidate" promoCode="" promoNumber="" data-is-customized="false" data-cart-url="/cart/product/20874370_EA" data-csrf-token="5582ec01-90c0-448b-b4f7-e2cf68d9f8a0" data-is-weighted-product="false">

            <div class="module-add-to-cart " data-change-type="plus" data-auto-edit="true" data-auto-add="true" data-cart-ajax-url="/cart/updateCart">
                <div class="wrapper-add-to-cart-btn">
                    <div class="module-add-to-cart-button-small">
                        <button type="button" class="btn btn-secondary btn-add-to-cart " data-auid="add-to-cart-button" data-has-pts-badge="false" aria-label="Add Drop'n Mad Beets to cart">
                            <span class="icon-cart"></span>
                            <span class="add-to-cart-text">
											Add</span>
                        </button>
                        <button type="button" class="btn btn-secondary btn-edit-cart hidden " aria-label="Edit Cart">
                            <span class="qty-in-cart"></span>
                            <span class="edit-cart-text">
											<spring code="product.edit.text" />"
										</span>
                        </button>
                        <div class="add-list-parent add-list-module  bottom-add-list-module ">
                            <button class="btn btn-inline-link btn-save-to-list  dark is-btn-animated" data-login-url="/account/login?productCode=20874370_EA" data-ajax-url="/restful/lists/all?productCode=20874370_EA" data-user-guest="Y" data-user-guest="Y" data-product-code="20874370_EA" data-delete-item="false" aria-label="Add Drop'n Mad Beets to a List">
                                <span class="glyphicon glyphicon-th-list"></span>
                                <div class="list-cta-text  is-btn-animated">Add to List</div>
                            </button>

                            <!-- this is the list HTML   -->
                            <div class="save-to-list-popup  is-btn-animated animation-up dark" data-save-to-list-error="Can not get lists at this time. Please try again later." data-product-name="Drop'n Mad Beets">
                                <div class="inner-container">
                                </div>

                            </div>
                        </div>

                    </div>
                </div>
            </div>

            <div class="module-plus-minus-buttons small hidden ">
                <button type="button" class="btn cart-change-qty" data-change-type="minus" data-auid="decrease-product-quantity" alt="Minus" aria-label="Minus">
                    <span class="icon-minimize"></span>
                </button>
                <div class="plus-minus-input-wrapper">
                    <input class="input-qty cart-change-qty" aria-label="Enter manual quantity" type="text" name="qty" title="Change quantity in cart" data-unit-type="ea" value="1ea" data-change-type="equals" maxlength="7">

                    <span class="input-qty-pretty">
							<span class="input-qty-pretty-value">1</span>
                    <span class="input-qty-pretty-unit"></span>
                    </span>
                </div>

                <button type="button" class="btn cart-change-qty" data-change-type="plus" data-auid="increase-product-quantity" alt="Plus" aria-label="Plus">
                    <span class="icon-plus-sign"></span>
                </button>

                <p class="deal-limit-reached hidden">Deal Limit Reached</p>

                <div class="tooltip-qty-error tooltip-qty-limit hidden">
                    <p>
                        Limit to &nbsp; 999 &nbsp;each&nbsp; per customer.</p>
                </div>
                <div class="tooltip-qty-error tooltip-round-error hidden">
                    <p>
                        We do not have this in the weight you wanted. We've rounded your order to the nearest weight increment we stock.</p>
                </div>
            </div>
        </form>

        <!-- End Template: AddToCartSmall -->

    </div>
</div>
<div class="item">

    <div class="module-grocery-product quickview-simple  clicked" data-quickview-ajax-url="/p/20871728_EA/quickViewProduct" data-product-id="20871728_EA" data-product-price="$2.98">

        <span class="subtitle"></span>

        <div class="product-page-hotspot">
            <div class="product-cell quickview-button">
                <div class="product-image ">

                    <img src="https://assets.shop.loblaws.ca/products/20871728/b1/en/front/20871728_front_a01.png" onerror="this.src='https://assets.shop.loblaws.ca/products/NoImage/b1/en/front/NoImage_front_a01_@2.png';" alt="Parsnip Chips, Lightly Salted" />

                    <span class="sticker deal">
	  				        <span class="deal-badge">

	  				            <span class="module-deal-badge module-deal-badge-grid simple-save-unit "
	  						        data-deal-type="$2.98 LIMIT 4"
	  						        data-ajax-promo-url="/simpleDeal/deals/product-tile?productCode=20871728_EA"
	  						        data-deal-id="20871728_EA">
	  						        <span class="deal-type">$2.98 LIMIT 4</span>

                    <span class="deal-expiry">
		Exp. 12/27
	</span>

                    </span>
                    </span>
                    </span>

                    <div class="hover-text-container">
                        <button href="#" tabindex="0" class="hover-text " aria-label="Quick View for Parsnip Chips, Lightly Salted.">Quick View</button>
                    </div>
                </div>
            </div>

            <div class="product-in-cart">
                <div class="wrapper-product-in-cart">
                    <span>
	  			    In Cart
	  		    </span>
                </div>
            </div>

            <div class="product-info">
                <div class="product-name-wrapper">
                    <a href="/Food/Pantry/Chips-%26-Salty-Snacks/Potato-Chips/Hardbite-Parsnip-Chips%2C-Lightly-Salted/p/20871728_EA" class="product-name" aria-label="Product page for Parsnip Chips, Lightly Salted">

                        <span class="js-product-entry-name">Parsnip Chips, Lightly Salted</span>

                        <span class="js-product-entry-size-detail">(150 g)</span>

                    </a>
                </div>

                <span class="ad-match-badge  hidden">Ad Match</span>

                <div class="price">
                    <div class="price-wrapper no-discount promo-alert ">
                        <span class="reg-price  price-alert" aria-label="Regular Price: $2.98">
					    <span class="reg-price-text">$2.98</span>

                        <sup class="reg-price-unit">ea</sup>
                        </span>
                        <span class="sale-price hidden" aria-label="Sale Price:">
					    <span class="sale-price-text"></span>
                        <sup class="sale-price-unit">ea</sup>
                        </span>

                        <span class="secondary-price hidden">

					    <span class="secondary-price-text" aria-label="Secondary Price:"></span>
                        </span>
                    </div>
                </div>

                <div class="qty">
                    <span class="reg-qty  price-alert">

		  		<span class="sr-only">Sale Price Per Unit:</span> $1.99 / 100 g

                    </span>

                    <span class="sale-qty hidden">

		  		<span class="sr-only">Sale Price Per Unit:</span> $1.99 / 100 g

                    </span>

                    <span class="secondary-qty hidden">

	  	<span class="secondary-qty-text"></span>
                    </span>
                </div>
            </div>

        </div>
        <form class="form-product  quickview-btn-simple" data-product-id="20871728_EA" data-min-qty="1.0" data-max-qty="999.0" data-unit-type="ea" data-cart-qty="1" data-default-qty="1" novalidate="novalidate" promoCode="" promoNumber="" data-is-customized="false" data-cart-url="/cart/product/20871728_EA" data-csrf-token="5582ec01-90c0-448b-b4f7-e2cf68d9f8a0" data-is-weighted-product="false">

            <div class="module-add-to-cart " data-change-type="plus" data-auto-edit="true" data-auto-add="true" data-cart-ajax-url="/cart/updateCart">
                <div class="wrapper-add-to-cart-btn">
                    <div class="module-add-to-cart-button-small">
                        <button type="button" class="btn btn-secondary btn-add-to-cart " data-auid="add-to-cart-button" data-has-pts-badge="false" aria-label="Add Parsnip Chips, Lightly Salted to cart">
                            <span class="icon-cart"></span>
                            <span class="add-to-cart-text">
											Add</span>
                        </button>
                        <button type="button" class="btn btn-secondary btn-edit-cart hidden " aria-label="Edit Cart">
                            <span class="qty-in-cart"></span>
                            <span class="edit-cart-text">
											<spring code="product.edit.text" />"
										</span>
                        </button>
                        <div class="add-list-parent add-list-module  bottom-add-list-module ">
                            <button class="btn btn-inline-link btn-save-to-list  dark is-btn-animated" data-login-url="/account/login?productCode=20871728_EA" data-ajax-url="/restful/lists/all?productCode=20871728_EA" data-user-guest="Y" data-user-guest="Y" data-product-code="20871728_EA" data-delete-item="false" aria-label="Add Parsnip Chips, Lightly Salted to a List">
                                <span class="glyphicon glyphicon-th-list"></span>
                                <div class="list-cta-text  is-btn-animated">Add to List</div>
                            </button>

                            <!-- this is the list HTML   -->
                            <div class="save-to-list-popup  is-btn-animated animation-up dark" data-save-to-list-error="Can not get lists at this time. Please try again later." data-product-name="Parsnip Chips, Lightly Salted">
                                <div class="inner-container">
                                </div>

                            </div>
                        </div>

                    </div>
                </div>
            </div>

            <div class="module-plus-minus-buttons small hidden ">
                <button type="button" class="btn cart-change-qty" data-change-type="minus" data-auid="decrease-product-quantity" alt="Minus" aria-label="Minus">
                    <span class="icon-minimize"></span>
                </button>
                <div class="plus-minus-input-wrapper">
                    <input class="input-qty cart-change-qty" aria-label="Enter manual quantity" type="text" name="qty" title="Change quantity in cart" data-unit-type="ea" value="1ea" data-change-type="equals" maxlength="7">

                    <span class="input-qty-pretty">
							<span class="input-qty-pretty-value">1</span>
                    <span class="input-qty-pretty-unit"></span>
                    </span>
                </div>

                <button type="button" class="btn cart-change-qty" data-change-type="plus" data-auid="increase-product-quantity" alt="Plus" aria-label="Plus">
                    <span class="icon-plus-sign"></span>
                </button>

                <p class="deal-limit-reached hidden">Deal Limit Reached</p>

                <div class="tooltip-qty-error tooltip-qty-limit hidden">
                    <p>
                        Limit to &nbsp; 999 &nbsp;each&nbsp; per customer.</p>
                </div>
                <div class="tooltip-qty-error tooltip-round-error hidden">
                    <p>
                        We do not have this in the weight you wanted. We've rounded your order to the nearest weight increment we stock.</p>
                </div>
            </div>
        </form>

        <!-- End Template: AddToCartSmall -->

    </div>
</div>
<div class="item">

    <div class="module-grocery-product quickview-simple  clicked" data-quickview-ajax-url="/p/20298697_EA/quickViewProduct" data-product-id="20298697_EA" data-product-price="$1.28">

        <span class="subtitle"></span>

        <div class="product-page-hotspot">
            <div class="product-cell quickview-button">
                <div class="product-image ">

                    <img src="https://assets.shop.loblaws.ca/products/20298697/b1/en/front/20298697_front_a01.png" onerror="this.src='https://assets.shop.loblaws.ca/products/NoImage/b1/en/front/NoImage_front_a01_@2.png';" alt="Onion Rings" />

                    <div class="hover-text-container">
                        <button href="#" tabindex="0" class="hover-text " aria-label="Quick View for Onion Rings.">Quick View</button>
                    </div>
                </div>
            </div>

            <div class="product-in-cart">
                <div class="wrapper-product-in-cart">
                    <span>
	  			    In Cart
	  		    </span>
                </div>
            </div>

            <div class="product-info">
                <div class="product-name-wrapper">
                    <a href="/Food/Pantry/Chips-%26-Salty-Snacks/Pretzels-%26-Snack-Mixes/Onion-Rings/p/20298697_EA" class="product-name" aria-label="Product page for Onion Rings">
                        <span class="js-product-entry-brand">Nong Shim&nbsp;</span>

                        <span class="js-product-entry-name">Onion Rings</span>

                        <span class="js-product-entry-size-detail">(50 g)</span>

                    </a>
                </div>

                <span class="ad-match-badge  hidden">Ad Match</span>

                <div class="price">
                    <div class="price-wrapper no-discount  ">
                        <span class="reg-price  " aria-label="Regular Price: $1.28">
					    <span class="reg-price-text">$1.28</span>

                        <sup class="reg-price-unit">ea</sup>
                        </span>
                        <span class="sale-price hidden" aria-label="Sale Price:">
					    <span class="sale-price-text"></span>
                        <sup class="sale-price-unit">ea</sup>
                        </span>

                        <span class="secondary-price hidden">

					    <span class="secondary-price-text" aria-label="Secondary Price:"></span>
                        </span>
                    </div>
                </div>

                <div class="qty">
                    <span class="reg-qty  ">

		  		<span class="sr-only">Sale Price Per Unit:</span> $2.56 / 100 g

                    </span>

                    <span class="sale-qty hidden">

		  		<span class="sr-only">Sale Price Per Unit:</span> $2.56 / 100 g

                    </span>

                    <span class="secondary-qty hidden">

	  	<span class="secondary-qty-text"></span>
                    </span>
                </div>
            </div>

        </div>
        <form class="form-product  quickview-btn-simple" data-product-id="20298697_EA" data-min-qty="1.0" data-max-qty="999.0" data-unit-type="ea" data-cart-qty="1" data-default-qty="1" novalidate="novalidate" promoCode="" promoNumber="" data-is-customized="false" data-cart-url="/cart/product/20298697_EA" data-csrf-token="5582ec01-90c0-448b-b4f7-e2cf68d9f8a0" data-is-weighted-product="false">

            <div class="module-add-to-cart " data-change-type="plus" data-auto-edit="true" data-auto-add="true" data-cart-ajax-url="/cart/updateCart">
                <div class="wrapper-add-to-cart-btn">
                    <div class="module-add-to-cart-button-small">
                        <button type="button" class="btn btn-secondary btn-add-to-cart " data-auid="add-to-cart-button" data-has-pts-badge="false" aria-label="Add Onion Rings to cart">
                            <span class="icon-cart"></span>
                            <span class="add-to-cart-text">
											Add</span>
                        </button>
                        <button type="button" class="btn btn-secondary btn-edit-cart hidden " aria-label="Edit Cart">
                            <span class="qty-in-cart"></span>
                            <span class="edit-cart-text">
											<spring code="product.edit.text" />"
										</span>
                        </button>
                        <div class="add-list-parent add-list-module  bottom-add-list-module ">
                            <button class="btn btn-inline-link btn-save-to-list  dark is-btn-animated" data-login-url="/account/login?productCode=20298697_EA" data-ajax-url="/restful/lists/all?productCode=20298697_EA" data-user-guest="Y" data-user-guest="Y" data-product-code="20298697_EA" data-delete-item="false" aria-label="Add Onion Rings to a List">
                                <span class="glyphicon glyphicon-th-list"></span>
                                <div class="list-cta-text  is-btn-animated">Add to List</div>
                            </button>

                            <!-- this is the list HTML   -->
                            <div class="save-to-list-popup  is-btn-animated animation-up dark" data-save-to-list-error="Can not get lists at this time. Please try again later." data-product-name="Onion Rings">
                                <div class="inner-container">
                                </div>

                            </div>
                        </div>

                    </div>
                </div>
            </div>

            <div class="module-plus-minus-buttons small hidden ">
                <button type="button" class="btn cart-change-qty" data-change-type="minus" data-auid="decrease-product-quantity" alt="Minus" aria-label="Minus">
                    <span class="icon-minimize"></span>
                </button>
                <div class="plus-minus-input-wrapper">
                    <input class="input-qty cart-change-qty" aria-label="Enter manual quantity" type="text" name="qty" title="Change quantity in cart" data-unit-type="ea" value="1ea" data-change-type="equals" maxlength="7">

                    <span class="input-qty-pretty">
							<span class="input-qty-pretty-value">1</span>
                    <span class="input-qty-pretty-unit"></span>
                    </span>
                </div>

                <button type="button" class="btn cart-change-qty" data-change-type="plus" data-auid="increase-product-quantity" alt="Plus" aria-label="Plus">
                    <span class="icon-plus-sign"></span>
                </button>

                <p class="deal-limit-reached hidden">Deal Limit Reached</p>

                <div class="tooltip-qty-error tooltip-qty-limit hidden">
                    <p>
                        Limit to &nbsp; 999 &nbsp;each&nbsp; per customer.</p>
                </div>
                <div class="tooltip-qty-error tooltip-round-error hidden">
                    <p>
                        We do not have this in the weight you wanted. We've rounded your order to the nearest weight increment we stock.</p>
                </div>
            </div>
        </form>

        <!-- End Template: AddToCartSmall -->

    </div>
</div>
<div class="item">

    <div class="module-grocery-product quickview-simple  clicked" data-quickview-ajax-url="/p/21065179_EA/quickViewProduct" data-product-id="21065179_EA" data-product-price="$4.48">

        <span class="subtitle"></span>

        <div class="product-page-hotspot">
            <div class="product-cell quickview-button">
                <div class="product-image ">

                    <img src="https://assets.shop.loblaws.ca/products/21065179/b1/en/front/21065179_front_a01.png" onerror="this.src='https://assets.shop.loblaws.ca/products/NoImage/b1/en/front/NoImage_front_a01_@2.png';" alt="Chips, Sea Salt" />

                    <div class="hover-text-container">
                        <button href="#" tabindex="0" class="hover-text " aria-label="Quick View for Chips, Sea Salt.">Quick View</button>
                    </div>
                </div>
            </div>

            <div class="product-in-cart">
                <div class="wrapper-product-in-cart">
                    <span>
	  			    In Cart
	  		    </span>
                </div>
            </div>

            <div class="product-info">
                <div class="product-name-wrapper">
                    <a href="/Food/Pantry/Chips-%26-Salty-Snacks/Potato-Chips/Beanfields-Chips%2C-Sea-Salt/p/21065179_EA" class="product-name" aria-label="Product page for Chips, Sea Salt">
                        <span class="js-product-entry-brand">Beanfields&nbsp;</span>

                        <span class="js-product-entry-name">Chips, Sea Salt</span>

                        <span class="js-product-entry-size-detail">(156 g)</span>

                    </a>
                </div>

                <span class="ad-match-badge  hidden">Ad Match</span>

                <div class="price">
                    <div class="price-wrapper no-discount  ">
                        <span class="reg-price  " aria-label="Regular Price: $4.48">
					    <span class="reg-price-text">$4.48</span>

                        <sup class="reg-price-unit">ea</sup>
                        </span>
                        <span class="sale-price hidden" aria-label="Sale Price:">
					    <span class="sale-price-text"></span>
                        <sup class="sale-price-unit">ea</sup>
                        </span>

                        <span class="secondary-price hidden">

					    <span class="secondary-price-text" aria-label="Secondary Price:"></span>
                        </span>
                    </div>
                </div>

                <div class="qty">
                    <span class="reg-qty  ">

		  		<span class="sr-only">Sale Price Per Unit:</span> $2.87 / 100 g

                    </span>

                    <span class="sale-qty hidden">

		  		<span class="sr-only">Sale Price Per Unit:</span> $2.87 / 100 g

                    </span>

                    <span class="secondary-qty hidden">

	  	<span class="secondary-qty-text"></span>
                    </span>
                </div>
            </div>

        </div>
        <form class="form-product  quickview-btn-simple" data-product-id="21065179_EA" data-min-qty="1.0" data-max-qty="999.0" data-unit-type="ea" data-cart-qty="1" data-default-qty="1" novalidate="novalidate" promoCode="" promoNumber="" data-is-customized="false" data-cart-url="/cart/product/21065179_EA" data-csrf-token="5582ec01-90c0-448b-b4f7-e2cf68d9f8a0" data-is-weighted-product="false">

            <div class="module-add-to-cart " data-change-type="plus" data-auto-edit="true" data-auto-add="true" data-cart-ajax-url="/cart/updateCart">
                <div class="wrapper-add-to-cart-btn">
                    <div class="module-add-to-cart-button-small">
                        <button type="button" class="btn btn-secondary btn-add-to-cart " data-auid="add-to-cart-button" data-has-pts-badge="false" aria-label="Add Chips, Sea Salt to cart">
                            <span class="icon-cart"></span>
                            <span class="add-to-cart-text">
											Add</span>
                        </button>
                        <button type="button" class="btn btn-secondary btn-edit-cart hidden " aria-label="Edit Cart">
                            <span class="qty-in-cart"></span>
                            <span class="edit-cart-text">
											<spring code="product.edit.text" />"
										</span>
                        </button>
                        <div class="add-list-parent add-list-module  bottom-add-list-module ">
                            <button class="btn btn-inline-link btn-save-to-list  dark is-btn-animated" data-login-url="/account/login?productCode=21065179_EA" data-ajax-url="/restful/lists/all?productCode=21065179_EA" data-user-guest="Y" data-user-guest="Y" data-product-code="21065179_EA" data-delete-item="false" aria-label="Add Chips, Sea Salt to a List">
                                <span class="glyphicon glyphicon-th-list"></span>
                                <div class="list-cta-text  is-btn-animated">Add to List</div>
                            </button>

                            <!-- this is the list HTML   -->
                            <div class="save-to-list-popup  is-btn-animated animation-up dark" data-save-to-list-error="Can not get lists at this time. Please try again later." data-product-name="Chips, Sea Salt">
                                <div class="inner-container">
                                </div>

                            </div>
                        </div>

                    </div>
                </div>
            </div>

            <div class="module-plus-minus-buttons small hidden ">
                <button type="button" class="btn cart-change-qty" data-change-type="minus" data-auid="decrease-product-quantity" alt="Minus" aria-label="Minus">
                    <span class="icon-minimize"></span>
                </button>
                <div class="plus-minus-input-wrapper">
                    <input class="input-qty cart-change-qty" aria-label="Enter manual quantity" type="text" name="qty" title="Change quantity in cart" data-unit-type="ea" value="1ea" data-change-type="equals" maxlength="7">

                    <span class="input-qty-pretty">
							<span class="input-qty-pretty-value">1</span>
                    <span class="input-qty-pretty-unit"></span>
                    </span>
                </div>

                <button type="button" class="btn cart-change-qty" data-change-type="plus" data-auid="increase-product-quantity" alt="Plus" aria-label="Plus">
                    <span class="icon-plus-sign"></span>
                </button>

                <p class="deal-limit-reached hidden">Deal Limit Reached</p>

                <div class="tooltip-qty-error tooltip-qty-limit hidden">
                    <p>
                        Limit to &nbsp; 999 &nbsp;each&nbsp; per customer.</p>
                </div>
                <div class="tooltip-qty-error tooltip-round-error hidden">
                    <p>
                        We do not have this in the weight you wanted. We've rounded your order to the nearest weight increment we stock.</p>
                </div>
            </div>
        </form>

        <!-- End Template: AddToCartSmall -->

    </div>
</div>
<div class="item">

    <div class="module-grocery-product quickview-simple  clicked" data-quickview-ajax-url="/p/20788024008_EA/quickViewProduct" data-product-id="20788024008_EA" data-product-price="$2.97">

        <span class="subtitle"></span>

        <div class="product-page-hotspot">
            <div class="product-cell quickview-button">
                <div class="product-image ">

                    <img src="https://assets.shop.loblaws.ca/products/20788024008/b1/en/front/20788024008_front_a01.png" onerror="this.src='https://assets.shop.loblaws.ca/products/NoImage/b1/en/front/NoImage_front_a01_@2.png';" alt="Old Fashioned BBQ" />

                    <span class="sticker deal">
	  				    <span class="deal-badge">
	  					    <span class="module-deal-badge module-deal-badge-feature flyer expires undefined">
	  						    <span class="deal-type">
								    Flyer<br />
	  							    Item
	  						    </span>

                    <span class="deal-expiry">
		Exp. 12/19
	</span>

                    </span>
                    </span>
                    </span>

                    <div class="hover-text-container">
                        <button href="#" tabindex="0" class="hover-text " aria-label="Quick View for Old Fashioned BBQ.">Quick View</button>
                    </div>
                </div>
            </div>

            <div class="product-in-cart">
                <div class="wrapper-product-in-cart">
                    <span>
	  			    In Cart
	  		    </span>
                </div>
            </div>

            <div class="product-info">
                <div class="product-name-wrapper">
                    <a href="/Food/Pantry/Chips-%26-Salty-Snacks/Potato-Chips/Lay%27s-Old-Fashioned-BBQ/p/20788024008_EA" class="product-name" aria-label="Product page for Old Fashioned BBQ">
                        <span class="js-product-entry-brand">Lay's&nbsp;</span>

                        <span class="js-product-entry-name">Old Fashioned BBQ</span>

                        <span class="js-product-entry-size-detail">(255 g)</span>

                    </a>
                </div>

                <span class="ad-match-badge  hidden">Ad Match</span>

                <div class="price">
                    <div class="price-wrapper no-discount  ">
                        <span class="reg-price  " aria-label="Regular Price: $2.97">
					    <span class="reg-price-text">$2.97</span>

                        <sup class="reg-price-unit">ea</sup>
                        </span>
                        <span class="sale-price hidden" aria-label="Sale Price:">
					    <span class="sale-price-text"></span>
                        <sup class="sale-price-unit">ea</sup>
                        </span>

                        <span class="secondary-price hidden">

					    <span class="secondary-price-text" aria-label="Secondary Price:"></span>
                        </span>
                    </div>
                </div>

                <div class="qty">
                    <span class="reg-qty  ">

		  		<span class="sr-only">Sale Price Per Unit:</span> $1.16 / 100 g

                    </span>

                    <span class="sale-qty hidden">

		  		<span class="sr-only">Sale Price Per Unit:</span> $1.16 / 100 g

                    </span>

                    <span class="secondary-qty hidden">

	  	<span class="secondary-qty-text"></span>
                    </span>
                </div>
            </div>

        </div>
        <form class="form-product  quickview-btn-simple" data-product-id="20788024008_EA" data-min-qty="1.0" data-max-qty="999.0" data-unit-type="ea" data-cart-qty="1" data-default-qty="1" novalidate="novalidate" promoCode="" promoNumber="" data-is-customized="false" data-cart-url="/cart/product/20788024008_EA" data-csrf-token="5582ec01-90c0-448b-b4f7-e2cf68d9f8a0" data-is-weighted-product="false">

            <div class="module-add-to-cart " data-change-type="plus" data-auto-edit="true" data-auto-add="true" data-cart-ajax-url="/cart/updateCart">
                <div class="wrapper-add-to-cart-btn">
                    <div class="module-add-to-cart-button-small">
                        <button type="button" class="btn btn-secondary btn-add-to-cart " data-auid="add-to-cart-button" data-has-pts-badge="false" aria-label="Add Old Fashioned BBQ to cart">
                            <span class="icon-cart"></span>
                            <span class="add-to-cart-text">
											Add</span>
                        </button>
                        <button type="button" class="btn btn-secondary btn-edit-cart hidden " aria-label="Edit Cart">
                            <span class="qty-in-cart"></span>
                            <span class="edit-cart-text">
											<spring code="product.edit.text" />"
										</span>
                        </button>
                        <div class="add-list-parent add-list-module  bottom-add-list-module ">
                            <button class="btn btn-inline-link btn-save-to-list  dark is-btn-animated" data-login-url="/account/login?productCode=20788024008_EA" data-ajax-url="/restful/lists/all?productCode=20788024008_EA" data-user-guest="Y" data-user-guest="Y" data-product-code="20788024008_EA" data-delete-item="false" aria-label="Add Old Fashioned BBQ to a List">
                                <span class="glyphicon glyphicon-th-list"></span>
                                <div class="list-cta-text  is-btn-animated">Add to List</div>
                            </button>

                            <!-- this is the list HTML   -->
                            <div class="save-to-list-popup  is-btn-animated animation-up dark" data-save-to-list-error="Can not get lists at this time. Please try again later." data-product-name="Old Fashioned BBQ">
                                <div class="inner-container">
                                </div>

                            </div>
                        </div>

                    </div>
                </div>
            </div>

            <div class="module-plus-minus-buttons small hidden ">
                <button type="button" class="btn cart-change-qty" data-change-type="minus" data-auid="decrease-product-quantity" alt="Minus" aria-label="Minus">
                    <span class="icon-minimize"></span>
                </button>
                <div class="plus-minus-input-wrapper">
                    <input class="input-qty cart-change-qty" aria-label="Enter manual quantity" type="text" name="qty" title="Change quantity in cart" data-unit-type="ea" value="1ea" data-change-type="equals" maxlength="7">

                    <span class="input-qty-pretty">
							<span class="input-qty-pretty-value">1</span>
                    <span class="input-qty-pretty-unit"></span>
                    </span>
                </div>

                <button type="button" class="btn cart-change-qty" data-change-type="plus" data-auid="increase-product-quantity" alt="Plus" aria-label="Plus">
                    <span class="icon-plus-sign"></span>
                </button>

                <p class="deal-limit-reached hidden">Deal Limit Reached</p>

                <div class="tooltip-qty-error tooltip-qty-limit hidden">
                    <p>
                        Limit to &nbsp; 999 &nbsp;each&nbsp; per customer.</p>
                </div>
                <div class="tooltip-qty-error tooltip-round-error hidden">
                    <p>
                        We do not have this in the weight you wanted. We've rounded your order to the nearest weight increment we stock.</p>
                </div>
            </div>
        </form>

        <!-- End Template: AddToCartSmall -->

    </div>
</div>
<div class="item">

    <div class="module-grocery-product quickview-simple  clicked" data-quickview-ajax-url="/p/20028559_EA/quickViewProduct" data-product-id="20028559_EA" data-product-price="$2.98">

        <span class="subtitle"></span>

        <div class="product-page-hotspot">
            <div class="product-cell quickview-button">
                <div class="product-image ">

                    <img src="https://assets.shop.loblaws.ca/products/20028559/b1/en/front/20028559_front_a01.png" onerror="this.src='https://assets.shop.loblaws.ca/products/NoImage/b1/en/front/NoImage_front_a01_@2.png';" alt="Party Mix" />

                    <div class="hover-text-container">
                        <button href="#" tabindex="0" class="hover-text " aria-label="Quick View for Party Mix.">Quick View</button>
                    </div>
                </div>
            </div>

            <div class="product-in-cart">
                <div class="wrapper-product-in-cart">
                    <span>
	  			    In Cart
	  		    </span>
                </div>
            </div>

            <div class="product-info">
                <div class="product-name-wrapper">
                    <a href="/Food/Pantry/Chips-%26-Salty-Snacks/Pretzels-%26-Snack-Mixes/Party-Mix/p/20028559_EA" class="product-name" aria-label="Product page for Party Mix">
                        <span class="js-product-entry-brand">No Name&nbsp;</span>

                        <span class="js-product-entry-name">Party Mix</span>

                        <span class="js-product-entry-size-detail">(320 g)</span>

                    </a>
                </div>

                <span class="ad-match-badge  hidden">Ad Match</span>

                <div class="price">
                    <div class="price-wrapper no-discount  ">
                        <span class="reg-price  " aria-label="Regular Price: $2.98">
					    <span class="reg-price-text">$2.98</span>

                        <sup class="reg-price-unit">ea</sup>
                        </span>
                        <span class="sale-price hidden" aria-label="Sale Price:">
					    <span class="sale-price-text"></span>
                        <sup class="sale-price-unit">ea</sup>
                        </span>

                        <span class="secondary-price hidden">

					    <span class="secondary-price-text" aria-label="Secondary Price:"></span>
                        </span>
                    </div>
                </div>

                <div class="qty">
                    <span class="reg-qty  ">

		  		<span class="sr-only">Sale Price Per Unit:</span> $0.93 / 100 g

                    </span>

                    <span class="sale-qty hidden">

		  		<span class="sr-only">Sale Price Per Unit:</span> $0.93 / 100 g

                    </span>

                    <span class="secondary-qty hidden">

	  	<span class="secondary-qty-text"></span>
                    </span>
                </div>
            </div>

        </div>
        <form class="form-product  quickview-btn-simple" data-product-id="20028559_EA" data-min-qty="1.0" data-max-qty="999.0" data-unit-type="ea" data-cart-qty="1" data-default-qty="1" novalidate="novalidate" promoCode="" promoNumber="" data-is-customized="false" data-cart-url="/cart/product/20028559_EA" data-csrf-token="5582ec01-90c0-448b-b4f7-e2cf68d9f8a0" data-is-weighted-product="false">

            <div class="module-add-to-cart " data-change-type="plus" data-auto-edit="true" data-auto-add="true" data-cart-ajax-url="/cart/updateCart">
                <div class="wrapper-add-to-cart-btn">
                    <div class="module-add-to-cart-button-small">
                        <button type="button" class="btn btn-secondary btn-add-to-cart " data-auid="add-to-cart-button" data-has-pts-badge="false" aria-label="Add Party Mix to cart">
                            <span class="icon-cart"></span>
                            <span class="add-to-cart-text">
											Add</span>
                        </button>
                        <button type="button" class="btn btn-secondary btn-edit-cart hidden " aria-label="Edit Cart">
                            <span class="qty-in-cart"></span>
                            <span class="edit-cart-text">
											<spring code="product.edit.text" />"
										</span>
                        </button>
                        <div class="add-list-parent add-list-module  bottom-add-list-module ">
                            <button class="btn btn-inline-link btn-save-to-list  dark is-btn-animated" data-login-url="/account/login?productCode=20028559_EA" data-ajax-url="/restful/lists/all?productCode=20028559_EA" data-user-guest="Y" data-user-guest="Y" data-product-code="20028559_EA" data-delete-item="false" aria-label="Add Party Mix to a List">
                                <span class="glyphicon glyphicon-th-list"></span>
                                <div class="list-cta-text  is-btn-animated">Add to List</div>
                            </button>

                            <!-- this is the list HTML   -->
                            <div class="save-to-list-popup  is-btn-animated animation-up dark" data-save-to-list-error="Can not get lists at this time. Please try again later." data-product-name="Party Mix">
                                <div class="inner-container">
                                </div>

                            </div>
                        </div>

                    </div>
                </div>
            </div>

            <div class="module-plus-minus-buttons small hidden ">
                <button type="button" class="btn cart-change-qty" data-change-type="minus" data-auid="decrease-product-quantity" alt="Minus" aria-label="Minus">
                    <span class="icon-minimize"></span>
                </button>
                <div class="plus-minus-input-wrapper">
                    <input class="input-qty cart-change-qty" aria-label="Enter manual quantity" type="text" name="qty" title="Change quantity in cart" data-unit-type="ea" value="1ea" data-change-type="equals" maxlength="7">

                    <span class="input-qty-pretty">
							<span class="input-qty-pretty-value">1</span>
                    <span class="input-qty-pretty-unit"></span>
                    </span>
                </div>

                <button type="button" class="btn cart-change-qty" data-change-type="plus" data-auid="increase-product-quantity" alt="Plus" aria-label="Plus">
                    <span class="icon-plus-sign"></span>
                </button>

                <p class="deal-limit-reached hidden">Deal Limit Reached</p>

                <div class="tooltip-qty-error tooltip-qty-limit hidden">
                    <p>
                        Limit to &nbsp; 999 &nbsp;each&nbsp; per customer.</p>
                </div>
                <div class="tooltip-qty-error tooltip-round-error hidden">
                    <p>
                        We do not have this in the weight you wanted. We've rounded your order to the nearest weight increment we stock.</p>
                </div>
            </div>
        </form>

        <!-- End Template: AddToCartSmall -->

    </div>
</div>
<div class="item">

    <div class="module-grocery-product quickview-simple  clicked" data-quickview-ajax-url="/p/20861713002_EA/quickViewProduct" data-product-id="20861713002_EA" data-product-price="$3.28">

        <span class="subtitle"></span>

        <div class="product-page-hotspot">
            <div class="product-cell quickview-button">
                <div class="product-image ">

                    <img src="https://assets.shop.loblaws.ca/products/20861713002/b1/en/front/20861713002_front_a01.png" onerror="this.src='https://assets.shop.loblaws.ca/products/NoImage/b1/en/front/NoImage_front_a01_@2.png';" alt="Crunchys, Extreme Cheddar" />

                    <div class="hover-text-container">
                        <button href="#" tabindex="0" class="hover-text " aria-label="Quick View for Crunchys, Extreme Cheddar.">Quick View</button>
                    </div>
                </div>
            </div>

            <div class="product-in-cart">
                <div class="wrapper-product-in-cart">
                    <span>
	  			    In Cart
	  		    </span>
                </div>
            </div>

            <div class="product-info">
                <div class="product-name-wrapper">
                    <a href="/Food/Pantry/Chips-%26-Salty-Snacks/Potato-Chips/Old-Dutch-DUTCH-CRUNCH-Crunchys%2C-Extreme-Cheddar/p/20861713002_EA" class="product-name" aria-label="Product page for Crunchys, Extreme Cheddar">
                        <span class="js-product-entry-brand">Old Dutch&nbsp;</span>

                        <span class="js-product-entry-subbrand">DUTCH CRUNCH&nbsp;</span>

                        <span class="js-product-entry-name">Crunchys, Extreme Cheddar</span>

                        <span class="js-product-entry-size-detail">(290 g)</span>

                    </a>
                </div>

                <span class="ad-match-badge  hidden">Ad Match</span>

                <div class="price">
                    <div class="price-wrapper no-discount  ">
                        <span class="reg-price  " aria-label="Regular Price: $3.28">
					    <span class="reg-price-text">$3.28</span>

                        <sup class="reg-price-unit">ea</sup>
                        </span>
                        <span class="sale-price hidden" aria-label="Sale Price:">
					    <span class="sale-price-text"></span>
                        <sup class="sale-price-unit">ea</sup>
                        </span>

                        <span class="secondary-price hidden">

					    <span class="secondary-price-text" aria-label="Secondary Price:"></span>
                        </span>
                    </div>
                </div>

                <div class="qty">
                    <span class="reg-qty  ">

		  		<span class="sr-only">Sale Price Per Unit:</span> $1.13 / 100 g

                    </span>

                    <span class="sale-qty hidden">

		  		<span class="sr-only">Sale Price Per Unit:</span> $1.13 / 100 g

                    </span>

                    <span class="secondary-qty hidden">

	  	<span class="secondary-qty-text"></span>
                    </span>
                </div>
            </div>

        </div>
        <form class="form-product  quickview-btn-simple" data-product-id="20861713002_EA" data-min-qty="1.0" data-max-qty="999.0" data-unit-type="ea" data-cart-qty="1" data-default-qty="1" novalidate="novalidate" promoCode="" promoNumber="" data-is-customized="false" data-cart-url="/cart/product/20861713002_EA" data-csrf-token="5582ec01-90c0-448b-b4f7-e2cf68d9f8a0" data-is-weighted-product="false">

            <div class="module-add-to-cart " data-change-type="plus" data-auto-edit="true" data-auto-add="true" data-cart-ajax-url="/cart/updateCart">
                <div class="wrapper-add-to-cart-btn">
                    <div class="module-add-to-cart-button-small">
                        <button type="button" class="btn btn-secondary btn-add-to-cart " data-auid="add-to-cart-button" data-has-pts-badge="false" aria-label="Add Crunchys, Extreme Cheddar to cart">
                            <span class="icon-cart"></span>
                            <span class="add-to-cart-text">
											Add</span>
                        </button>
                        <button type="button" class="btn btn-secondary btn-edit-cart hidden " aria-label="Edit Cart">
                            <span class="qty-in-cart"></span>
                            <span class="edit-cart-text">
											<spring code="product.edit.text" />"
										</span>
                        </button>
                        <div class="add-list-parent add-list-module  bottom-add-list-module ">
                            <button class="btn btn-inline-link btn-save-to-list  dark is-btn-animated" data-login-url="/account/login?productCode=20861713002_EA" data-ajax-url="/restful/lists/all?productCode=20861713002_EA" data-user-guest="Y" data-user-guest="Y" data-product-code="20861713002_EA" data-delete-item="false" aria-label="Add Crunchys, Extreme Cheddar to a List">
                                <span class="glyphicon glyphicon-th-list"></span>
                                <div class="list-cta-text  is-btn-animated">Add to List</div>
                            </button>

                            <!-- this is the list HTML   -->
                            <div class="save-to-list-popup  is-btn-animated animation-up dark" data-save-to-list-error="Can not get lists at this time. Please try again later." data-product-name="Crunchys, Extreme Cheddar">
                                <div class="inner-container">
                                </div>

                            </div>
                        </div>

                    </div>
                </div>
            </div>

            <div class="module-plus-minus-buttons small hidden ">
                <button type="button" class="btn cart-change-qty" data-change-type="minus" data-auid="decrease-product-quantity" alt="Minus" aria-label="Minus">
                    <span class="icon-minimize"></span>
                </button>
                <div class="plus-minus-input-wrapper">
                    <input class="input-qty cart-change-qty" aria-label="Enter manual quantity" type="text" name="qty" title="Change quantity in cart" data-unit-type="ea" value="1ea" data-change-type="equals" maxlength="7">

                    <span class="input-qty-pretty">
							<span class="input-qty-pretty-value">1</span>
                    <span class="input-qty-pretty-unit"></span>
                    </span>
                </div>

                <button type="button" class="btn cart-change-qty" data-change-type="plus" data-auid="increase-product-quantity" alt="Plus" aria-label="Plus">
                    <span class="icon-plus-sign"></span>
                </button>

                <p class="deal-limit-reached hidden">Deal Limit Reached</p>

                <div class="tooltip-qty-error tooltip-qty-limit hidden">
                    <p>
                        Limit to &nbsp; 999 &nbsp;each&nbsp; per customer.</p>
                </div>
                <div class="tooltip-qty-error tooltip-round-error hidden">
                    <p>
                        We do not have this in the weight you wanted. We've rounded your order to the nearest weight increment we stock.</p>
                </div>
            </div>
        </form>

        <!-- End Template: AddToCartSmall -->

    </div>
</div>
<div class="item">

    <div class="module-grocery-product quickview-simple  clicked" data-quickview-ajax-url="/p/20298997005_EA/quickViewProduct" data-product-id="20298997005_EA" data-product-price="$2.48">

        <span class="subtitle"></span>

        <div class="product-page-hotspot">
            <div class="product-cell quickview-button">
                <div class="product-image ">

                    <img src="https://assets.shop.loblaws.ca/products/20298997005/b1/en/front/20298997005_front_a01.png" onerror="this.src='https://assets.shop.loblaws.ca/products/NoImage/b1/en/front/NoImage_front_a01_@2.png';" alt="Potato Chips, Honey Dijon" />

                    <span class="sticker deal">
	  				        <span class="deal-badge">

	  				            <span class="module-deal-badge module-deal-badge-grid simple-save-unit "
	  						        data-deal-type="$2.48 LIMIT 4"
	  						        data-ajax-promo-url="/simpleDeal/deals/product-tile?productCode=20298997005_EA"
	  						        data-deal-id="20298997005_EA">
	  						        <span class="deal-type">$2.48 LIMIT 4</span>

                    <span class="deal-expiry">
		Exp. 12/20
	</span>

                    </span>
                    </span>
                    </span>

                    <div class="hover-text-container">
                        <button href="#" tabindex="0" class="hover-text " aria-label="Quick View for Potato Chips, Honey Dijon.">Quick View</button>
                    </div>
                </div>
            </div>

            <div class="product-in-cart">
                <div class="wrapper-product-in-cart">
                    <span>
	  			    In Cart
	  		    </span>
                </div>
            </div>

            <div class="product-info">
                <div class="product-name-wrapper">
                    <a href="/Food/Natural-%26-Organic/Pantry/Snacks-%26-Candy/Potato-Chips%2C-Honey-Dijon/p/20298997005_EA" class="product-name" aria-label="Product page for Potato Chips, Honey Dijon">
                        <span class="js-product-entry-brand">Kettle&nbsp;</span>

                        <span class="js-product-entry-name">Potato Chips, Honey Dijon</span>

                        <span class="js-product-entry-size-detail">(220 g)</span>

                    </a>
                </div>

                <span class="ad-match-badge  hidden">Ad Match</span>

                <div class="price">
                    <div class="price-wrapper no-discount promo-alert ">
                        <span class="reg-price  price-alert" aria-label="Regular Price: $2.48">
					    <span class="reg-price-text">$2.48</span>

                        <sup class="reg-price-unit">ea</sup>
                        </span>
                        <span class="sale-price hidden" aria-label="Sale Price:">
					    <span class="sale-price-text"></span>
                        <sup class="sale-price-unit">ea</sup>
                        </span>

                        <span class="secondary-price hidden">

					    <span class="secondary-price-text" aria-label="Secondary Price:"></span>
                        </span>
                    </div>
                </div>

                <div class="qty">
                    <span class="reg-qty  price-alert">

		  		<span class="sr-only">Sale Price Per Unit:</span> $1.13 / 100 g

                    </span>

                    <span class="sale-qty hidden">

		  		<span class="sr-only">Sale Price Per Unit:</span> $1.13 / 100 g

                    </span>

                    <span class="secondary-qty hidden">

	  	<span class="secondary-qty-text"></span>
                    </span>
                </div>
            </div>

        </div>
        <form class="form-product  quickview-btn-simple" data-product-id="20298997005_EA" data-min-qty="1.0" data-max-qty="999.0" data-unit-type="ea" data-cart-qty="1" data-default-qty="1" novalidate="novalidate" promoCode="" promoNumber="" data-is-customized="false" data-cart-url="/cart/product/20298997005_EA" data-csrf-token="5582ec01-90c0-448b-b4f7-e2cf68d9f8a0" data-is-weighted-product="false">

            <div class="module-add-to-cart " data-change-type="plus" data-auto-edit="true" data-auto-add="true" data-cart-ajax-url="/cart/updateCart">
                <div class="wrapper-add-to-cart-btn">
                    <div class="module-add-to-cart-button-small">
                        <button type="button" class="btn btn-secondary btn-add-to-cart " data-auid="add-to-cart-button" data-has-pts-badge="false" aria-label="Add Potato Chips, Honey Dijon to cart">
                            <span class="icon-cart"></span>
                            <span class="add-to-cart-text">
											Add</span>
                        </button>
                        <button type="button" class="btn btn-secondary btn-edit-cart hidden " aria-label="Edit Cart">
                            <span class="qty-in-cart"></span>
                            <span class="edit-cart-text">
											<spring code="product.edit.text" />"
										</span>
                        </button>
                        <div class="add-list-parent add-list-module  bottom-add-list-module ">
                            <button class="btn btn-inline-link btn-save-to-list  dark is-btn-animated" data-login-url="/account/login?productCode=20298997005_EA" data-ajax-url="/restful/lists/all?productCode=20298997005_EA" data-user-guest="Y" data-user-guest="Y" data-product-code="20298997005_EA" data-delete-item="false" aria-label="Add Potato Chips, Honey Dijon to a List">
                                <span class="glyphicon glyphicon-th-list"></span>
                                <div class="list-cta-text  is-btn-animated">Add to List</div>
                            </button>

                            <!-- this is the list HTML   -->
                            <div class="save-to-list-popup  is-btn-animated animation-up dark" data-save-to-list-error="Can not get lists at this time. Please try again later." data-product-name="Potato Chips, Honey Dijon">
                                <div class="inner-container">
                                </div>

                            </div>
                        </div>

                    </div>
                </div>
            </div>

            <div class="module-plus-minus-buttons small hidden ">
                <button type="button" class="btn cart-change-qty" data-change-type="minus" data-auid="decrease-product-quantity" alt="Minus" aria-label="Minus">
                    <span class="icon-minimize"></span>
                </button>
                <div class="plus-minus-input-wrapper">
                    <input class="input-qty cart-change-qty" aria-label="Enter manual quantity" type="text" name="qty" title="Change quantity in cart" data-unit-type="ea" value="1ea" data-change-type="equals" maxlength="7">

                    <span class="input-qty-pretty">
							<span class="input-qty-pretty-value">1</span>
                    <span class="input-qty-pretty-unit"></span>
                    </span>
                </div>

                <button type="button" class="btn cart-change-qty" data-change-type="plus" data-auid="increase-product-quantity" alt="Plus" aria-label="Plus">
                    <span class="icon-plus-sign"></span>
                </button>

                <p class="deal-limit-reached hidden">Deal Limit Reached</p>

                <div class="tooltip-qty-error tooltip-qty-limit hidden">
                    <p>
                        Limit to &nbsp; 999 &nbsp;each&nbsp; per customer.</p>
                </div>
                <div class="tooltip-qty-error tooltip-round-error hidden">
                    <p>
                        We do not have this in the weight you wanted. We've rounded your order to the nearest weight increment we stock.</p>
                </div>
            </div>
        </form>

        <!-- End Template: AddToCartSmall -->

    </div>
</div>
<div class="item">

    <div class="module-grocery-product quickview-simple  clicked" data-quickview-ajax-url="/p/20712036001_EA/quickViewProduct" data-product-id="20712036001_EA" data-product-price="$2.88">

        <span class="subtitle"></span>

        <div class="product-page-hotspot">
            <div class="product-cell quickview-button">
                <div class="product-image ">

                    <img src="https://assets.shop.loblaws.ca/products/20712036001/b1/en/front/20712036001_front_a01.png" onerror="this.src='https://assets.shop.loblaws.ca/products/NoImage/b1/en/front/NoImage_front_a01_@2.png';" alt="Potato Chips, BBQ" />

                    <div class="hover-text-container">
                        <button href="#" tabindex="0" class="hover-text " aria-label="Quick View for Potato Chips, BBQ.">Quick View</button>
                    </div>
                </div>
            </div>

            <div class="product-in-cart">
                <div class="wrapper-product-in-cart">
                    <span>
	  			    In Cart
	  		    </span>
                </div>
            </div>

            <div class="product-info">
                <div class="product-name-wrapper">
                    <a href="/Food/Pantry/Chips-%26-Salty-Snacks/Potato-Chips/Old-Dutch-Potato-Chips%2C-BBQ/p/20712036001_EA" class="product-name" aria-label="Product page for Potato Chips, BBQ">
                        <span class="js-product-entry-brand">Old Dutch&nbsp;</span>

                        <span class="js-product-entry-name">Potato Chips, BBQ</span>

                        <span class="js-product-entry-size-detail">(220 g)</span>

                    </a>
                </div>

                <span class="ad-match-badge  hidden">Ad Match</span>

                <div class="price">
                    <div class="price-wrapper no-discount  ">
                        <span class="reg-price  " aria-label="Regular Price: $2.88">
					    <span class="reg-price-text">$2.88</span>

                        <sup class="reg-price-unit">ea</sup>
                        </span>
                        <span class="sale-price hidden" aria-label="Sale Price:">
					    <span class="sale-price-text"></span>
                        <sup class="sale-price-unit">ea</sup>
                        </span>

                        <span class="secondary-price hidden">

					    <span class="secondary-price-text" aria-label="Secondary Price:"></span>
                        </span>
                    </div>
                </div>

                <div class="qty">
                    <span class="reg-qty  ">

		  		<span class="sr-only">Sale Price Per Unit:</span> $1.31 / 100 g

                    </span>

                    <span class="sale-qty hidden">

		  		<span class="sr-only">Sale Price Per Unit:</span> $1.31 / 100 g

                    </span>

                    <span class="secondary-qty hidden">

	  	<span class="secondary-qty-text"></span>
                    </span>
                </div>
            </div>

        </div>
        <form class="form-product  quickview-btn-simple" data-product-id="20712036001_EA" data-min-qty="1.0" data-max-qty="999.0" data-unit-type="ea" data-cart-qty="1" data-default-qty="1" novalidate="novalidate" promoCode="" promoNumber="" data-is-customized="false" data-cart-url="/cart/product/20712036001_EA" data-csrf-token="5582ec01-90c0-448b-b4f7-e2cf68d9f8a0" data-is-weighted-product="false">

            <div class="module-add-to-cart " data-change-type="plus" data-auto-edit="true" data-auto-add="true" data-cart-ajax-url="/cart/updateCart">
                <div class="wrapper-add-to-cart-btn">
                    <div class="module-add-to-cart-button-small">
                        <button type="button" class="btn btn-secondary btn-add-to-cart " data-auid="add-to-cart-button" data-has-pts-badge="false" aria-label="Add Potato Chips, BBQ to cart">
                            <span class="icon-cart"></span>
                            <span class="add-to-cart-text">
											Add</span>
                        </button>
                        <button type="button" class="btn btn-secondary btn-edit-cart hidden " aria-label="Edit Cart">
                            <span class="qty-in-cart"></span>
                            <span class="edit-cart-text">
											<spring code="product.edit.text" />"
										</span>
                        </button>
                        <div class="add-list-parent add-list-module  bottom-add-list-module ">
                            <button class="btn btn-inline-link btn-save-to-list  dark is-btn-animated" data-login-url="/account/login?productCode=20712036001_EA" data-ajax-url="/restful/lists/all?productCode=20712036001_EA" data-user-guest="Y" data-user-guest="Y" data-product-code="20712036001_EA" data-delete-item="false" aria-label="Add Potato Chips, BBQ to a List">
                                <span class="glyphicon glyphicon-th-list"></span>
                                <div class="list-cta-text  is-btn-animated">Add to List</div>
                            </button>

                            <!-- this is the list HTML   -->
                            <div class="save-to-list-popup  is-btn-animated animation-up dark" data-save-to-list-error="Can not get lists at this time. Please try again later." data-product-name="Potato Chips, BBQ">
                                <div class="inner-container">
                                </div>

                            </div>
                        </div>

                    </div>
                </div>
            </div>

            <div class="module-plus-minus-buttons small hidden ">
                <button type="button" class="btn cart-change-qty" data-change-type="minus" data-auid="decrease-product-quantity" alt="Minus" aria-label="Minus">
                    <span class="icon-minimize"></span>
                </button>
                <div class="plus-minus-input-wrapper">
                    <input class="input-qty cart-change-qty" aria-label="Enter manual quantity" type="text" name="qty" title="Change quantity in cart" data-unit-type="ea" value="1ea" data-change-type="equals" maxlength="7">

                    <span class="input-qty-pretty">
							<span class="input-qty-pretty-value">1</span>
                    <span class="input-qty-pretty-unit"></span>
                    </span>
                </div>

                <button type="button" class="btn cart-change-qty" data-change-type="plus" data-auid="increase-product-quantity" alt="Plus" aria-label="Plus">
                    <span class="icon-plus-sign"></span>
                </button>

                <p class="deal-limit-reached hidden">Deal Limit Reached</p>

                <div class="tooltip-qty-error tooltip-qty-limit hidden">
                    <p>
                        Limit to &nbsp; 999 &nbsp;each&nbsp; per customer.</p>
                </div>
                <div class="tooltip-qty-error tooltip-round-error hidden">
                    <p>
                        We do not have this in the weight you wanted. We've rounded your order to the nearest weight increment we stock.</p>
                </div>
            </div>
        </form>

        <!-- End Template: AddToCartSmall -->

    </div>
</div>
<div class="item">

    <div class="module-grocery-product quickview-simple  clicked" data-quickview-ajax-url="/p/21056019_EA/quickViewProduct" data-product-id="21056019_EA" data-product-price="$2.24">

        <span class="subtitle"></span>

        <div class="product-page-hotspot">
            <div class="product-cell quickview-button">
                <div class="product-image ">

                    <img src="https://assets.shop.loblaws.ca/products/21056019/b1/en/front/21056019_front_a01.png" onerror="this.src='https://assets.shop.loblaws.ca/products/NoImage/b1/en/front/NoImage_front_a01_@2.png';" alt="Chips, Korean BBQ" />

                    <span class="sticker deal">
	  				        <span class="deal-badge">

	  				            <span class="module-deal-badge module-deal-badge-grid simple-save-unit "
	  						        data-deal-type="SAVE $0.24"
	  						        data-ajax-promo-url="/simpleDeal/deals/product-tile?productCode=21056019_EA"
	  						        data-deal-id="21056019_EA">
	  						        <span class="deal-type">SAVE $0.24</span>

                    <span class="deal-expiry">
		Exp. 12/20
	</span>

                    </span>
                    </span>
                    </span>

                    <div class="hover-text-container">
                        <button href="#" tabindex="0" class="hover-text " aria-label="Quick View for Chips, Korean BBQ.">Quick View</button>
                    </div>
                </div>
            </div>

            <div class="product-in-cart">
                <div class="wrapper-product-in-cart">
                    <span>
	  			    In Cart
	  		    </span>
                </div>
            </div>

            <div class="product-info">
                <div class="product-name-wrapper">
                    <a href="/Food/Pantry/Chips-%26-Salty-Snacks/Potato-Chips/Kettle-Chips%2C-Korean-BBQ/p/21056019_EA" class="product-name" aria-label="Product page for Chips, Korean BBQ">
                        <span class="js-product-entry-brand">Kettle&nbsp;</span>

                        <span class="js-product-entry-name">Chips, Korean BBQ</span>

                        <span class="js-product-entry-size-detail">(220 g)</span>

                    </a>
                </div>

                <span class="ad-match-badge  hidden">Ad Match</span>

                <div class="price">
                    <div class="price-wrapper discount promo-alert ">
                        <span class="reg-price  price-alert" aria-label="Regular Price: $2.24">
					    <span class="reg-price-text">$2.24</span>

                        <sup class="reg-price-unit">ea</sup>
                        </span>
                        <span class="sale-price hidden" aria-label="Sale Price:">
					    <span class="sale-price-text"></span>
                        <sup class="sale-price-unit">ea</sup>
                        </span>

                        <span class="old-price" aria-label="Original Price: $2.48">
						    <span class="old-price-text">$2.48</span>
                        </span>

                        <span class="secondary-price hidden">

					    <span class="secondary-price-text" aria-label="Secondary Price:"></span>
                        </span>
                    </div>
                </div>

                <div class="qty">
                    <span class="reg-qty  price-alert">

		  		<span class="sr-only">Sale Price Per Unit:</span> $1.02 / 100 g

                    </span>

                    <span class="sale-qty hidden">

		  		<span class="sr-only">Sale Price Per Unit:</span> $1.02 / 100 g

                    </span>

                    <span class="secondary-qty hidden">

	  	<span class="secondary-qty-text"></span>
                    </span>
                </div>
            </div>

        </div>
        <form class="form-product  quickview-btn-simple" data-product-id="21056019_EA" data-min-qty="1.0" data-max-qty="999.0" data-unit-type="ea" data-cart-qty="1" data-default-qty="1" novalidate="novalidate" promoCode="" promoNumber="" data-is-customized="false" data-cart-url="/cart/product/21056019_EA" data-csrf-token="5582ec01-90c0-448b-b4f7-e2cf68d9f8a0" data-is-weighted-product="false">

            <div class="module-add-to-cart " data-change-type="plus" data-auto-edit="true" data-auto-add="true" data-cart-ajax-url="/cart/updateCart">
                <div class="wrapper-add-to-cart-btn">
                    <div class="module-add-to-cart-button-small">
                        <button type="button" class="btn btn-secondary btn-add-to-cart " data-auid="add-to-cart-button" data-has-pts-badge="false" aria-label="Add Chips, Korean BBQ to cart">
                            <span class="icon-cart"></span>
                            <span class="add-to-cart-text">
											Add</span>
                        </button>
                        <button type="button" class="btn btn-secondary btn-edit-cart hidden " aria-label="Edit Cart">
                            <span class="qty-in-cart"></span>
                            <span class="edit-cart-text">
											<spring code="product.edit.text" />"
										</span>
                        </button>
                        <div class="add-list-parent add-list-module  bottom-add-list-module ">
                            <button class="btn btn-inline-link btn-save-to-list  dark is-btn-animated" data-login-url="/account/login?productCode=21056019_EA" data-ajax-url="/restful/lists/all?productCode=21056019_EA" data-user-guest="Y" data-user-guest="Y" data-product-code="21056019_EA" data-delete-item="false" aria-label="Add Chips, Korean BBQ to a List">
                                <span class="glyphicon glyphicon-th-list"></span>
                                <div class="list-cta-text  is-btn-animated">Add to List</div>
                            </button>

                            <!-- this is the list HTML   -->
                            <div class="save-to-list-popup  is-btn-animated animation-up dark" data-save-to-list-error="Can not get lists at this time. Please try again later." data-product-name="Chips, Korean BBQ">
                                <div class="inner-container">
                                </div>

                            </div>
                        </div>

                    </div>
                </div>
            </div>

            <div class="module-plus-minus-buttons small hidden ">
                <button type="button" class="btn cart-change-qty" data-change-type="minus" data-auid="decrease-product-quantity" alt="Minus" aria-label="Minus">
                    <span class="icon-minimize"></span>
                </button>
                <div class="plus-minus-input-wrapper">
                    <input class="input-qty cart-change-qty" aria-label="Enter manual quantity" type="text" name="qty" title="Change quantity in cart" data-unit-type="ea" value="1ea" data-change-type="equals" maxlength="7">

                    <span class="input-qty-pretty">
							<span class="input-qty-pretty-value">1</span>
                    <span class="input-qty-pretty-unit"></span>
                    </span>
                </div>

                <button type="button" class="btn cart-change-qty" data-change-type="plus" data-auid="increase-product-quantity" alt="Plus" aria-label="Plus">
                    <span class="icon-plus-sign"></span>
                </button>

                <p class="deal-limit-reached hidden">Deal Limit Reached</p>

                <div class="tooltip-qty-error tooltip-qty-limit hidden">
                    <p>
                        Limit to &nbsp; 999 &nbsp;each&nbsp; per customer.</p>
                </div>
                <div class="tooltip-qty-error tooltip-round-error hidden">
                    <p>
                        We do not have this in the weight you wanted. We've rounded your order to the nearest weight increment we stock.</p>
                </div>
            </div>
        </form>

        <!-- End Template: AddToCartSmall -->

    </div>
</div>
<div class="item">

    <div class="module-grocery-product quickview-simple  clicked" data-quickview-ajax-url="/p/20075252_EA/quickViewProduct" data-product-id="20075252_EA" data-product-price="$5.98">

        <span class="subtitle"></span>

        <div class="product-page-hotspot">
            <div class="product-cell quickview-button">
                <div class="product-image ">

                    <img src="https://assets.shop.loblaws.ca/products/20075252/b1/en/front/20075252_front_a01.png" onerror="this.src='https://assets.shop.loblaws.ca/products/NoImage/b1/en/front/NoImage_front_a01_@2.png';" alt="Kettle Chips" />

                    <div class="hover-text-container">
                        <button href="#" tabindex="0" class="hover-text " aria-label="Quick View for Kettle Chips.">Quick View</button>
                    </div>
                </div>
            </div>

            <div class="product-in-cart">
                <div class="wrapper-product-in-cart">
                    <span>
	  			    In Cart
	  		    </span>
                </div>
            </div>

            <div class="product-info">
                <div class="product-name-wrapper">
                    <a href="/Food/Pantry/Chips-%26-Salty-Snacks/Potato-Chips/PC-Club-Pack-Kettle-Chips/p/20075252_EA" class="product-name" aria-label="Product page for Kettle Chips">
                        <span class="js-product-entry-brand">PC  Club Pack&nbsp;</span>

                        <span class="js-product-entry-name">Kettle Chips</span>

                        <span class="js-product-entry-size-detail">(907 g)</span>

                    </a>
                </div>

                <span class="ad-match-badge  hidden">Ad Match</span>

                <div class="price">
                    <div class="price-wrapper no-discount  ">
                        <span class="reg-price  " aria-label="Regular Price: $5.98">
					    <span class="reg-price-text">$5.98</span>

                        <sup class="reg-price-unit">ea</sup>
                        </span>
                        <span class="sale-price hidden" aria-label="Sale Price:">
					    <span class="sale-price-text"></span>
                        <sup class="sale-price-unit">ea</sup>
                        </span>

                        <span class="secondary-price hidden">

					    <span class="secondary-price-text" aria-label="Secondary Price:"></span>
                        </span>
                    </div>
                </div>

                <div class="qty">
                    <span class="reg-qty  ">

		  		<span class="sr-only">Sale Price Per Unit:</span> $0.66 / 100 g

                    </span>

                    <span class="sale-qty hidden">

		  		<span class="sr-only">Sale Price Per Unit:</span> $0.66 / 100 g

                    </span>

                    <span class="secondary-qty hidden">

	  	<span class="secondary-qty-text"></span>
                    </span>
                </div>
            </div>

        </div>
        <form class="form-product  quickview-btn-simple" data-product-id="20075252_EA" data-min-qty="1.0" data-max-qty="999.0" data-unit-type="ea" data-cart-qty="1" data-default-qty="1" novalidate="novalidate" promoCode="" promoNumber="" data-is-customized="false" data-cart-url="/cart/product/20075252_EA" data-csrf-token="5582ec01-90c0-448b-b4f7-e2cf68d9f8a0" data-is-weighted-product="false">

            <div class="module-add-to-cart " data-change-type="plus" data-auto-edit="true" data-auto-add="true" data-cart-ajax-url="/cart/updateCart">
                <div class="wrapper-add-to-cart-btn">
                    <div class="module-add-to-cart-button-small">
                        <button type="button" class="btn btn-secondary btn-add-to-cart " data-auid="add-to-cart-button" data-has-pts-badge="false" aria-label="Add Kettle Chips to cart">
                            <span class="icon-cart"></span>
                            <span class="add-to-cart-text">
											Add</span>
                        </button>
                        <button type="button" class="btn btn-secondary btn-edit-cart hidden " aria-label="Edit Cart">
                            <span class="qty-in-cart"></span>
                            <span class="edit-cart-text">
											<spring code="product.edit.text" />"
										</span>
                        </button>
                        <div class="add-list-parent add-list-module  bottom-add-list-module ">
                            <button class="btn btn-inline-link btn-save-to-list  dark is-btn-animated" data-login-url="/account/login?productCode=20075252_EA" data-ajax-url="/restful/lists/all?productCode=20075252_EA" data-user-guest="Y" data-user-guest="Y" data-product-code="20075252_EA" data-delete-item="false" aria-label="Add Kettle Chips to a List">
                                <span class="glyphicon glyphicon-th-list"></span>
                                <div class="list-cta-text  is-btn-animated">Add to List</div>
                            </button>

                            <!-- this is the list HTML   -->
                            <div class="save-to-list-popup  is-btn-animated animation-up dark" data-save-to-list-error="Can not get lists at this time. Please try again later." data-product-name="Kettle Chips">
                                <div class="inner-container">
                                </div>

                            </div>
                        </div>

                    </div>
                </div>
            </div>

            <div class="module-plus-minus-buttons small hidden ">
                <button type="button" class="btn cart-change-qty" data-change-type="minus" data-auid="decrease-product-quantity" alt="Minus" aria-label="Minus">
                    <span class="icon-minimize"></span>
                </button>
                <div class="plus-minus-input-wrapper">
                    <input class="input-qty cart-change-qty" aria-label="Enter manual quantity" type="text" name="qty" title="Change quantity in cart" data-unit-type="ea" value="1ea" data-change-type="equals" maxlength="7">

                    <span class="input-qty-pretty">
							<span class="input-qty-pretty-value">1</span>
                    <span class="input-qty-pretty-unit"></span>
                    </span>
                </div>

                <button type="button" class="btn cart-change-qty" data-change-type="plus" data-auid="increase-product-quantity" alt="Plus" aria-label="Plus">
                    <span class="icon-plus-sign"></span>
                </button>

                <p class="deal-limit-reached hidden">Deal Limit Reached</p>

                <div class="tooltip-qty-error tooltip-qty-limit hidden">
                    <p>
                        Limit to &nbsp; 999 &nbsp;each&nbsp; per customer.</p>
                </div>
                <div class="tooltip-qty-error tooltip-round-error hidden">
                    <p>
                        We do not have this in the weight you wanted. We've rounded your order to the nearest weight increment we stock.</p>
                </div>
            </div>
        </form>

        <!-- End Template: AddToCartSmall -->

    </div>
</div>
<div class="item">

    <div class="module-grocery-product quickview-simple  clicked" data-quickview-ajax-url="/p/21050575_EA/quickViewProduct" data-product-id="21050575_EA" data-product-price="$2.97">

        <span class="subtitle"></span>

        <div class="product-page-hotspot">
            <div class="product-cell quickview-button">
                <div class="product-image ">

                    <img src="https://assets.shop.loblaws.ca/products/21050575/b1/en/front/21050575_front_a01.png" onerror="this.src='https://assets.shop.loblaws.ca/products/NoImage/b1/en/front/NoImage_front_a01_@2.png';" alt="Tortilla Chips, Restaurant style" />

                    <span class="sticker deal">
	  				        <span class="deal-badge">

	  				            <span class="module-deal-badge module-deal-badge-grid simple-save-unit "
	  						        data-deal-type="2 FOR $5.00"
	  						        data-ajax-promo-url="/simpleDeal/deals/product-tile?productCode=21050575_EA"
	  						        data-deal-id="21050575_EA">
	  						        <span class="deal-type">2 FOR $5.00</span>

                    <span class="deal-expiry">
		Exp. 12/19
	</span>

                    </span>
                    </span>
                    </span>

                    <div class="hover-text-container">
                        <button href="#" tabindex="0" class="hover-text " aria-label="Quick View for Tortilla Chips, Restaurant style.">Quick View</button>
                    </div>
                </div>
            </div>

            <div class="product-in-cart">
                <div class="wrapper-product-in-cart">
                    <span>
	  			    In Cart
	  		    </span>
                </div>
            </div>

            <div class="product-info">
                <div class="product-name-wrapper">
                    <a href="/Food/Pantry/Chips-%26-Salty-Snacks/Tortilla-Chips/Tostitos-Tortilla-Chips%2C-Restaurant-style/p/21050575_EA" class="product-name" aria-label="Product page for Tortilla Chips, Restaurant style">
                        <span class="js-product-entry-brand">Tostitos&nbsp;</span>

                        <span class="js-product-entry-name">Tortilla Chips, Restaurant style</span>

                        <span class="js-product-entry-size-detail">(275 g)</span>

                    </a>
                </div>

                <span class="ad-match-badge  hidden">Ad Match</span>

                <div class="price">
                    <div class="price-wrapper no-discount  ">
                        <span class="reg-price  " aria-label="Regular Price: $2.97">
					    <span class="reg-price-text">$2.97</span>

                        <sup class="reg-price-unit">ea</sup>
                        </span>
                        <span class="sale-price hidden" aria-label="Sale Price:">
					    <span class="sale-price-text"></span>
                        <sup class="sale-price-unit">ea</sup>
                        </span>

                        <span class="secondary-price hidden">

					    <span class="secondary-price-text" aria-label="Secondary Price:"></span>
                        </span>
                    </div>
                </div>

                <div class="qty">
                    <span class="reg-qty  ">

		  		<span class="sr-only">Sale Price Per Unit:</span> $1.08 / 100 g

                    </span>

                    <span class="sale-qty hidden">

		  		<span class="sr-only">Sale Price Per Unit:</span> $1.08 / 100 g

                    </span>

                    <span class="secondary-qty hidden">

	  	<span class="secondary-qty-text"></span>
                    </span>
                </div>
            </div>

        </div>
        <form class="form-product  quickview-btn-simple" data-product-id="21050575_EA" data-min-qty="1.0" data-max-qty="999.0" data-unit-type="ea" data-cart-qty="1" data-default-qty="1" novalidate="novalidate" promoCode="" promoNumber="" data-is-customized="false" data-cart-url="/cart/product/21050575_EA" data-csrf-token="5582ec01-90c0-448b-b4f7-e2cf68d9f8a0" data-is-weighted-product="false">

            <div class="module-add-to-cart " data-change-type="plus" data-auto-edit="true" data-auto-add="true" data-cart-ajax-url="/cart/updateCart">
                <div class="wrapper-add-to-cart-btn">
                    <div class="module-add-to-cart-button-small">
                        <button type="button" class="btn btn-secondary btn-add-to-cart " data-auid="add-to-cart-button" data-has-pts-badge="false" aria-label="Add Tortilla Chips, Restaurant style to cart">
                            <span class="icon-cart"></span>
                            <span class="add-to-cart-text">
											Add</span>
                        </button>
                        <button type="button" class="btn btn-secondary btn-edit-cart hidden " aria-label="Edit Cart">
                            <span class="qty-in-cart"></span>
                            <span class="edit-cart-text">
											<spring code="product.edit.text" />"
										</span>
                        </button>
                        <div class="add-list-parent add-list-module  bottom-add-list-module ">
                            <button class="btn btn-inline-link btn-save-to-list  dark is-btn-animated" data-login-url="/account/login?productCode=21050575_EA" data-ajax-url="/restful/lists/all?productCode=21050575_EA" data-user-guest="Y" data-user-guest="Y" data-product-code="21050575_EA" data-delete-item="false" aria-label="Add Tortilla Chips, Restaurant style to a List">
                                <span class="glyphicon glyphicon-th-list"></span>
                                <div class="list-cta-text  is-btn-animated">Add to List</div>
                            </button>

                            <!-- this is the list HTML   -->
                            <div class="save-to-list-popup  is-btn-animated animation-up dark" data-save-to-list-error="Can not get lists at this time. Please try again later." data-product-name="Tortilla Chips, Restaurant style">
                                <div class="inner-container">
                                </div>

                            </div>
                        </div>

                    </div>
                </div>
            </div>

            <div class="module-plus-minus-buttons small hidden ">
                <button type="button" class="btn cart-change-qty" data-change-type="minus" data-auid="decrease-product-quantity" alt="Minus" aria-label="Minus">
                    <span class="icon-minimize"></span>
                </button>
                <div class="plus-minus-input-wrapper">
                    <input class="input-qty cart-change-qty" aria-label="Enter manual quantity" type="text" name="qty" title="Change quantity in cart" data-unit-type="ea" value="1ea" data-change-type="equals" maxlength="7">

                    <span class="input-qty-pretty">
							<span class="input-qty-pretty-value">1</span>
                    <span class="input-qty-pretty-unit"></span>
                    </span>
                </div>

                <button type="button" class="btn cart-change-qty" data-change-type="plus" data-auid="increase-product-quantity" alt="Plus" aria-label="Plus">
                    <span class="icon-plus-sign"></span>
                </button>

                <p class="deal-limit-reached hidden">Deal Limit Reached</p>

                <div class="tooltip-qty-error tooltip-qty-limit hidden">
                    <p>
                        Limit to &nbsp; 999 &nbsp;each&nbsp; per customer.</p>
                </div>
                <div class="tooltip-qty-error tooltip-round-error hidden">
                    <p>
                        We do not have this in the weight you wanted. We've rounded your order to the nearest weight increment we stock.</p>
                </div>
            </div>
        </form>

        <!-- End Template: AddToCartSmall -->

    </div>
</div>
<div class="item">

    <div class="module-grocery-product quickview-simple  clicked" data-quickview-ajax-url="/p/20763199_EA/quickViewProduct" data-product-id="20763199_EA" data-product-price="$4.98">

        <span class="subtitle"></span>

        <div class="product-page-hotspot">
            <div class="product-cell quickview-button">
                <div class="product-image ">

                    <img src="https://assets.shop.loblaws.ca/products/20763199/b1/en/front/20763199_front_a01.png" onerror="this.src='https://assets.shop.loblaws.ca/products/NoImage/b1/en/front/NoImage_front_a01_@2.png';" alt="Tortilla Chips, Restaurant style" />

                    <span class="sticker deal">
	  				        <span class="deal-badge">

	  				            <span class="module-deal-badge module-deal-badge-grid simple-save-unit "
	  						        data-deal-type="2 FOR $8.76"
	  						        data-ajax-promo-url="/simpleDeal/deals/product-tile?productCode=20763199_EA"
	  						        data-deal-id="20763199_EA">
	  						        <span class="deal-type">2 FOR $8.76</span>

                    <span class="deal-expiry">
		Exp. 12/31
	</span>

                    </span>
                    </span>
                    </span>

                    <div class="hover-text-container">
                        <button href="#" tabindex="0" class="hover-text " aria-label="Quick View for Tortilla Chips, Restaurant style.">Quick View</button>
                    </div>
                </div>
            </div>

            <div class="product-in-cart">
                <div class="wrapper-product-in-cart">
                    <span>
	  			    In Cart
	  		    </span>
                </div>
            </div>

            <div class="product-info">
                <div class="product-name-wrapper">
                    <a href="/Food/Pantry/Chips-%26-Salty-Snacks/Potato-Chips/Tostitos-RESTAURANT-Tortilla-Chips%2C-Restaurant-style/p/20763199_EA" class="product-name" aria-label="Product page for Tortilla Chips, Restaurant style">
                        <span class="js-product-entry-brand">Tostitos&nbsp;</span>

                        <span class="js-product-entry-name">Tortilla Chips, Restaurant style</span>

                        <span class="js-product-entry-size-detail">(530 g)</span>

                    </a>
                </div>

                <span class="ad-match-badge  hidden">Ad Match</span>

                <div class="price">
                    <div class="price-wrapper no-discount  ">
                        <span class="reg-price  " aria-label="Regular Price: $4.98">
					    <span class="reg-price-text">$4.98</span>

                        <sup class="reg-price-unit">ea</sup>
                        </span>
                        <span class="sale-price hidden" aria-label="Sale Price:">
					    <span class="sale-price-text"></span>
                        <sup class="sale-price-unit">ea</sup>
                        </span>

                        <span class="secondary-price hidden">

					    <span class="secondary-price-text" aria-label="Secondary Price:"></span>
                        </span>
                    </div>
                </div>

                <div class="qty">
                    <span class="reg-qty  ">

		  		<span class="sr-only">Sale Price Per Unit:</span> $0.94 / 100 g

                    </span>

                    <span class="sale-qty hidden">

		  		<span class="sr-only">Sale Price Per Unit:</span> $0.94 / 100 g

                    </span>

                    <span class="secondary-qty hidden">

	  	<span class="secondary-qty-text"></span>
                    </span>
                </div>
            </div>

        </div>
        <form class="form-product  quickview-btn-simple" data-product-id="20763199_EA" data-min-qty="1.0" data-max-qty="999.0" data-unit-type="ea" data-cart-qty="1" data-default-qty="1" novalidate="novalidate" promoCode="" promoNumber="" data-is-customized="false" data-cart-url="/cart/product/20763199_EA" data-csrf-token="5582ec01-90c0-448b-b4f7-e2cf68d9f8a0" data-is-weighted-product="false">

            <div class="module-add-to-cart " data-change-type="plus" data-auto-edit="true" data-auto-add="true" data-cart-ajax-url="/cart/updateCart">
                <div class="wrapper-add-to-cart-btn">
                    <div class="module-add-to-cart-button-small">
                        <button type="button" class="btn btn-secondary btn-add-to-cart " data-auid="add-to-cart-button" data-has-pts-badge="false" aria-label="Add Tortilla Chips, Restaurant style to cart">
                            <span class="icon-cart"></span>
                            <span class="add-to-cart-text">
											Add</span>
                        </button>
                        <button type="button" class="btn btn-secondary btn-edit-cart hidden " aria-label="Edit Cart">
                            <span class="qty-in-cart"></span>
                            <span class="edit-cart-text">
											<spring code="product.edit.text" />"
										</span>
                        </button>
                        <div class="add-list-parent add-list-module  bottom-add-list-module ">
                            <button class="btn btn-inline-link btn-save-to-list  dark is-btn-animated" data-login-url="/account/login?productCode=20763199_EA" data-ajax-url="/restful/lists/all?productCode=20763199_EA" data-user-guest="Y" data-user-guest="Y" data-product-code="20763199_EA" data-delete-item="false" aria-label="Add Tortilla Chips, Restaurant style to a List">
                                <span class="glyphicon glyphicon-th-list"></span>
                                <div class="list-cta-text  is-btn-animated">Add to List</div>
                            </button>

                            <!-- this is the list HTML   -->
                            <div class="save-to-list-popup  is-btn-animated animation-up dark" data-save-to-list-error="Can not get lists at this time. Please try again later." data-product-name="Tortilla Chips, Restaurant style">
                                <div class="inner-container">
                                </div>

                            </div>
                        </div>

                    </div>
                </div>
            </div>

            <div class="module-plus-minus-buttons small hidden ">
                <button type="button" class="btn cart-change-qty" data-change-type="minus" data-auid="decrease-product-quantity" alt="Minus" aria-label="Minus">
                    <span class="icon-minimize"></span>
                </button>
                <div class="plus-minus-input-wrapper">
                    <input class="input-qty cart-change-qty" aria-label="Enter manual quantity" type="text" name="qty" title="Change quantity in cart" data-unit-type="ea" value="1ea" data-change-type="equals" maxlength="7">

                    <span class="input-qty-pretty">
							<span class="input-qty-pretty-value">1</span>
                    <span class="input-qty-pretty-unit"></span>
                    </span>
                </div>

                <button type="button" class="btn cart-change-qty" data-change-type="plus" data-auid="increase-product-quantity" alt="Plus" aria-label="Plus">
                    <span class="icon-plus-sign"></span>
                </button>

                <p class="deal-limit-reached hidden">Deal Limit Reached</p>

                <div class="tooltip-qty-error tooltip-qty-limit hidden">
                    <p>
                        Limit to &nbsp; 999 &nbsp;each&nbsp; per customer.</p>
                </div>
                <div class="tooltip-qty-error tooltip-round-error hidden">
                    <p>
                        We do not have this in the weight you wanted. We've rounded your order to the nearest weight increment we stock.</p>
                </div>
            </div>
        </form>

        <!-- End Template: AddToCartSmall -->

    </div>
</div>
<div class="item">

    <div class="module-grocery-product quickview-simple  clicked" data-quickview-ajax-url="/p/20140411004_EA/quickViewProduct" data-product-id="20140411004_EA" data-product-price="$3.98">

        <span class="subtitle"></span>

        <div class="product-page-hotspot">
            <div class="product-cell quickview-button">
                <div class="product-image ">

                    <img src="https://assets.shop.loblaws.ca/products/20140411004/b1/en/front/20140411004_front_a01.png" onerror="this.src='https://assets.shop.loblaws.ca/products/NoImage/b1/en/front/NoImage_front_a01_@2.png';" alt="Sweets & Beet" />

                    <span class="sticker deal">
	  				        <span class="deal-badge">

	  				            <span class="module-deal-badge module-deal-badge-grid simple-save-unit "
	  						        data-deal-type="$3.98 LIMIT 4"
	  						        data-ajax-promo-url="/simpleDeal/deals/product-tile?productCode=20140411004_EA"
	  						        data-deal-id="20140411004_EA">
	  						        <span class="deal-type">$3.98 LIMIT 4</span>

                    <span class="deal-expiry">
		Exp. 12/27
	</span>

                    </span>
                    </span>
                    </span>

                    <div class="hover-text-container">
                        <button href="#" tabindex="0" class="hover-text " aria-label="Quick View for Sweets & Beet.">Quick View</button>
                    </div>
                </div>
            </div>

            <div class="product-in-cart">
                <div class="wrapper-product-in-cart">
                    <span>
	  			    In Cart
	  		    </span>
                </div>
            </div>

            <div class="product-info">
                <div class="product-name-wrapper">
                    <a href="/Food/Pantry/Chips-%26-Salty-Snacks/Potato-Chips/Sweets-%26-Beet/p/20140411004_EA" class="product-name" aria-label="Product page for Sweets & Beet">
                        <span class="js-product-entry-brand">Terra&nbsp;</span>

                        <span class="js-product-entry-name">Sweets & Beet</span>

                        <span class="js-product-entry-size-detail">(170 g)</span>

                    </a>
                </div>

                <span class="ad-match-badge  hidden">Ad Match</span>

                <div class="price">
                    <div class="price-wrapper no-discount promo-alert ">
                        <span class="reg-price  price-alert" aria-label="Regular Price: $3.98">
					    <span class="reg-price-text">$3.98</span>

                        <sup class="reg-price-unit">ea</sup>
                        </span>
                        <span class="sale-price hidden" aria-label="Sale Price:">
					    <span class="sale-price-text"></span>
                        <sup class="sale-price-unit">ea</sup>
                        </span>

                        <span class="secondary-price hidden">

					    <span class="secondary-price-text" aria-label="Secondary Price:"></span>
                        </span>
                    </div>
                </div>

                <div class="qty">
                    <span class="reg-qty  price-alert">

		  		<span class="sr-only">Sale Price Per Unit:</span> $2.34 / 100 g

                    </span>

                    <span class="sale-qty hidden">

		  		<span class="sr-only">Sale Price Per Unit:</span> $2.34 / 100 g

                    </span>

                    <span class="secondary-qty hidden">

	  	<span class="secondary-qty-text"></span>
                    </span>
                </div>
            </div>

        </div>
        <form class="form-product  quickview-btn-simple" data-product-id="20140411004_EA" data-min-qty="1.0" data-max-qty="999.0" data-unit-type="ea" data-cart-qty="1" data-default-qty="1" novalidate="novalidate" promoCode="" promoNumber="" data-is-customized="false" data-cart-url="/cart/product/20140411004_EA" data-csrf-token="5582ec01-90c0-448b-b4f7-e2cf68d9f8a0" data-is-weighted-product="false">

            <div class="module-add-to-cart " data-change-type="plus" data-auto-edit="true" data-auto-add="true" data-cart-ajax-url="/cart/updateCart">
                <div class="wrapper-add-to-cart-btn">
                    <div class="module-add-to-cart-button-small">
                        <button type="button" class="btn btn-secondary btn-add-to-cart " data-auid="add-to-cart-button" data-has-pts-badge="false" aria-label="Add Sweets & Beet to cart">
                            <span class="icon-cart"></span>
                            <span class="add-to-cart-text">
											Add</span>
                        </button>
                        <button type="button" class="btn btn-secondary btn-edit-cart hidden " aria-label="Edit Cart">
                            <span class="qty-in-cart"></span>
                            <span class="edit-cart-text">
											<spring code="product.edit.text" />"
										</span>
                        </button>
                        <div class="add-list-parent add-list-module  bottom-add-list-module ">
                            <button class="btn btn-inline-link btn-save-to-list  dark is-btn-animated" data-login-url="/account/login?productCode=20140411004_EA" data-ajax-url="/restful/lists/all?productCode=20140411004_EA" data-user-guest="Y" data-user-guest="Y" data-product-code="20140411004_EA" data-delete-item="false" aria-label="Add Sweets & Beet to a List">
                                <span class="glyphicon glyphicon-th-list"></span>
                                <div class="list-cta-text  is-btn-animated">Add to List</div>
                            </button>

                            <!-- this is the list HTML   -->
                            <div class="save-to-list-popup  is-btn-animated animation-up dark" data-save-to-list-error="Can not get lists at this time. Please try again later." data-product-name="Sweets & Beet">
                                <div class="inner-container">
                                </div>

                            </div>
                        </div>

                    </div>
                </div>
            </div>

            <div class="module-plus-minus-buttons small hidden ">
                <button type="button" class="btn cart-change-qty" data-change-type="minus" data-auid="decrease-product-quantity" alt="Minus" aria-label="Minus">
                    <span class="icon-minimize"></span>
                </button>
                <div class="plus-minus-input-wrapper">
                    <input class="input-qty cart-change-qty" aria-label="Enter manual quantity" type="text" name="qty" title="Change quantity in cart" data-unit-type="ea" value="1ea" data-change-type="equals" maxlength="7">

                    <span class="input-qty-pretty">
							<span class="input-qty-pretty-value">1</span>
                    <span class="input-qty-pretty-unit"></span>
                    </span>
                </div>

                <button type="button" class="btn cart-change-qty" data-change-type="plus" data-auid="increase-product-quantity" alt="Plus" aria-label="Plus">
                    <span class="icon-plus-sign"></span>
                </button>

                <p class="deal-limit-reached hidden">Deal Limit Reached</p>

                <div class="tooltip-qty-error tooltip-qty-limit hidden">
                    <p>
                        Limit to &nbsp; 999 &nbsp;each&nbsp; per customer.</p>
                </div>
                <div class="tooltip-qty-error tooltip-round-error hidden">
                    <p>
                        We do not have this in the weight you wanted. We've rounded your order to the nearest weight increment we stock.</p>
                </div>
            </div>
        </form>

        <!-- End Template: AddToCartSmall -->

    </div>
</div>

<div class="item">

    <div class="module-grocery-product quickview-simple  clicked" data-quickview-ajax-url="/p/20060972_EA/quickViewProduct" data-product-id="20060972_EA" data-product-price="$4.98">

        <span class="subtitle"></span>

        <div class="product-page-hotspot">
            <div class="product-cell quickview-button">
                <div class="product-image ">

                    <img src="https://assets.shop.loblaws.ca/products/20060972/b1/en/front/20060972_front_a01.png" onerror="this.src='https://assets.shop.loblaws.ca/products/NoImage/b1/en/front/NoImage_front_a01_@2.png';" alt="Rippled Potato Chips" />

                    <div class="hover-text-container">
                        <button href="#" tabindex="0" class="hover-text " aria-label="Quick View for Rippled Potato Chips.">Quick View</button>
                    </div>
                </div>
            </div>

            <div class="product-in-cart">
                <div class="wrapper-product-in-cart">
                    <span>
	  			    In Cart
	  		    </span>
                </div>
            </div>

            <div class="product-info">
                <div class="product-name-wrapper">
                    <a href="/Food/Pantry/Chips-%26-Salty-Snacks/Potato-Chips/No-Name-Club-Pack-Rippled-Potato-Chips/p/20060972_EA" class="product-name" aria-label="Product page for Rippled Potato Chips">
                        <span class="js-product-entry-brand">No Name Club Pack&nbsp;</span>

                        <span class="js-product-entry-name">Rippled Potato Chips</span>

                        <span class="js-product-entry-size-detail">(750 g)</span>

                    </a>
                </div>

                <span class="ad-match-badge  hidden">Ad Match</span>

                <div class="price">
                    <div class="price-wrapper no-discount  ">
                        <span class="reg-price  " aria-label="Regular Price: $4.98">
					    <span class="reg-price-text">$4.98</span>

                        <sup class="reg-price-unit">ea</sup>
                        </span>
                        <span class="sale-price hidden" aria-label="Sale Price:">
					    <span class="sale-price-text"></span>
                        <sup class="sale-price-unit">ea</sup>
                        </span>

                        <span class="secondary-price hidden">

					    <span class="secondary-price-text" aria-label="Secondary Price:"></span>
                        </span>
                    </div>
                </div>

                <div class="qty">
                    <span class="reg-qty  ">

		  		<span class="sr-only">Sale Price Per Unit:</span> $0.66 / 100 g

                    </span>

                    <span class="sale-qty hidden">

		  		<span class="sr-only">Sale Price Per Unit:</span> $0.66 / 100 g

                    </span>

                    <span class="secondary-qty hidden">

	  	<span class="secondary-qty-text"></span>
                    </span>
                </div>
            </div>

        </div>
        <form class="form-product  quickview-btn-simple" data-product-id="20060972_EA" data-min-qty="1.0" data-max-qty="999.0" data-unit-type="ea" data-cart-qty="1" data-default-qty="1" novalidate="novalidate" promoCode="" promoNumber="" data-is-customized="false" data-cart-url="/cart/product/20060972_EA" data-csrf-token="5582ec01-90c0-448b-b4f7-e2cf68d9f8a0" data-is-weighted-product="false">

            <div class="module-add-to-cart " data-change-type="plus" data-auto-edit="true" data-auto-add="true" data-cart-ajax-url="/cart/updateCart">
                <div class="wrapper-add-to-cart-btn">
                    <div class="module-add-to-cart-button-small">
                        <button type="button" class="btn btn-secondary btn-add-to-cart " data-auid="add-to-cart-button" data-has-pts-badge="false" aria-label="Add Rippled Potato Chips to cart">
                            <span class="icon-cart"></span>
                            <span class="add-to-cart-text">
											Add</span>
                        </button>
                        <button type="button" class="btn btn-secondary btn-edit-cart hidden " aria-label="Edit Cart">
                            <span class="qty-in-cart"></span>
                            <span class="edit-cart-text">
											<spring code="product.edit.text" />"
										</span>
                        </button>
                        <div class="add-list-parent add-list-module  bottom-add-list-module ">
                            <button class="btn btn-inline-link btn-save-to-list  dark is-btn-animated" data-login-url="/account/login?productCode=20060972_EA" data-ajax-url="/restful/lists/all?productCode=20060972_EA" data-user-guest="Y" data-user-guest="Y" data-product-code="20060972_EA" data-delete-item="false" aria-label="Add Rippled Potato Chips to a List">
                                <span class="glyphicon glyphicon-th-list"></span>
                                <div class="list-cta-text  is-btn-animated">Add to List</div>
                            </button>

                            <!-- this is the list HTML   -->
                            <div class="save-to-list-popup  is-btn-animated animation-up dark" data-save-to-list-error="Can not get lists at this time. Please try again later." data-product-name="Rippled Potato Chips">
                                <div class="inner-container">
                                </div>

                            </div>
                        </div>

                        <script id="tmpl-product-list-grid" type="text/x-dot-template">
                            <ul>
                                {{~it.shoppingListData :entry:index }} {{? entry.added }}
                                <li class="already-added">
                                    <div class="no-link item-label">

                                        <span class="category-list-name">{{=entry.shoppingListName}}</span>
                                    </div><span class="glyphicon glyphicon-ok"></span></li>
                                {{??}}
                                <li class="has-item-label-link"><a data-shopping-list-name="{{=entry.shoppingListName}}" class="item-label" data-submit-message="{{!entry.addMessage}}" href="/restful/lists/{{=entry.shoppingListCode}}/product/{{=it.productCode}}?CSRFToken={{=it.csrf}}">{{=entry.shoppingListName}}</a></li>
                                {{?}} {{~}}
                                <li class="create-new trigger-modal" data-modal-content-id="create-list-modal-content" data-productcode="{{=it.productCode}}"><a href="#">Create New List</a></li>
                            </ul>
                        </script>

                        <!-- Begin Template: createListModal -->
                        <script type="text/x-dot-template" class="modal-content" id="create-list-modal-content">
                            <div class="wrapper-new-list-popup">
                                <div class="new-list-popup-container">
                                    <h1>
					Create a new list</h1>
                                    <div class="subhead">
                                        Lists are a great way to organize your shopping needs. After you create a list, they can be found in the "My Favourites" page.</div>
                                    {{? it.productcode }}
                                    <form class="container form-create-list" novalidate="novalidate" method="POST" commandName="shoppingListForm" action="/restful/lists/{{=it.productcode}}?CSRFToken=5582ec01-90c0-448b-b4f7-e2cf68d9f8a0" data-ajax-url="/restful/lists/{{=it.productcode}}?CSRFToken=5582ec01-90c0-448b-b4f7-e2cf68d9f8a0" data-server-error-message="Sorry, something went wrong. Please try again later.">
                                        {{??}}
                                        <form class="container form-create-list" novalidate="novalidate" method="POST" commandName="shoppingListForm" action="/restful/lists/?CSRFToken=5582ec01-90c0-448b-b4f7-e2cf68d9f8a0" data-ajax-url="/restful/lists/?CSRFToken=5582ec01-90c0-448b-b4f7-e2cf68d9f8a0" data-server-error-message="Sorry, something went wrong. Please try again later.">
                                            {{?}}
                                            <div class="row-error">
                                                <div>
                                                    <span class='warning server-warning'>
							</span>
                                                </div>
                                            </div>
                                            <input id="name" name="name" class="form-control input-list-name" type="text" autocomplete="off" autofocus placeholder="Enter a name" path="name" maxlength="160" required="true" data-msg-required="Please enter name for list." />

                                            <textarea id="description" name="description" class="form-control input-list-desc" type="text" placeholder="Add a description (optional)" path="description" maxlength="160"></textarea>

                                            <button type="submit" class="btn btn-primary save-list input-submitter-submit">
                                                Save</button>

                                            <a href="javascript:void(0)" class="cancel-new-list modal-close">
						Cancel</a>
                                        </form>
                                </div>
                            </div>
                        </script>

                        <!-- End Template: createListModal -->
                    </div>
                </div>
            </div>

            <div class="module-plus-minus-buttons small hidden ">
                <button type="button" class="btn cart-change-qty" data-change-type="minus" data-auid="decrease-product-quantity" alt="Minus" aria-label="Minus">
                    <span class="icon-minimize"></span>
                </button>
                <div class="plus-minus-input-wrapper">
                    <input class="input-qty cart-change-qty" aria-label="Enter manual quantity" type="text" name="qty" title="Change quantity in cart" data-unit-type="ea" value="1ea" data-change-type="equals" maxlength="7">

                    <span class="input-qty-pretty">
							<span class="input-qty-pretty-value">1</span>
                    <span class="input-qty-pretty-unit"></span>
                    </span>
                </div>

                <button type="button" class="btn cart-change-qty" data-change-type="plus" data-auid="increase-product-quantity" alt="Plus" aria-label="Plus">
                    <span class="icon-plus-sign"></span>
                </button>

                <p class="deal-limit-reached hidden">Deal Limit Reached</p>

                <div class="tooltip-qty-error tooltip-qty-limit hidden">
                    <p>
                        Limit to &nbsp; 999 &nbsp;each&nbsp; per customer.</p>
                </div>
                <div class="tooltip-qty-error tooltip-round-error hidden">
                    <p>
                        We do not have this in the weight you wanted. We've rounded your order to the nearest weight increment we stock.</p>
                </div>
            </div>
            </form>

            <!-- End Template: AddToCartSmall -->

    </div>
</div>
<div class="item">

    <div class="module-grocery-product quickview-simple  clicked" data-quickview-ajax-url="/p/21084975_EA/quickViewProduct" data-product-id="21084975_EA" data-product-price="$2.47">

        <span class="subtitle"></span>

        <div class="product-page-hotspot">
            <div class="product-cell quickview-button">
                <div class="product-image ">

                    <img src="https://assets.shop.loblaws.ca/products/21084975/b1/en/front/21084975_front_a01.png" onerror="this.src='https://assets.shop.loblaws.ca/products/NoImage/b1/en/front/NoImage_front_a01_@2.png';" alt="Wavy Potato Chips, Hickory BBQ" />

                    <span class="sticker deal">
	  				        <span class="deal-badge">

	  				            <span class="module-deal-badge module-deal-badge-grid simple-save-unit "
	  						        data-deal-type="SAVE $0.71"
	  						        data-ajax-promo-url="/simpleDeal/deals/product-tile?productCode=21084975_EA"
	  						        data-deal-id="21084975_EA">
	  						        <span class="deal-type">SAVE $0.71</span>

                    <span class="deal-expiry">
		Exp. 12/20
	</span>

                    </span>
                    </span>
                    </span>

                    <div class="hover-text-container">
                        <button href="#" tabindex="0" class="hover-text " aria-label="Quick View for Wavy Potato Chips, Hickory BBQ.">Quick View</button>
                    </div>
                </div>
            </div>

            <div class="product-in-cart">
                <div class="wrapper-product-in-cart">
                    <span>
	  			    In Cart
	  		    </span>
                </div>
            </div>

            <div class="product-info">
                <div class="product-name-wrapper">
                    <a href="/Food/Pantry/Chips-%26-Salty-Snacks/Potato-Chips/Lay%27s-Wavy-Potato-Chips%2C-Hickory-BBQ/p/21084975_EA" class="product-name" aria-label="Product page for Wavy Potato Chips, Hickory BBQ">
                        <span class="js-product-entry-brand">Lay's&nbsp;</span>

                        <span class="js-product-entry-name">Wavy Potato Chips, Hickory BBQ</span>

                        <span class="js-product-entry-size-detail">(240 g)</span>

                    </a>
                </div>

                <span class="ad-match-badge  hidden">Ad Match</span>

                <div class="price">
                    <div class="price-wrapper discount promo-alert ">
                        <span class="reg-price  price-alert" aria-label="Regular Price: $2.47">
					    <span class="reg-price-text">$2.47</span>

                        <sup class="reg-price-unit">ea</sup>
                        </span>
                        <span class="sale-price hidden" aria-label="Sale Price:">
					    <span class="sale-price-text"></span>
                        <sup class="sale-price-unit">ea</sup>
                        </span>

                        <span class="old-price" aria-label="Original Price: $3.18">
						    <span class="old-price-text">$3.18</span>
                        </span>

                        <span class="secondary-price hidden">

					    <span class="secondary-price-text" aria-label="Secondary Price:"></span>
                        </span>
                    </div>
                </div>

                <div class="qty">
                    <span class="reg-qty  price-alert">

		  		<span class="sr-only">Sale Price Per Unit:</span> $1.03 / 100 g

                    </span>

                    <span class="sale-qty hidden">

		  		<span class="sr-only">Sale Price Per Unit:</span> $1.03 / 100 g

                    </span>

                    <span class="secondary-qty hidden">

	  	<span class="secondary-qty-text"></span>
                    </span>
                </div>
            </div>

        </div>
        <form class="form-product  quickview-btn-simple" data-product-id="21084975_EA" data-min-qty="1.0" data-max-qty="999.0" data-unit-type="ea" data-cart-qty="1" data-default-qty="1" novalidate="novalidate" promoCode="" promoNumber="" data-is-customized="false" data-cart-url="/cart/product/21084975_EA" data-csrf-token="5582ec01-90c0-448b-b4f7-e2cf68d9f8a0" data-is-weighted-product="false">

            <div class="module-add-to-cart " data-change-type="plus" data-auto-edit="true" data-auto-add="true" data-cart-ajax-url="/cart/updateCart">
                <div class="wrapper-add-to-cart-btn">
                    <div class="module-add-to-cart-button-small">
                        <button type="button" class="btn btn-secondary btn-add-to-cart " data-auid="add-to-cart-button" data-has-pts-badge="false" aria-label="Add Wavy Potato Chips, Hickory BBQ to cart">
                            <span class="icon-cart"></span>
                            <span class="add-to-cart-text">
											Add</span>
                        </button>
                        <button type="button" class="btn btn-secondary btn-edit-cart hidden " aria-label="Edit Cart">
                            <span class="qty-in-cart"></span>
                            <span class="edit-cart-text">
											<spring code="product.edit.text" />"
										</span>
                        </button>
                        <div class="add-list-parent add-list-module  bottom-add-list-module ">
                            <button class="btn btn-inline-link btn-save-to-list  dark is-btn-animated" data-login-url="/account/login?productCode=21084975_EA" data-ajax-url="/restful/lists/all?productCode=21084975_EA" data-user-guest="Y" data-user-guest="Y" data-product-code="21084975_EA" data-delete-item="false" aria-label="Add Wavy Potato Chips, Hickory BBQ to a List">
                                <span class="glyphicon glyphicon-th-list"></span>
                                <div class="list-cta-text  is-btn-animated">Add to List</div>
                            </button>

                            <!-- this is the list HTML   -->
                            <div class="save-to-list-popup  is-btn-animated animation-up dark" data-save-to-list-error="Can not get lists at this time. Please try again later." data-product-name="Wavy Potato Chips, Hickory BBQ">
                                <div class="inner-container">
                                </div>

                            </div>
                        </div>

                    </div>
                </div>
            </div>

            <div class="module-plus-minus-buttons small hidden ">
                <button type="button" class="btn cart-change-qty" data-change-type="minus" data-auid="decrease-product-quantity" alt="Minus" aria-label="Minus">
                    <span class="icon-minimize"></span>
                </button>
                <div class="plus-minus-input-wrapper">
                    <input class="input-qty cart-change-qty" aria-label="Enter manual quantity" type="text" name="qty" title="Change quantity in cart" data-unit-type="ea" value="1ea" data-change-type="equals" maxlength="7">

                    <span class="input-qty-pretty">
							<span class="input-qty-pretty-value">1</span>
                    <span class="input-qty-pretty-unit"></span>
                    </span>
                </div>

                <button type="button" class="btn cart-change-qty" data-change-type="plus" data-auid="increase-product-quantity" alt="Plus" aria-label="Plus">
                    <span class="icon-plus-sign"></span>
                </button>

                <p class="deal-limit-reached hidden">Deal Limit Reached</p>

                <div class="tooltip-qty-error tooltip-qty-limit hidden">
                    <p>
                        Limit to &nbsp; 999 &nbsp;each&nbsp; per customer.</p>
                </div>
                <div class="tooltip-qty-error tooltip-round-error hidden">
                    <p>
                        We do not have this in the weight you wanted. We've rounded your order to the nearest weight increment we stock.</p>
                </div>
            </div>
        </form>

        <!-- End Template: AddToCartSmall -->

    </div>
</div>
<div class="item">

    <div class="module-grocery-product quickview-simple  clicked" data-quickview-ajax-url="/p/20340777_EA/quickViewProduct" data-product-id="20340777_EA" data-product-price="$1.18">

        <span class="subtitle"></span>

        <div class="product-page-hotspot">
            <div class="product-cell quickview-button">
                <div class="product-image ">

                    <img src="https://assets.shop.loblaws.ca/products/20340777/b1/en/front/20340777_front_a01.png" onerror="this.src='https://assets.shop.loblaws.ca/products/NoImage/b1/en/front/NoImage_front_a01_@2.png';" alt="Potato Chips, Dill Pickle" />

                    <div class="hover-text-container">
                        <button href="#" tabindex="0" class="hover-text " aria-label="Quick View for Potato Chips, Dill Pickle.">Quick View</button>
                    </div>
                </div>
            </div>

            <div class="product-in-cart">
                <div class="wrapper-product-in-cart">
                    <span>
	  			    In Cart
	  		    </span>
                </div>
            </div>

            <div class="product-info">
                <div class="product-name-wrapper">
                    <a href="/Food/Pantry/Chips-%26-Salty-Snacks/Potato-Chips/Potato-Chips%2C-Dill-Pickle/p/20340777_EA" class="product-name" aria-label="Product page for Potato Chips, Dill Pickle">
                        <span class="js-product-entry-brand">No Name&nbsp;</span>

                        <span class="js-product-entry-name">Potato Chips, Dill Pickle</span>

                        <span class="js-product-entry-size-detail">(200 g)</span>

                    </a>
                </div>

                <span class="ad-match-badge  hidden">Ad Match</span>

                <div class="price">
                    <div class="price-wrapper no-discount  ">
                        <span class="reg-price  " aria-label="Regular Price: $1.18">
					    <span class="reg-price-text">$1.18</span>

                        <sup class="reg-price-unit">ea</sup>
                        </span>
                        <span class="sale-price hidden" aria-label="Sale Price:">
					    <span class="sale-price-text"></span>
                        <sup class="sale-price-unit">ea</sup>
                        </span>

                        <span class="secondary-price hidden">

					    <span class="secondary-price-text" aria-label="Secondary Price:"></span>
                        </span>
                    </div>
                </div>

                <div class="qty">
                    <span class="reg-qty  ">

		  		<span class="sr-only">Sale Price Per Unit:</span> $0.59 / 100 g

                    </span>

                    <span class="sale-qty hidden">

		  		<span class="sr-only">Sale Price Per Unit:</span> $0.59 / 100 g

                    </span>

                    <span class="secondary-qty hidden">

	  	<span class="secondary-qty-text"></span>
                    </span>
                </div>
            </div>

        </div>
        <form class="form-product  quickview-btn-simple" data-product-id="20340777_EA" data-min-qty="1.0" data-max-qty="999.0" data-unit-type="ea" data-cart-qty="1" data-default-qty="1" novalidate="novalidate" promoCode="" promoNumber="" data-is-customized="false" data-cart-url="/cart/product/20340777_EA" data-csrf-token="5582ec01-90c0-448b-b4f7-e2cf68d9f8a0" data-is-weighted-product="false">

            <div class="module-add-to-cart " data-change-type="plus" data-auto-edit="true" data-auto-add="true" data-cart-ajax-url="/cart/updateCart">
                <div class="wrapper-add-to-cart-btn">
                    <div class="module-add-to-cart-button-small">
                        <button type="button" class="btn btn-secondary btn-add-to-cart " data-auid="add-to-cart-button" data-has-pts-badge="false" aria-label="Add Potato Chips, Dill Pickle to cart">
                            <span class="icon-cart"></span>
                            <span class="add-to-cart-text">
											Add</span>
                        </button>
                        <button type="button" class="btn btn-secondary btn-edit-cart hidden " aria-label="Edit Cart">
                            <span class="qty-in-cart"></span>
                            <span class="edit-cart-text">
											<spring code="product.edit.text" />"
										</span>
                        </button>
                        <div class="add-list-parent add-list-module  bottom-add-list-module ">
                            <button class="btn btn-inline-link btn-save-to-list  dark is-btn-animated" data-login-url="/account/login?productCode=20340777_EA" data-ajax-url="/restful/lists/all?productCode=20340777_EA" data-user-guest="Y" data-user-guest="Y" data-product-code="20340777_EA" data-delete-item="false" aria-label="Add Potato Chips, Dill Pickle to a List">
                                <span class="glyphicon glyphicon-th-list"></span>
                                <div class="list-cta-text  is-btn-animated">Add to List</div>
                            </button>

                            <!-- this is the list HTML   -->
                            <div class="save-to-list-popup  is-btn-animated animation-up dark" data-save-to-list-error="Can not get lists at this time. Please try again later." data-product-name="Potato Chips, Dill Pickle">
                                <div class="inner-container">
                                </div>

                            </div>
                        </div>

                    </div>
                </div>
            </div>

            <div class="module-plus-minus-buttons small hidden ">
                <button type="button" class="btn cart-change-qty" data-change-type="minus" data-auid="decrease-product-quantity" alt="Minus" aria-label="Minus">
                    <span class="icon-minimize"></span>
                </button>
                <div class="plus-minus-input-wrapper">
                    <input class="input-qty cart-change-qty" aria-label="Enter manual quantity" type="text" name="qty" title="Change quantity in cart" data-unit-type="ea" value="1ea" data-change-type="equals" maxlength="7">

                    <span class="input-qty-pretty">
							<span class="input-qty-pretty-value">1</span>
                    <span class="input-qty-pretty-unit"></span>
                    </span>
                </div>

                <button type="button" class="btn cart-change-qty" data-change-type="plus" data-auid="increase-product-quantity" alt="Plus" aria-label="Plus">
                    <span class="icon-plus-sign"></span>
                </button>

                <p class="deal-limit-reached hidden">Deal Limit Reached</p>

                <div class="tooltip-qty-error tooltip-qty-limit hidden">
                    <p>
                        Limit to &nbsp; 999 &nbsp;each&nbsp; per customer.</p>
                </div>
                <div class="tooltip-qty-error tooltip-round-error hidden">
                    <p>
                        We do not have this in the weight you wanted. We've rounded your order to the nearest weight increment we stock.</p>
                </div>
            </div>
        </form>

        <!-- End Template: AddToCartSmall -->

    </div>
</div>
<div class="item">

    <div class="module-grocery-product quickview-simple  clicked" data-quickview-ajax-url="/p/20944621_EA/quickViewProduct" data-product-id="20944621_EA" data-product-price="$3.27">

        <span class="subtitle"></span>

        <div class="product-page-hotspot">
            <div class="product-cell quickview-button">
                <div class="product-image ">

                    <img src="https://assets.shop.loblaws.ca/products/20944621/b1/en/front/20944621_front_a01.png" onerror="this.src='https://assets.shop.loblaws.ca/products/NoImage/b1/en/front/NoImage_front_a01_@2.png';" alt="Crunchy Cheese Flavoured Snacks, Cheese" />

                    <div class="hover-text-container">
                        <button href="#" tabindex="0" class="hover-text " aria-label="Quick View for Crunchy Cheese Flavoured Snacks, Cheese.">Quick View</button>
                    </div>
                </div>
            </div>

            <div class="product-in-cart">
                <div class="wrapper-product-in-cart">
                    <span>
	  			    In Cart
	  		    </span>
                </div>
            </div>

            <div class="product-info">
                <div class="product-name-wrapper">
                    <a href="/Food/Pantry/Chips-%26-Salty-Snacks/Tortilla-Chips/Cheetos-CRUNCHY-Crunchy-Cheese-Flavoured-Snacks%2C-Cheese/p/20944621_EA" class="product-name" aria-label="Product page for Crunchy Cheese Flavoured Snacks, Cheese">

                        <span class="js-product-entry-name">Crunchy Cheese Flavoured Snacks, Cheese</span>

                        <span class="js-product-entry-size-detail">(310 g)</span>

                    </a>
                </div>

                <span class="ad-match-badge  hidden">Ad Match</span>

                <div class="price">
                    <div class="price-wrapper no-discount  ">
                        <span class="reg-price  " aria-label="Regular Price: $3.27">
					    <span class="reg-price-text">$3.27</span>

                        <sup class="reg-price-unit">ea</sup>
                        </span>
                        <span class="sale-price hidden" aria-label="Sale Price:">
					    <span class="sale-price-text"></span>
                        <sup class="sale-price-unit">ea</sup>
                        </span>

                        <span class="secondary-price hidden">

					    <span class="secondary-price-text" aria-label="Secondary Price:"></span>
                        </span>
                    </div>
                </div>

                <div class="qty">
                    <span class="reg-qty  ">

		  		<span class="sr-only">Sale Price Per Unit:</span> $1.05 / 100 g

                    </span>

                    <span class="sale-qty hidden">

		  		<span class="sr-only">Sale Price Per Unit:</span> $1.05 / 100 g

                    </span>

                    <span class="secondary-qty hidden">

	  	<span class="secondary-qty-text"></span>
                    </span>
                </div>
            </div>

        </div>
        <form class="form-product  quickview-btn-simple" data-product-id="20944621_EA" data-min-qty="1.0" data-max-qty="999.0" data-unit-type="ea" data-cart-qty="1" data-default-qty="1" novalidate="novalidate" promoCode="" promoNumber="" data-is-customized="false" data-cart-url="/cart/product/20944621_EA" data-csrf-token="5582ec01-90c0-448b-b4f7-e2cf68d9f8a0" data-is-weighted-product="false">

            <div class="module-add-to-cart " data-change-type="plus" data-auto-edit="true" data-auto-add="true" data-cart-ajax-url="/cart/updateCart">
                <div class="wrapper-add-to-cart-btn">
                    <div class="module-add-to-cart-button-small">
                        <button type="button" class="btn btn-secondary btn-add-to-cart " data-auid="add-to-cart-button" data-has-pts-badge="false" aria-label="Add Crunchy Cheese Flavoured Snacks, Cheese to cart">
                            <span class="icon-cart"></span>
                            <span class="add-to-cart-text">
											Add</span>
                        </button>
                        <button type="button" class="btn btn-secondary btn-edit-cart hidden " aria-label="Edit Cart">
                            <span class="qty-in-cart"></span>
                            <span class="edit-cart-text">
											<spring code="product.edit.text" />"
										</span>
                        </button>
                        <div class="add-list-parent add-list-module  bottom-add-list-module ">
                            <button class="btn btn-inline-link btn-save-to-list  dark is-btn-animated" data-login-url="/account/login?productCode=20944621_EA" data-ajax-url="/restful/lists/all?productCode=20944621_EA" data-user-guest="Y" data-user-guest="Y" data-product-code="20944621_EA" data-delete-item="false" aria-label="Add Crunchy Cheese Flavoured Snacks, Cheese to a List">
                                <span class="glyphicon glyphicon-th-list"></span>
                                <div class="list-cta-text  is-btn-animated">Add to List</div>
                            </button>

                            <!-- this is the list HTML   -->
                            <div class="save-to-list-popup  is-btn-animated animation-up dark" data-save-to-list-error="Can not get lists at this time. Please try again later." data-product-name="Crunchy Cheese Flavoured Snacks, Cheese">
                                <div class="inner-container">
                                </div>

                            </div>
                        </div>

                    </div>
                </div>
            </div>

            <div class="module-plus-minus-buttons small hidden ">
                <button type="button" class="btn cart-change-qty" data-change-type="minus" data-auid="decrease-product-quantity" alt="Minus" aria-label="Minus">
                    <span class="icon-minimize"></span>
                </button>
                <div class="plus-minus-input-wrapper">
                    <input class="input-qty cart-change-qty" aria-label="Enter manual quantity" type="text" name="qty" title="Change quantity in cart" data-unit-type="ea" value="1ea" data-change-type="equals" maxlength="7">

                    <span class="input-qty-pretty">
							<span class="input-qty-pretty-value">1</span>
                    <span class="input-qty-pretty-unit"></span>
                    </span>
                </div>

                <button type="button" class="btn cart-change-qty" data-change-type="plus" data-auid="increase-product-quantity" alt="Plus" aria-label="Plus">
                    <span class="icon-plus-sign"></span>
                </button>

                <p class="deal-limit-reached hidden">Deal Limit Reached</p>

                <div class="tooltip-qty-error tooltip-qty-limit hidden">
                    <p>
                        Limit to &nbsp; 999 &nbsp;each&nbsp; per customer.</p>
                </div>
                <div class="tooltip-qty-error tooltip-round-error hidden">
                    <p>
                        We do not have this in the weight you wanted. We've rounded your order to the nearest weight increment we stock.</p>
                </div>
            </div>
        </form>

        <!-- End Template: AddToCartSmall -->

    </div>
</div>
<div class="item">

    <div class="module-grocery-product quickview-simple  clicked" data-quickview-ajax-url="/p/21050577_EA/quickViewProduct" data-product-id="21050577_EA" data-product-price="$2.97">

        <span class="subtitle"></span>

        <div class="product-page-hotspot">
            <div class="product-cell quickview-button">
                <div class="product-image ">

                    <img src="https://assets.shop.loblaws.ca/products/21050577/b1/en/front/21050577_front_a01.png" onerror="this.src='https://assets.shop.loblaws.ca/products/NoImage/b1/en/front/NoImage_front_a01_@2.png';" alt="Tortilla Chips, Hint of Jalapeo" />

                    <span class="sticker deal">
	  				        <span class="deal-badge">

	  				            <span class="module-deal-badge module-deal-badge-grid simple-save-unit "
	  						        data-deal-type="2 FOR $5.00"
	  						        data-ajax-promo-url="/simpleDeal/deals/product-tile?productCode=21050577_EA"
	  						        data-deal-id="21050577_EA">
	  						        <span class="deal-type">2 FOR $5.00</span>

                    <span class="deal-expiry">
		Exp. 12/19
	</span>

                    </span>
                    </span>
                    </span>

                    <div class="hover-text-container">
                        <button href="#" tabindex="0" class="hover-text " aria-label="Quick View for Tortilla Chips, Hint of Jalapeo.">Quick View</button>
                    </div>
                </div>
            </div>

            <div class="product-in-cart">
                <div class="wrapper-product-in-cart">
                    <span>
	  			    In Cart
	  		    </span>
                </div>
            </div>

            <div class="product-info">
                <div class="product-name-wrapper">
                    <a href="/Food/Pantry/Chips-%26-Salty-Snacks/Tortilla-Chips/Tostitos-ROLLS%21-Tortilla-Chips%2C-Hint-of-Jalape%C3%B1o/p/21050577_EA" class="product-name" aria-label="Product page for Tortilla Chips, Hint of Jalapeo">
                        <span class="js-product-entry-brand">Tostitos&nbsp;</span>

                        <span class="js-product-entry-name">Tortilla Chips, Hint of Jalapeo</span>

                        <span class="js-product-entry-size-detail">(275 g)</span>

                    </a>
                </div>

                <span class="ad-match-badge  hidden">Ad Match</span>

                <div class="price">
                    <div class="price-wrapper no-discount  ">
                        <span class="reg-price  " aria-label="Regular Price: $2.97">
					    <span class="reg-price-text">$2.97</span>

                        <sup class="reg-price-unit">ea</sup>
                        </span>
                        <span class="sale-price hidden" aria-label="Sale Price:">
					    <span class="sale-price-text"></span>
                        <sup class="sale-price-unit">ea</sup>
                        </span>

                        <span class="secondary-price hidden">

					    <span class="secondary-price-text" aria-label="Secondary Price:"></span>
                        </span>
                    </div>
                </div>

                <div class="qty">
                    <span class="reg-qty  ">

		  		<span class="sr-only">Sale Price Per Unit:</span> $1.08 / 100 g

                    </span>

                    <span class="sale-qty hidden">

		  		<span class="sr-only">Sale Price Per Unit:</span> $1.08 / 100 g

                    </span>

                    <span class="secondary-qty hidden">

	  	<span class="secondary-qty-text"></span>
                    </span>
                </div>
            </div>

        </div>
        <form class="form-product  quickview-btn-simple" data-product-id="21050577_EA" data-min-qty="1.0" data-max-qty="999.0" data-unit-type="ea" data-cart-qty="1" data-default-qty="1" novalidate="novalidate" promoCode="" promoNumber="" data-is-customized="false" data-cart-url="/cart/product/21050577_EA" data-csrf-token="5582ec01-90c0-448b-b4f7-e2cf68d9f8a0" data-is-weighted-product="false">

            <div class="module-add-to-cart " data-change-type="plus" data-auto-edit="true" data-auto-add="true" data-cart-ajax-url="/cart/updateCart">
                <div class="wrapper-add-to-cart-btn">
                    <div class="module-add-to-cart-button-small">
                        <button type="button" class="btn btn-secondary btn-add-to-cart " data-auid="add-to-cart-button" data-has-pts-badge="false" aria-label="Add Tortilla Chips, Hint of Jalapeo to cart">
                            <span class="icon-cart"></span>
                            <span class="add-to-cart-text">
											Add</span>
                        </button>
                        <button type="button" class="btn btn-secondary btn-edit-cart hidden " aria-label="Edit Cart">
                            <span class="qty-in-cart"></span>
                            <span class="edit-cart-text">
											<spring code="product.edit.text" />"
										</span>
                        </button>
                        <div class="add-list-parent add-list-module  bottom-add-list-module ">
                            <button class="btn btn-inline-link btn-save-to-list  dark is-btn-animated" data-login-url="/account/login?productCode=21050577_EA" data-ajax-url="/restful/lists/all?productCode=21050577_EA" data-user-guest="Y" data-user-guest="Y" data-product-code="21050577_EA" data-delete-item="false" aria-label="Add Tortilla Chips, Hint of Jalapeo to a List">
                                <span class="glyphicon glyphicon-th-list"></span>
                                <div class="list-cta-text  is-btn-animated">Add to List</div>
                            </button>

                            <!-- this is the list HTML   -->
                            <div class="save-to-list-popup  is-btn-animated animation-up dark" data-save-to-list-error="Can not get lists at this time. Please try again later." data-product-name="Tortilla Chips, Hint of Jalapeo">
                                <div class="inner-container">
                                </div>

                            </div>
                        </div>

                    </div>
                </div>
            </div>

            <div class="module-plus-minus-buttons small hidden ">
                <button type="button" class="btn cart-change-qty" data-change-type="minus" data-auid="decrease-product-quantity" alt="Minus" aria-label="Minus">
                    <span class="icon-minimize"></span>
                </button>
                <div class="plus-minus-input-wrapper">
                    <input class="input-qty cart-change-qty" aria-label="Enter manual quantity" type="text" name="qty" title="Change quantity in cart" data-unit-type="ea" value="1ea" data-change-type="equals" maxlength="7">

                    <span class="input-qty-pretty">
							<span class="input-qty-pretty-value">1</span>
                    <span class="input-qty-pretty-unit"></span>
                    </span>
                </div>

                <button type="button" class="btn cart-change-qty" data-change-type="plus" data-auid="increase-product-quantity" alt="Plus" aria-label="Plus">
                    <span class="icon-plus-sign"></span>
                </button>

                <p class="deal-limit-reached hidden">Deal Limit Reached</p>

                <div class="tooltip-qty-error tooltip-qty-limit hidden">
                    <p>
                        Limit to &nbsp; 999 &nbsp;each&nbsp; per customer.</p>
                </div>
                <div class="tooltip-qty-error tooltip-round-error hidden">
                    <p>
                        We do not have this in the weight you wanted. We've rounded your order to the nearest weight increment we stock.</p>
                </div>
            </div>
        </form>

        <!-- End Template: AddToCartSmall -->

    </div>
</div>
<div class="item">

    <div class="module-grocery-product quickview-simple  clicked" data-quickview-ajax-url="/p/20117276_EA/quickViewProduct" data-product-id="20117276_EA" data-product-price="$6.18">

        <span class="subtitle"></span>

        <div class="product-page-hotspot">
            <div class="product-cell quickview-button">
                <div class="product-image ">

                    <img src="https://assets.shop.loblaws.ca/products/20117276/b1/en/front/20117276_front_a01.png" onerror="this.src='https://assets.shop.loblaws.ca/products/NoImage/b1/en/front/NoImage_front_a01_@2.png';" alt="Cheezies" />

                    <div class="hover-text-container">
                        <button href="#" tabindex="0" class="hover-text " aria-label="Quick View for Cheezies.">Quick View</button>
                    </div>
                </div>
            </div>

            <div class="product-in-cart">
                <div class="wrapper-product-in-cart">
                    <span>
	  			    In Cart
	  		    </span>
                </div>
            </div>

            <div class="product-info">
                <div class="product-name-wrapper">
                    <a href="/Food/Pantry/Chips-%26-Salty-Snacks/Pretzels-%26-Snack-Mixes/Hawkins-Cheezies/p/20117276_EA" class="product-name" aria-label="Product page for Cheezies">
                        <span class="js-product-entry-brand">Hawkins&nbsp;</span>

                        <span class="js-product-entry-name">Cheezies</span>

                        <span class="js-product-entry-size-detail">(420 g)</span>

                    </a>
                </div>

                <span class="ad-match-badge  hidden">Ad Match</span>

                <div class="price">
                    <div class="price-wrapper no-discount  ">
                        <span class="reg-price  " aria-label="Regular Price: $6.18">
					    <span class="reg-price-text">$6.18</span>

                        <sup class="reg-price-unit">ea</sup>
                        </span>
                        <span class="sale-price hidden" aria-label="Sale Price:">
					    <span class="sale-price-text"></span>
                        <sup class="sale-price-unit">ea</sup>
                        </span>

                        <span class="secondary-price hidden">

					    <span class="secondary-price-text" aria-label="Secondary Price:"></span>
                        </span>
                    </div>
                </div>

                <div class="qty">
                    <span class="reg-qty  ">

		  		<span class="sr-only">Sale Price Per Unit:</span> $1.47 / 100 g

                    </span>

                    <span class="sale-qty hidden">

		  		<span class="sr-only">Sale Price Per Unit:</span> $1.47 / 100 g

                    </span>

                    <span class="secondary-qty hidden">

	  	<span class="secondary-qty-text"></span>
                    </span>
                </div>
            </div>

        </div>
        <form class="form-product  quickview-btn-simple" data-product-id="20117276_EA" data-min-qty="1.0" data-max-qty="999.0" data-unit-type="ea" data-cart-qty="1" data-default-qty="1" novalidate="novalidate" promoCode="" promoNumber="" data-is-customized="false" data-cart-url="/cart/product/20117276_EA" data-csrf-token="5582ec01-90c0-448b-b4f7-e2cf68d9f8a0" data-is-weighted-product="false">

            <div class="module-add-to-cart " data-change-type="plus" data-auto-edit="true" data-auto-add="true" data-cart-ajax-url="/cart/updateCart">
                <div class="wrapper-add-to-cart-btn">
                    <div class="module-add-to-cart-button-small">
                        <button type="button" class="btn btn-secondary btn-add-to-cart " data-auid="add-to-cart-button" data-has-pts-badge="false" aria-label="Add Cheezies to cart">
                            <span class="icon-cart"></span>
                            <span class="add-to-cart-text">
											Add</span>
                        </button>
                        <button type="button" class="btn btn-secondary btn-edit-cart hidden " aria-label="Edit Cart">
                            <span class="qty-in-cart"></span>
                            <span class="edit-cart-text">
											<spring code="product.edit.text" />"
										</span>
                        </button>
                        <div class="add-list-parent add-list-module  bottom-add-list-module ">
                            <button class="btn btn-inline-link btn-save-to-list  dark is-btn-animated" data-login-url="/account/login?productCode=20117276_EA" data-ajax-url="/restful/lists/all?productCode=20117276_EA" data-user-guest="Y" data-user-guest="Y" data-product-code="20117276_EA" data-delete-item="false" aria-label="Add Cheezies to a List">
                                <span class="glyphicon glyphicon-th-list"></span>
                                <div class="list-cta-text  is-btn-animated">Add to List</div>
                            </button>

                            <!-- this is the list HTML   -->
                            <div class="save-to-list-popup  is-btn-animated animation-up dark" data-save-to-list-error="Can not get lists at this time. Please try again later." data-product-name="Cheezies">
                                <div class="inner-container">
                                </div>

                            </div>
                        </div>

                    </div>
                </div>
            </div>

            <div class="module-plus-minus-buttons small hidden ">
                <button type="button" class="btn cart-change-qty" data-change-type="minus" data-auid="decrease-product-quantity" alt="Minus" aria-label="Minus">
                    <span class="icon-minimize"></span>
                </button>
                <div class="plus-minus-input-wrapper">
                    <input class="input-qty cart-change-qty" aria-label="Enter manual quantity" type="text" name="qty" title="Change quantity in cart" data-unit-type="ea" value="1ea" data-change-type="equals" maxlength="7">

                    <span class="input-qty-pretty">
							<span class="input-qty-pretty-value">1</span>
                    <span class="input-qty-pretty-unit"></span>
                    </span>
                </div>

                <button type="button" class="btn cart-change-qty" data-change-type="plus" data-auid="increase-product-quantity" alt="Plus" aria-label="Plus">
                    <span class="icon-plus-sign"></span>
                </button>

                <p class="deal-limit-reached hidden">Deal Limit Reached</p>

                <div class="tooltip-qty-error tooltip-qty-limit hidden">
                    <p>
                        Limit to &nbsp; 999 &nbsp;each&nbsp; per customer.</p>
                </div>
                <div class="tooltip-qty-error tooltip-round-error hidden">
                    <p>
                        We do not have this in the weight you wanted. We've rounded your order to the nearest weight increment we stock.</p>
                </div>
            </div>
        </form>

        <!-- End Template: AddToCartSmall -->

    </div>
</div>
<div class="item">

    <div class="module-grocery-product quickview-simple  clicked" data-quickview-ajax-url="/p/20987276_EA/quickViewProduct" data-product-id="20987276_EA" data-product-price="$5.98">

        <span class="subtitle"></span>

        <div class="product-page-hotspot">
            <div class="product-cell quickview-button">
                <div class="product-image ">

                    <img src="https://assets.shop.loblaws.ca/products/20987276/b1/en/front/20987276_front_a01.png" onerror="this.src='https://assets.shop.loblaws.ca/products/NoImage/b1/en/front/NoImage_front_a01_@2.png';" alt="Tortilla Chips, Nacho Cheese" />

                    <div class="hover-text-container">
                        <button href="#" tabindex="0" class="hover-text " aria-label="Quick View for Tortilla Chips, Nacho Cheese.">Quick View</button>
                    </div>
                </div>
            </div>

            <div class="product-in-cart">
                <div class="wrapper-product-in-cart">
                    <span>
	  			    In Cart
	  		    </span>
                </div>
            </div>

            <div class="product-info">
                <div class="product-name-wrapper">
                    <a href="/Food/Pantry/Chips-%26-Salty-Snacks/Potato-Chips/No-Name-Tortilla-Chips%2C-Nacho-Cheese/p/20987276_EA" class="product-name" aria-label="Product page for Tortilla Chips, Nacho Cheese">
                        <span class="js-product-entry-brand">No Name&nbsp;</span>

                        <span class="js-product-entry-name">Tortilla Chips, Nacho Cheese</span>

                        <span class="js-product-entry-size-detail">(908 g)</span>

                    </a>
                </div>

                <span class="ad-match-badge  hidden">Ad Match</span>

                <div class="price">
                    <div class="price-wrapper no-discount  ">
                        <span class="reg-price  " aria-label="Regular Price: $5.98">
					    <span class="reg-price-text">$5.98</span>

                        <sup class="reg-price-unit">ea</sup>
                        </span>
                        <span class="sale-price hidden" aria-label="Sale Price:">
					    <span class="sale-price-text"></span>
                        <sup class="sale-price-unit">ea</sup>
                        </span>

                        <span class="secondary-price hidden">

					    <span class="secondary-price-text" aria-label="Secondary Price:"></span>
                        </span>
                    </div>
                </div>

                <div class="qty">
                    <span class="reg-qty  ">

		  		<span class="sr-only">Sale Price Per Unit:</span> $0.66 / 100 g

                    </span>

                    <span class="sale-qty hidden">

		  		<span class="sr-only">Sale Price Per Unit:</span> $0.66 / 100 g

                    </span>

                    <span class="secondary-qty hidden">

	  	<span class="secondary-qty-text"></span>
                    </span>
                </div>
            </div>

        </div>
        <form class="form-product  quickview-btn-simple" data-product-id="20987276_EA" data-min-qty="1.0" data-max-qty="999.0" data-unit-type="ea" data-cart-qty="1" data-default-qty="1" novalidate="novalidate" promoCode="" promoNumber="" data-is-customized="false" data-cart-url="/cart/product/20987276_EA" data-csrf-token="5582ec01-90c0-448b-b4f7-e2cf68d9f8a0" data-is-weighted-product="false">

            <div class="module-add-to-cart " data-change-type="plus" data-auto-edit="true" data-auto-add="true" data-cart-ajax-url="/cart/updateCart">
                <div class="wrapper-add-to-cart-btn">
                    <div class="module-add-to-cart-button-small">
                        <button type="button" class="btn btn-secondary btn-add-to-cart " data-auid="add-to-cart-button" data-has-pts-badge="false" aria-label="Add Tortilla Chips, Nacho Cheese to cart">
                            <span class="icon-cart"></span>
                            <span class="add-to-cart-text">
											Add</span>
                        </button>
                        <button type="button" class="btn btn-secondary btn-edit-cart hidden " aria-label="Edit Cart">
                            <span class="qty-in-cart"></span>
                            <span class="edit-cart-text">
											<spring code="product.edit.text" />"
										</span>
                        </button>
                        <div class="add-list-parent add-list-module  bottom-add-list-module ">
                            <button class="btn btn-inline-link btn-save-to-list  dark is-btn-animated" data-login-url="/account/login?productCode=20987276_EA" data-ajax-url="/restful/lists/all?productCode=20987276_EA" data-user-guest="Y" data-user-guest="Y" data-product-code="20987276_EA" data-delete-item="false" aria-label="Add Tortilla Chips, Nacho Cheese to a List">
                                <span class="glyphicon glyphicon-th-list"></span>
                                <div class="list-cta-text  is-btn-animated">Add to List</div>
                            </button>

                            <!-- this is the list HTML   -->
                            <div class="save-to-list-popup  is-btn-animated animation-up dark" data-save-to-list-error="Can not get lists at this time. Please try again later." data-product-name="Tortilla Chips, Nacho Cheese">
                                <div class="inner-container">
                                </div>

                            </div>
                        </div>

                    </div>
                </div>
            </div>

            <div class="module-plus-minus-buttons small hidden ">
                <button type="button" class="btn cart-change-qty" data-change-type="minus" data-auid="decrease-product-quantity" alt="Minus" aria-label="Minus">
                    <span class="icon-minimize"></span>
                </button>
                <div class="plus-minus-input-wrapper">
                    <input class="input-qty cart-change-qty" aria-label="Enter manual quantity" type="text" name="qty" title="Change quantity in cart" data-unit-type="ea" value="1ea" data-change-type="equals" maxlength="7">

                    <span class="input-qty-pretty">
							<span class="input-qty-pretty-value">1</span>
                    <span class="input-qty-pretty-unit"></span>
                    </span>
                </div>

                <button type="button" class="btn cart-change-qty" data-change-type="plus" data-auid="increase-product-quantity" alt="Plus" aria-label="Plus">
                    <span class="icon-plus-sign"></span>
                </button>

                <p class="deal-limit-reached hidden">Deal Limit Reached</p>

                <div class="tooltip-qty-error tooltip-qty-limit hidden">
                    <p>
                        Limit to &nbsp; 999 &nbsp;each&nbsp; per customer.</p>
                </div>
                <div class="tooltip-qty-error tooltip-round-error hidden">
                    <p>
                        We do not have this in the weight you wanted. We've rounded your order to the nearest weight increment we stock.</p>
                </div>
            </div>
        </form>

        <!-- End Template: AddToCartSmall -->

    </div>
</div>
<div class="item">

    <div class="module-grocery-product quickview-simple  clicked" data-quickview-ajax-url="/p/21074305_EA/quickViewProduct" data-product-id="21074305_EA" data-product-price="$2.98">

        <span class="subtitle"></span>

        <div class="product-page-hotspot">
            <div class="product-cell quickview-button">
                <div class="product-image ">

                    <img src="https://assets.shop.loblaws.ca/products/21074305/b1/en/front/21074305_front_a01.png" onerror="this.src='https://assets.shop.loblaws.ca/products/NoImage/b1/en/front/NoImage_front_a01_@2.png';" alt="Mega Can BBQ Flavour" />

                    <div class="hover-text-container">
                        <button href="#" tabindex="0" class="hover-text " aria-label="Quick View for Mega Can BBQ Flavour.">Quick View</button>
                    </div>
                </div>
            </div>

            <div class="product-in-cart">
                <div class="wrapper-product-in-cart">
                    <span>
	  			    In Cart
	  		    </span>
                </div>
            </div>

            <div class="product-info">
                <div class="product-name-wrapper">
                    <a href="/Food/Pantry/Chips-%26-Salty-Snacks/Potato-Chips/Pringles-Mega-Can-BBQ-Flavour/p/21074305_EA" class="product-name" aria-label="Product page for Mega Can BBQ Flavour">
                        <span class="js-product-entry-brand">Pringles&nbsp;</span>

                        <span class="js-product-entry-name">Mega Can BBQ Flavour</span>

                        <span class="js-product-entry-size-detail">(202 g)</span>

                    </a>
                </div>

                <span class="ad-match-badge  hidden">Ad Match</span>

                <div class="price">
                    <div class="price-wrapper no-discount  ">
                        <span class="reg-price  " aria-label="Regular Price: $2.98">
					    <span class="reg-price-text">$2.98</span>

                        <sup class="reg-price-unit">ea</sup>
                        </span>
                        <span class="sale-price hidden" aria-label="Sale Price:">
					    <span class="sale-price-text"></span>
                        <sup class="sale-price-unit">ea</sup>
                        </span>

                        <span class="secondary-price hidden">

					    <span class="secondary-price-text" aria-label="Secondary Price:"></span>
                        </span>
                    </div>
                </div>

                <div class="qty">
                    <span class="reg-qty  ">

		  		<span class="sr-only">Sale Price Per Unit:</span> $1.48 / 100 g

                    </span>

                    <span class="sale-qty hidden">

		  		<span class="sr-only">Sale Price Per Unit:</span> $1.48 / 100 g

                    </span>

                    <span class="secondary-qty hidden">

	  	<span class="secondary-qty-text"></span>
                    </span>
                </div>
            </div>

        </div>
        <form class="form-product  quickview-btn-simple" data-product-id="21074305_EA" data-min-qty="1.0" data-max-qty="999.0" data-unit-type="ea" data-cart-qty="1" data-default-qty="1" novalidate="novalidate" promoCode="" promoNumber="" data-is-customized="false" data-cart-url="/cart/product/21074305_EA" data-csrf-token="5582ec01-90c0-448b-b4f7-e2cf68d9f8a0" data-is-weighted-product="false">

            <div class="module-add-to-cart " data-change-type="plus" data-auto-edit="true" data-auto-add="true" data-cart-ajax-url="/cart/updateCart">
                <div class="wrapper-add-to-cart-btn">
                    <div class="module-add-to-cart-button-small">
                        <button type="button" class="btn btn-secondary btn-add-to-cart " data-auid="add-to-cart-button" data-has-pts-badge="false" aria-label="Add Mega Can BBQ Flavour to cart">
                            <span class="icon-cart"></span>
                            <span class="add-to-cart-text">
											Add</span>
                        </button>
                        <button type="button" class="btn btn-secondary btn-edit-cart hidden " aria-label="Edit Cart">
                            <span class="qty-in-cart"></span>
                            <span class="edit-cart-text">
											<spring code="product.edit.text" />"
										</span>
                        </button>
                        <div class="add-list-parent add-list-module  bottom-add-list-module ">
                            <button class="btn btn-inline-link btn-save-to-list  dark is-btn-animated" data-login-url="/account/login?productCode=21074305_EA" data-ajax-url="/restful/lists/all?productCode=21074305_EA" data-user-guest="Y" data-user-guest="Y" data-product-code="21074305_EA" data-delete-item="false" aria-label="Add Mega Can BBQ Flavour to a List">
                                <span class="glyphicon glyphicon-th-list"></span>
                                <div class="list-cta-text  is-btn-animated">Add to List</div>
                            </button>

                            <!-- this is the list HTML   -->
                            <div class="save-to-list-popup  is-btn-animated animation-up dark" data-save-to-list-error="Can not get lists at this time. Please try again later." data-product-name="Mega Can BBQ Flavour">
                                <div class="inner-container">
                                </div>

                            </div>
                        </div>

                    </div>
                </div>
            </div>

            <div class="module-plus-minus-buttons small hidden ">
                <button type="button" class="btn cart-change-qty" data-change-type="minus" data-auid="decrease-product-quantity" alt="Minus" aria-label="Minus">
                    <span class="icon-minimize"></span>
                </button>
                <div class="plus-minus-input-wrapper">
                    <input class="input-qty cart-change-qty" aria-label="Enter manual quantity" type="text" name="qty" title="Change quantity in cart" data-unit-type="ea" value="1ea" data-change-type="equals" maxlength="7">

                    <span class="input-qty-pretty">
							<span class="input-qty-pretty-value">1</span>
                    <span class="input-qty-pretty-unit"></span>
                    </span>
                </div>

                <button type="button" class="btn cart-change-qty" data-change-type="plus" data-auid="increase-product-quantity" alt="Plus" aria-label="Plus">
                    <span class="icon-plus-sign"></span>
                </button>

                <p class="deal-limit-reached hidden">Deal Limit Reached</p>

                <div class="tooltip-qty-error tooltip-qty-limit hidden">
                    <p>
                        Limit to &nbsp; 999 &nbsp;each&nbsp; per customer.</p>
                </div>
                <div class="tooltip-qty-error tooltip-round-error hidden">
                    <p>
                        We do not have this in the weight you wanted. We've rounded your order to the nearest weight increment we stock.</p>
                </div>
            </div>
        </form>

        <!-- End Template: AddToCartSmall -->

    </div>
</div>
<div class="item">

    <div class="module-grocery-product quickview-simple  clicked" data-quickview-ajax-url="/p/20810497004_EA/quickViewProduct" data-product-id="20810497004_EA" data-product-price="$1.68">

        <span class="subtitle"></span>

        <div class="product-page-hotspot">
            <div class="product-cell quickview-button">
                <div class="product-image ">

                    <img src="https://assets.shop.loblaws.ca/products/20810497004/b1/en/front/20810497004_front_a01.png" onerror="this.src='https://assets.shop.loblaws.ca/products/NoImage/b1/en/front/NoImage_front_a01_@2.png';" alt="Kettle Cooked Potato Chips, Jalapeo" />

                    <span class="sticker deal">
	  				        <span class="deal-badge">

	  				            <span class="module-deal-badge module-deal-badge-grid simple-save-unit "
	  						        data-deal-type="SAVE $0.80"
	  						        data-ajax-promo-url="/simpleDeal/deals/product-tile?productCode=20810497004_EA"
	  						        data-deal-id="20810497004_EA">
	  						        <span class="deal-type">SAVE $0.80</span>

                    <span class="deal-expiry">
		Exp. 01/03
	</span>

                    </span>
                    </span>
                    </span>

                    <div class="hover-text-container">
                        <button href="#" tabindex="0" class="hover-text " aria-label="Quick View for Kettle Cooked Potato Chips, Jalapeo.">Quick View</button>
                    </div>
                </div>
            </div>

            <div class="product-in-cart">
                <div class="wrapper-product-in-cart">
                    <span>
	  			    In Cart
	  		    </span>
                </div>
            </div>

            <div class="product-info">
                <div class="product-name-wrapper">
                    <a href="/Food/Pantry/Chips-%26-Salty-Snacks/Potato-Chips/Kettle-Cooked-Potato-Chips%2C-Jalape%C3%B1o/p/20810497004_EA" class="product-name" aria-label="Product page for Kettle Cooked Potato Chips, Jalapeo">
                        <span class="js-product-entry-brand">President's Choice&nbsp;</span>

                        <span class="js-product-entry-name">Kettle Cooked Potato Chips, Jalapeo</span>

                        <span class="js-product-entry-size-detail">(220 g)</span>

                    </a>
                </div>

                <span class="ad-match-badge  hidden">Ad Match</span>

                <div class="price">
                    <div class="price-wrapper discount promo-alert ">
                        <span class="reg-price  price-alert" aria-label="Regular Price: $1.68">
					    <span class="reg-price-text">$1.68</span>

                        <sup class="reg-price-unit">ea</sup>
                        </span>
                        <span class="sale-price hidden" aria-label="Sale Price:">
					    <span class="sale-price-text"></span>
                        <sup class="sale-price-unit">ea</sup>
                        </span>

                        <span class="old-price" aria-label="Original Price: $2.48">
						    <span class="old-price-text">$2.48</span>
                        </span>

                        <span class="secondary-price hidden">

					    <span class="secondary-price-text" aria-label="Secondary Price:"></span>
                        </span>
                    </div>
                </div>

                <div class="qty">
                    <span class="reg-qty  price-alert">

		  		<span class="sr-only">Sale Price Per Unit:</span> $0.76 / 100 g

                    </span>

                    <span class="sale-qty hidden">

		  		<span class="sr-only">Sale Price Per Unit:</span> $0.76 / 100 g

                    </span>

                    <span class="secondary-qty hidden">

	  	<span class="secondary-qty-text"></span>
                    </span>
                </div>
            </div>

        </div>
        <form class="form-product  quickview-btn-simple" data-product-id="20810497004_EA" data-min-qty="1.0" data-max-qty="999.0" data-unit-type="ea" data-cart-qty="1" data-default-qty="1" novalidate="novalidate" promoCode="" promoNumber="" data-is-customized="false" data-cart-url="/cart/product/20810497004_EA" data-csrf-token="5582ec01-90c0-448b-b4f7-e2cf68d9f8a0" data-is-weighted-product="false">

            <div class="module-add-to-cart " data-change-type="plus" data-auto-edit="true" data-auto-add="true" data-cart-ajax-url="/cart/updateCart">
                <div class="wrapper-add-to-cart-btn">
                    <div class="module-add-to-cart-button-small">
                        <button type="button" class="btn btn-secondary btn-add-to-cart " data-auid="add-to-cart-button" data-has-pts-badge="false" aria-label="Add Kettle Cooked Potato Chips, Jalapeo to cart">
                            <span class="icon-cart"></span>
                            <span class="add-to-cart-text">
											Add</span>
                        </button>
                        <button type="button" class="btn btn-secondary btn-edit-cart hidden " aria-label="Edit Cart">
                            <span class="qty-in-cart"></span>
                            <span class="edit-cart-text">
											<spring code="product.edit.text" />"
										</span>
                        </button>
                        <div class="add-list-parent add-list-module  bottom-add-list-module ">
                            <button class="btn btn-inline-link btn-save-to-list  dark is-btn-animated" data-login-url="/account/login?productCode=20810497004_EA" data-ajax-url="/restful/lists/all?productCode=20810497004_EA" data-user-guest="Y" data-user-guest="Y" data-product-code="20810497004_EA" data-delete-item="false" aria-label="Add Kettle Cooked Potato Chips, Jalapeo to a List">
                                <span class="glyphicon glyphicon-th-list"></span>
                                <div class="list-cta-text  is-btn-animated">Add to List</div>
                            </button>

                            <!-- this is the list HTML   -->
                            <div class="save-to-list-popup  is-btn-animated animation-up dark" data-save-to-list-error="Can not get lists at this time. Please try again later." data-product-name="Kettle Cooked Potato Chips, Jalapeo">
                                <div class="inner-container">
                                </div>

                            </div>
                        </div>

                    </div>
                </div>
            </div>

            <div class="module-plus-minus-buttons small hidden ">
                <button type="button" class="btn cart-change-qty" data-change-type="minus" data-auid="decrease-product-quantity" alt="Minus" aria-label="Minus">
                    <span class="icon-minimize"></span>
                </button>
                <div class="plus-minus-input-wrapper">
                    <input class="input-qty cart-change-qty" aria-label="Enter manual quantity" type="text" name="qty" title="Change quantity in cart" data-unit-type="ea" value="1ea" data-change-type="equals" maxlength="7">

                    <span class="input-qty-pretty">
							<span class="input-qty-pretty-value">1</span>
                    <span class="input-qty-pretty-unit"></span>
                    </span>
                </div>

                <button type="button" class="btn cart-change-qty" data-change-type="plus" data-auid="increase-product-quantity" alt="Plus" aria-label="Plus">
                    <span class="icon-plus-sign"></span>
                </button>

                <p class="deal-limit-reached hidden">Deal Limit Reached</p>

                <div class="tooltip-qty-error tooltip-qty-limit hidden">
                    <p>
                        Limit to &nbsp; 999 &nbsp;each&nbsp; per customer.</p>
                </div>
                <div class="tooltip-qty-error tooltip-round-error hidden">
                    <p>
                        We do not have this in the weight you wanted. We've rounded your order to the nearest weight increment we stock.</p>
                </div>
            </div>
        </form>

        <!-- End Template: AddToCartSmall -->

    </div>
</div>
<div class="item">

    <div class="module-grocery-product quickview-simple  clicked" data-quickview-ajax-url="/p/20501492_EA/quickViewProduct" data-product-id="20501492_EA" data-product-price="$1.18">

        <span class="subtitle"></span>

        <div class="product-page-hotspot">
            <div class="product-cell quickview-button">
                <div class="product-image ">

                    <img src="https://assets.shop.loblaws.ca/products/20501492/b1/en/front/20501492_front_a01.png" onerror="this.src='https://assets.shop.loblaws.ca/products/NoImage/b1/en/front/NoImage_front_a01_@2.png';" alt="Ripple Cut Potato Chips, Lightly Salted" />

                    <div class="hover-text-container">
                        <button href="#" tabindex="0" class="hover-text " aria-label="Quick View for Ripple Cut Potato Chips, Lightly Salted.">Quick View</button>
                    </div>
                </div>
            </div>

            <div class="product-in-cart">
                <div class="wrapper-product-in-cart">
                    <span>
	  			    In Cart
	  		    </span>
                </div>
            </div>

            <div class="product-info">
                <div class="product-name-wrapper">
                    <a href="/Food/Pantry/Chips-%26-Salty-Snacks/Potato-Chips/Ripple-Cut-Potato-Chips%2C-Lightly-Salted/p/20501492_EA" class="product-name" aria-label="Product page for Ripple Cut Potato Chips, Lightly Salted">
                        <span class="js-product-entry-brand">No Name&nbsp;</span>

                        <span class="js-product-entry-name">Ripple Cut Potato Chips, Lightly Salted</span>

                        <span class="js-product-entry-size-detail">(200 g)</span>

                    </a>
                </div>

                <span class="ad-match-badge  hidden">Ad Match</span>

                <div class="price">
                    <div class="price-wrapper no-discount  ">
                        <span class="reg-price  " aria-label="Regular Price: $1.18">
					    <span class="reg-price-text">$1.18</span>

                        <sup class="reg-price-unit">ea</sup>
                        </span>
                        <span class="sale-price hidden" aria-label="Sale Price:">
					    <span class="sale-price-text"></span>
                        <sup class="sale-price-unit">ea</sup>
                        </span>

                        <span class="secondary-price hidden">

					    <span class="secondary-price-text" aria-label="Secondary Price:"></span>
                        </span>
                    </div>
                </div>

                <div class="qty">
                    <span class="reg-qty  ">

		  		<span class="sr-only">Sale Price Per Unit:</span> $0.59 / 100 g

                    </span>

                    <span class="sale-qty hidden">

		  		<span class="sr-only">Sale Price Per Unit:</span> $0.59 / 100 g

                    </span>

                    <span class="secondary-qty hidden">

	  	<span class="secondary-qty-text"></span>
                    </span>
                </div>
            </div>

        </div>
        <form class="form-product  quickview-btn-simple" data-product-id="20501492_EA" data-min-qty="1.0" data-max-qty="999.0" data-unit-type="ea" data-cart-qty="1" data-default-qty="1" novalidate="novalidate" promoCode="" promoNumber="" data-is-customized="false" data-cart-url="/cart/product/20501492_EA" data-csrf-token="5582ec01-90c0-448b-b4f7-e2cf68d9f8a0" data-is-weighted-product="false">

            <div class="module-add-to-cart " data-change-type="plus" data-auto-edit="true" data-auto-add="true" data-cart-ajax-url="/cart/updateCart">
                <div class="wrapper-add-to-cart-btn">
                    <div class="module-add-to-cart-button-small">
                        <button type="button" class="btn btn-secondary btn-add-to-cart " data-auid="add-to-cart-button" data-has-pts-badge="false" aria-label="Add Ripple Cut Potato Chips, Lightly Salted to cart">
                            <span class="icon-cart"></span>
                            <span class="add-to-cart-text">
											Add</span>
                        </button>
                        <button type="button" class="btn btn-secondary btn-edit-cart hidden " aria-label="Edit Cart">
                            <span class="qty-in-cart"></span>
                            <span class="edit-cart-text">
											<spring code="product.edit.text" />"
										</span>
                        </button>
                        <div class="add-list-parent add-list-module  bottom-add-list-module ">
                            <button class="btn btn-inline-link btn-save-to-list  dark is-btn-animated" data-login-url="/account/login?productCode=20501492_EA" data-ajax-url="/restful/lists/all?productCode=20501492_EA" data-user-guest="Y" data-user-guest="Y" data-product-code="20501492_EA" data-delete-item="false" aria-label="Add Ripple Cut Potato Chips, Lightly Salted to a List">
                                <span class="glyphicon glyphicon-th-list"></span>
                                <div class="list-cta-text  is-btn-animated">Add to List</div>
                            </button>

                            <!-- this is the list HTML   -->
                            <div class="save-to-list-popup  is-btn-animated animation-up dark" data-save-to-list-error="Can not get lists at this time. Please try again later." data-product-name="Ripple Cut Potato Chips, Lightly Salted">
                                <div class="inner-container">
                                </div>

                            </div>
                        </div>

                    </div>
                </div>
            </div>

            <div class="module-plus-minus-buttons small hidden ">
                <button type="button" class="btn cart-change-qty" data-change-type="minus" data-auid="decrease-product-quantity" alt="Minus" aria-label="Minus">
                    <span class="icon-minimize"></span>
                </button>
                <div class="plus-minus-input-wrapper">
                    <input class="input-qty cart-change-qty" aria-label="Enter manual quantity" type="text" name="qty" title="Change quantity in cart" data-unit-type="ea" value="1ea" data-change-type="equals" maxlength="7">

                    <span class="input-qty-pretty">
							<span class="input-qty-pretty-value">1</span>
                    <span class="input-qty-pretty-unit"></span>
                    </span>
                </div>

                <button type="button" class="btn cart-change-qty" data-change-type="plus" data-auid="increase-product-quantity" alt="Plus" aria-label="Plus">
                    <span class="icon-plus-sign"></span>
                </button>

                <p class="deal-limit-reached hidden">Deal Limit Reached</p>

                <div class="tooltip-qty-error tooltip-qty-limit hidden">
                    <p>
                        Limit to &nbsp; 999 &nbsp;each&nbsp; per customer.</p>
                </div>
                <div class="tooltip-qty-error tooltip-round-error hidden">
                    <p>
                        We do not have this in the weight you wanted. We've rounded your order to the nearest weight increment we stock.</p>
                </div>
            </div>
        </form>

        <!-- End Template: AddToCartSmall -->

    </div>
</div>
<div class="item">

    <div class="module-grocery-product quickview-simple  clicked" data-quickview-ajax-url="/p/20043910_EA/quickViewProduct" data-product-id="20043910_EA" data-product-price="$0.98">

        <span class="subtitle"></span>

        <div class="product-page-hotspot">
            <div class="product-cell quickview-button">
                <div class="product-image ">

                    <img src="https://assets.shop.loblaws.ca/products/20043910/b1/en/front/20043910_front_a01.png" onerror="this.src='https://assets.shop.loblaws.ca/products/NoImage/b1/en/front/NoImage_front_a01_@2.png';" alt="Boy Bawang, Hot Garlic" />

                    <div class="hover-text-container">
                        <button href="#" tabindex="0" class="hover-text " aria-label="Quick View for Boy Bawang, Hot Garlic.">Quick View</button>
                    </div>
                </div>
            </div>

            <div class="product-in-cart">
                <div class="wrapper-product-in-cart">
                    <span>
	  			    In Cart
	  		    </span>
                </div>
            </div>

            <div class="product-info">
                <div class="product-name-wrapper">
                    <a href="/Food/Pantry/Chips-%26-Salty-Snacks/Pretzels-%26-Snack-Mixes/Bits-%26-Bites-BITS-%26-BITES-Boy-Bawang%2C-Hot-Garlic/p/20043910_EA" class="product-name" aria-label="Product page for Boy Bawang, Hot Garlic">
                        <span class="js-product-entry-brand">Bits & Bites&nbsp;</span>

                        <span class="js-product-entry-name">Boy Bawang, Hot Garlic</span>

                        <span class="js-product-entry-size-detail">(100 g)</span>

                    </a>
                </div>

                <span class="ad-match-badge  hidden">Ad Match</span>

                <div class="price">
                    <div class="price-wrapper no-discount  ">
                        <span class="reg-price  " aria-label="Regular Price: $0.98">
					    <span class="reg-price-text">$0.98</span>

                        <sup class="reg-price-unit">ea</sup>
                        </span>
                        <span class="sale-price hidden" aria-label="Sale Price:">
					    <span class="sale-price-text"></span>
                        <sup class="sale-price-unit">ea</sup>
                        </span>

                        <span class="secondary-price hidden">

					    <span class="secondary-price-text" aria-label="Secondary Price:"></span>
                        </span>
                    </div>
                </div>

                <div class="qty">
                    <span class="reg-qty  ">

		  		<span class="sr-only">Sale Price Per Unit:</span> $0.98 / 100 g

                    </span>

                    <span class="sale-qty hidden">

		  		<span class="sr-only">Sale Price Per Unit:</span> $0.98 / 100 g

                    </span>

                    <span class="secondary-qty hidden">

	  	<span class="secondary-qty-text"></span>
                    </span>
                </div>
            </div>

        </div>
        <form class="form-product  quickview-btn-simple" data-product-id="20043910_EA" data-min-qty="1.0" data-max-qty="999.0" data-unit-type="ea" data-cart-qty="1" data-default-qty="1" novalidate="novalidate" promoCode="" promoNumber="" data-is-customized="false" data-cart-url="/cart/product/20043910_EA" data-csrf-token="5582ec01-90c0-448b-b4f7-e2cf68d9f8a0" data-is-weighted-product="false">

            <div class="module-add-to-cart " data-change-type="plus" data-auto-edit="true" data-auto-add="true" data-cart-ajax-url="/cart/updateCart">
                <div class="wrapper-add-to-cart-btn">
                    <div class="module-add-to-cart-button-small">
                        <button type="button" class="btn btn-secondary btn-add-to-cart " data-auid="add-to-cart-button" data-has-pts-badge="false" aria-label="Add Boy Bawang, Hot Garlic to cart">
                            <span class="icon-cart"></span>
                            <span class="add-to-cart-text">
											Add</span>
                        </button>
                        <button type="button" class="btn btn-secondary btn-edit-cart hidden " aria-label="Edit Cart">
                            <span class="qty-in-cart"></span>
                            <span class="edit-cart-text">
											<spring code="product.edit.text" />"
										</span>
                        </button>
                        <div class="add-list-parent add-list-module  bottom-add-list-module ">
                            <button class="btn btn-inline-link btn-save-to-list  dark is-btn-animated" data-login-url="/account/login?productCode=20043910_EA" data-ajax-url="/restful/lists/all?productCode=20043910_EA" data-user-guest="Y" data-user-guest="Y" data-product-code="20043910_EA" data-delete-item="false" aria-label="Add Boy Bawang, Hot Garlic to a List">
                                <span class="glyphicon glyphicon-th-list"></span>
                                <div class="list-cta-text  is-btn-animated">Add to List</div>
                            </button>

                            <!-- this is the list HTML   -->
                            <div class="save-to-list-popup  is-btn-animated animation-up dark" data-save-to-list-error="Can not get lists at this time. Please try again later." data-product-name="Boy Bawang, Hot Garlic">
                                <div class="inner-container">
                                </div>

                            </div>
                        </div>

                    </div>
                </div>
            </div>

            <div class="module-plus-minus-buttons small hidden ">
                <button type="button" class="btn cart-change-qty" data-change-type="minus" data-auid="decrease-product-quantity" alt="Minus" aria-label="Minus">
                    <span class="icon-minimize"></span>
                </button>
                <div class="plus-minus-input-wrapper">
                    <input class="input-qty cart-change-qty" aria-label="Enter manual quantity" type="text" name="qty" title="Change quantity in cart" data-unit-type="ea" value="1ea" data-change-type="equals" maxlength="7">

                    <span class="input-qty-pretty">
							<span class="input-qty-pretty-value">1</span>
                    <span class="input-qty-pretty-unit"></span>
                    </span>
                </div>

                <button type="button" class="btn cart-change-qty" data-change-type="plus" data-auid="increase-product-quantity" alt="Plus" aria-label="Plus">
                    <span class="icon-plus-sign"></span>
                </button>

                <p class="deal-limit-reached hidden">Deal Limit Reached</p>

                <div class="tooltip-qty-error tooltip-qty-limit hidden">
                    <p>
                        Limit to &nbsp; 999 &nbsp;each&nbsp; per customer.</p>
                </div>
                <div class="tooltip-qty-error tooltip-round-error hidden">
                    <p>
                        We do not have this in the weight you wanted. We've rounded your order to the nearest weight increment we stock.</p>
                </div>
            </div>
        </form>

        <!-- End Template: AddToCartSmall -->

    </div>
</div>
<div class="item">

    <div class="module-grocery-product quickview-simple  clicked" data-quickview-ajax-url="/p/20712036002_EA/quickViewProduct" data-product-id="20712036002_EA" data-product-price="$2.88">

        <span class="subtitle"></span>

        <div class="product-page-hotspot">
            <div class="product-cell quickview-button">
                <div class="product-image ">

                    <img src="https://assets.shop.loblaws.ca/products/20712036002/b1/en/front/20712036002_front_a01.png" onerror="this.src='https://assets.shop.loblaws.ca/products/NoImage/b1/en/front/NoImage_front_a01_@2.png';" alt="Potato Chips, Ketchup" />

                    <div class="hover-text-container">
                        <button href="#" tabindex="0" class="hover-text " aria-label="Quick View for Potato Chips, Ketchup.">Quick View</button>
                    </div>
                </div>
            </div>

            <div class="product-in-cart">
                <div class="wrapper-product-in-cart">
                    <span>
	  			    In Cart
	  		    </span>
                </div>
            </div>

            <div class="product-info">
                <div class="product-name-wrapper">
                    <a href="/Food/Pantry/Chips-%26-Salty-Snacks/Potato-Chips/Old-Dutch-Potato-Chips%2C-Ketchup/p/20712036002_EA" class="product-name" aria-label="Product page for Potato Chips, Ketchup">
                        <span class="js-product-entry-brand">Old Dutch&nbsp;</span>

                        <span class="js-product-entry-name">Potato Chips, Ketchup</span>

                        <span class="js-product-entry-size-detail">(220 g)</span>

                    </a>
                </div>

                <span class="ad-match-badge  hidden">Ad Match</span>

                <div class="price">
                    <div class="price-wrapper no-discount  ">
                        <span class="reg-price  " aria-label="Regular Price: $2.88">
					    <span class="reg-price-text">$2.88</span>

                        <sup class="reg-price-unit">ea</sup>
                        </span>
                        <span class="sale-price hidden" aria-label="Sale Price:">
					    <span class="sale-price-text"></span>
                        <sup class="sale-price-unit">ea</sup>
                        </span>

                        <span class="secondary-price hidden">

					    <span class="secondary-price-text" aria-label="Secondary Price:"></span>
                        </span>
                    </div>
                </div>

                <div class="qty">
                    <span class="reg-qty  ">

		  		<span class="sr-only">Sale Price Per Unit:</span> $1.31 / 100 g

                    </span>

                    <span class="sale-qty hidden">

		  		<span class="sr-only">Sale Price Per Unit:</span> $1.31 / 100 g

                    </span>

                    <span class="secondary-qty hidden">

	  	<span class="secondary-qty-text"></span>
                    </span>
                </div>
            </div>

        </div>
        <form class="form-product  quickview-btn-simple" data-product-id="20712036002_EA" data-min-qty="1.0" data-max-qty="999.0" data-unit-type="ea" data-cart-qty="1" data-default-qty="1" novalidate="novalidate" promoCode="" promoNumber="" data-is-customized="false" data-cart-url="/cart/product/20712036002_EA" data-csrf-token="5582ec01-90c0-448b-b4f7-e2cf68d9f8a0" data-is-weighted-product="false">

            <div class="module-add-to-cart " data-change-type="plus" data-auto-edit="true" data-auto-add="true" data-cart-ajax-url="/cart/updateCart">
                <div class="wrapper-add-to-cart-btn">
                    <div class="module-add-to-cart-button-small">
                        <button type="button" class="btn btn-secondary btn-add-to-cart " data-auid="add-to-cart-button" data-has-pts-badge="false" aria-label="Add Potato Chips, Ketchup to cart">
                            <span class="icon-cart"></span>
                            <span class="add-to-cart-text">
											Add</span>
                        </button>
                        <button type="button" class="btn btn-secondary btn-edit-cart hidden " aria-label="Edit Cart">
                            <span class="qty-in-cart"></span>
                            <span class="edit-cart-text">
											<spring code="product.edit.text" />"
										</span>
                        </button>
                        <div class="add-list-parent add-list-module  bottom-add-list-module ">
                            <button class="btn btn-inline-link btn-save-to-list  dark is-btn-animated" data-login-url="/account/login?productCode=20712036002_EA" data-ajax-url="/restful/lists/all?productCode=20712036002_EA" data-user-guest="Y" data-user-guest="Y" data-product-code="20712036002_EA" data-delete-item="false" aria-label="Add Potato Chips, Ketchup to a List">
                                <span class="glyphicon glyphicon-th-list"></span>
                                <div class="list-cta-text  is-btn-animated">Add to List</div>
                            </button>

                            <!-- this is the list HTML   -->
                            <div class="save-to-list-popup  is-btn-animated animation-up dark" data-save-to-list-error="Can not get lists at this time. Please try again later." data-product-name="Potato Chips, Ketchup">
                                <div class="inner-container">
                                </div>

                            </div>
                        </div>

                    </div>
                </div>
            </div>

            <div class="module-plus-minus-buttons small hidden ">
                <button type="button" class="btn cart-change-qty" data-change-type="minus" data-auid="decrease-product-quantity" alt="Minus" aria-label="Minus">
                    <span class="icon-minimize"></span>
                </button>
                <div class="plus-minus-input-wrapper">
                    <input class="input-qty cart-change-qty" aria-label="Enter manual quantity" type="text" name="qty" title="Change quantity in cart" data-unit-type="ea" value="1ea" data-change-type="equals" maxlength="7">

                    <span class="input-qty-pretty">
							<span class="input-qty-pretty-value">1</span>
                    <span class="input-qty-pretty-unit"></span>
                    </span>
                </div>

                <button type="button" class="btn cart-change-qty" data-change-type="plus" data-auid="increase-product-quantity" alt="Plus" aria-label="Plus">
                    <span class="icon-plus-sign"></span>
                </button>

                <p class="deal-limit-reached hidden">Deal Limit Reached</p>

                <div class="tooltip-qty-error tooltip-qty-limit hidden">
                    <p>
                        Limit to &nbsp; 999 &nbsp;each&nbsp; per customer.</p>
                </div>
                <div class="tooltip-qty-error tooltip-round-error hidden">
                    <p>
                        We do not have this in the weight you wanted. We've rounded your order to the nearest weight increment we stock.</p>
                </div>
            </div>
        </form>

        <!-- End Template: AddToCartSmall -->

    </div>
</div>
<div class="item">

    <div class="module-grocery-product quickview-simple  clicked" data-quickview-ajax-url="/p/20860418_EA/quickViewProduct" data-product-id="20860418_EA" data-product-price="$3.28">

        <span class="subtitle"></span>

        <div class="product-page-hotspot">
            <div class="product-cell quickview-button">
                <div class="product-image ">

                    <img src="https://assets.shop.loblaws.ca/products/20860418/b1/en/front/20860418_front_a01.png" onerror="this.src='https://assets.shop.loblaws.ca/products/NoImage/b1/en/front/NoImage_front_a01_@2.png';" alt="Cheese Pleesers" />

                    <div class="hover-text-container">
                        <button href="#" tabindex="0" class="hover-text " aria-label="Quick View for Cheese Pleesers.">Quick View</button>
                    </div>
                </div>
            </div>

            <div class="product-in-cart">
                <div class="wrapper-product-in-cart">
                    <span>
	  			    In Cart
	  		    </span>
                </div>
            </div>

            <div class="product-info">
                <div class="product-name-wrapper">
                    <a href="/Food/Pantry/Chips-%26-Salty-Snacks/Potato-Chips/Old-Dutch-Cheese-Pleesers/p/20860418_EA" class="product-name" aria-label="Product page for Cheese Pleesers">
                        <span class="js-product-entry-brand">Old Dutch&nbsp;</span>

                        <span class="js-product-entry-name">Cheese Pleesers</span>

                        <span class="js-product-entry-size-detail">(265 g)</span>

                    </a>
                </div>

                <span class="ad-match-badge  hidden">Ad Match</span>

                <div class="price">
                    <div class="price-wrapper no-discount  ">
                        <span class="reg-price  " aria-label="Regular Price: $3.28">
					    <span class="reg-price-text">$3.28</span>

                        <sup class="reg-price-unit">ea</sup>
                        </span>
                        <span class="sale-price hidden" aria-label="Sale Price:">
					    <span class="sale-price-text"></span>
                        <sup class="sale-price-unit">ea</sup>
                        </span>

                        <span class="secondary-price hidden">

					    <span class="secondary-price-text" aria-label="Secondary Price:"></span>
                        </span>
                    </div>
                </div>

                <div class="qty">
                    <span class="reg-qty  ">

		  		<span class="sr-only">Sale Price Per Unit:</span> $1.13 / 100 g

                    </span>

                    <span class="sale-qty hidden">

		  		<span class="sr-only">Sale Price Per Unit:</span> $1.13 / 100 g

                    </span>

                    <span class="secondary-qty hidden">

	  	<span class="secondary-qty-text"></span>
                    </span>
                </div>
            </div>

        </div>
        <form class="form-product  quickview-btn-simple" data-product-id="20860418_EA" data-min-qty="1.0" data-max-qty="999.0" data-unit-type="ea" data-cart-qty="1" data-default-qty="1" novalidate="novalidate" promoCode="" promoNumber="" data-is-customized="false" data-cart-url="/cart/product/20860418_EA" data-csrf-token="5582ec01-90c0-448b-b4f7-e2cf68d9f8a0" data-is-weighted-product="false">

            <div class="module-add-to-cart " data-change-type="plus" data-auto-edit="true" data-auto-add="true" data-cart-ajax-url="/cart/updateCart">
                <div class="wrapper-add-to-cart-btn">
                    <div class="module-add-to-cart-button-small">
                        <button type="button" class="btn btn-secondary btn-add-to-cart " data-auid="add-to-cart-button" data-has-pts-badge="false" aria-label="Add Cheese Pleesers to cart">
                            <span class="icon-cart"></span>
                            <span class="add-to-cart-text">
											Add</span>
                        </button>
                        <button type="button" class="btn btn-secondary btn-edit-cart hidden " aria-label="Edit Cart">
                            <span class="qty-in-cart"></span>
                            <span class="edit-cart-text">
											<spring code="product.edit.text" />"
										</span>
                        </button>
                        <div class="add-list-parent add-list-module  bottom-add-list-module ">
                            <button class="btn btn-inline-link btn-save-to-list  dark is-btn-animated" data-login-url="/account/login?productCode=20860418_EA" data-ajax-url="/restful/lists/all?productCode=20860418_EA" data-user-guest="Y" data-user-guest="Y" data-product-code="20860418_EA" data-delete-item="false" aria-label="Add Cheese Pleesers to a List">
                                <span class="glyphicon glyphicon-th-list"></span>
                                <div class="list-cta-text  is-btn-animated">Add to List</div>
                            </button>

                            <!-- this is the list HTML   -->
                            <div class="save-to-list-popup  is-btn-animated animation-up dark" data-save-to-list-error="Can not get lists at this time. Please try again later." data-product-name="Cheese Pleesers">
                                <div class="inner-container">
                                </div>

                            </div>
                        </div>

                    </div>
                </div>
            </div>

            <div class="module-plus-minus-buttons small hidden ">
                <button type="button" class="btn cart-change-qty" data-change-type="minus" data-auid="decrease-product-quantity" alt="Minus" aria-label="Minus">
                    <span class="icon-minimize"></span>
                </button>
                <div class="plus-minus-input-wrapper">
                    <input class="input-qty cart-change-qty" aria-label="Enter manual quantity" type="text" name="qty" title="Change quantity in cart" data-unit-type="ea" value="1ea" data-change-type="equals" maxlength="7">

                    <span class="input-qty-pretty">
							<span class="input-qty-pretty-value">1</span>
                    <span class="input-qty-pretty-unit"></span>
                    </span>
                </div>

                <button type="button" class="btn cart-change-qty" data-change-type="plus" data-auid="increase-product-quantity" alt="Plus" aria-label="Plus">
                    <span class="icon-plus-sign"></span>
                </button>

                <p class="deal-limit-reached hidden">Deal Limit Reached</p>

                <div class="tooltip-qty-error tooltip-qty-limit hidden">
                    <p>
                        Limit to &nbsp; 999 &nbsp;each&nbsp; per customer.</p>
                </div>
                <div class="tooltip-qty-error tooltip-round-error hidden">
                    <p>
                        We do not have this in the weight you wanted. We've rounded your order to the nearest weight increment we stock.</p>
                </div>
            </div>
        </form>

        <!-- End Template: AddToCartSmall -->

    </div>
</div>
<div class="item">

    <div class="module-grocery-product quickview-simple  clicked" data-quickview-ajax-url="/p/20857803003_EA/quickViewProduct" data-product-id="20857803003_EA" data-product-price="$3.28">

        <span class="subtitle"></span>

        <div class="product-page-hotspot">
            <div class="product-cell quickview-button">
                <div class="product-image ">

                    <img src="https://assets.shop.loblaws.ca/products/20857803003/b1/en/front/20857803003_front_a01.png" onerror="this.src='https://assets.shop.loblaws.ca/products/NoImage/b1/en/front/NoImage_front_a01_@2.png';" alt="Party Mix, Cheesy" />

                    <div class="hover-text-container">
                        <button href="#" tabindex="0" class="hover-text " aria-label="Quick View for Party Mix, Cheesy.">Quick View</button>
                    </div>
                </div>
            </div>

            <div class="product-in-cart">
                <div class="wrapper-product-in-cart">
                    <span>
	  			    In Cart
	  		    </span>
                </div>
            </div>

            <div class="product-info">
                <div class="product-name-wrapper">
                    <a href="/Food/Pantry/Chips-%26-Salty-Snacks/Potato-Chips/Humpty-Dumpty-Party-Mix%2C-Cheesy/p/20857803003_EA" class="product-name" aria-label="Product page for Party Mix, Cheesy">
                        <span class="js-product-entry-brand">Humpty Dumpty&nbsp;</span>

                        <span class="js-product-entry-name">Party Mix, Cheesy</span>

                        <span class="js-product-entry-size-detail">(280 g)</span>

                    </a>
                </div>

                <span class="ad-match-badge  hidden">Ad Match</span>

                <div class="price">
                    <div class="price-wrapper no-discount  ">
                        <span class="reg-price  " aria-label="Regular Price: $3.28">
					    <span class="reg-price-text">$3.28</span>

                        <sup class="reg-price-unit">ea</sup>
                        </span>
                        <span class="sale-price hidden" aria-label="Sale Price:">
					    <span class="sale-price-text"></span>
                        <sup class="sale-price-unit">ea</sup>
                        </span>

                        <span class="secondary-price hidden">

					    <span class="secondary-price-text" aria-label="Secondary Price:"></span>
                        </span>
                    </div>
                </div>

                <div class="qty">
                    <span class="reg-qty  ">

		  		<span class="sr-only">Sale Price Per Unit:</span> $1.17 / 100 g

                    </span>

                    <span class="sale-qty hidden">

		  		<span class="sr-only">Sale Price Per Unit:</span> $1.17 / 100 g

                    </span>

                    <span class="secondary-qty hidden">

	  	<span class="secondary-qty-text"></span>
                    </span>
                </div>
            </div>

        </div>
        <form class="form-product  quickview-btn-simple" data-product-id="20857803003_EA" data-min-qty="1.0" data-max-qty="999.0" data-unit-type="ea" data-cart-qty="1" data-default-qty="1" novalidate="novalidate" promoCode="" promoNumber="" data-is-customized="false" data-cart-url="/cart/product/20857803003_EA" data-csrf-token="5582ec01-90c0-448b-b4f7-e2cf68d9f8a0" data-is-weighted-product="false">

            <div class="module-add-to-cart " data-change-type="plus" data-auto-edit="true" data-auto-add="true" data-cart-ajax-url="/cart/updateCart">
                <div class="wrapper-add-to-cart-btn">
                    <div class="module-add-to-cart-button-small">
                        <button type="button" class="btn btn-secondary btn-add-to-cart " data-auid="add-to-cart-button" data-has-pts-badge="false" aria-label="Add Party Mix, Cheesy to cart">
                            <span class="icon-cart"></span>
                            <span class="add-to-cart-text">
											Add</span>
                        </button>
                        <button type="button" class="btn btn-secondary btn-edit-cart hidden " aria-label="Edit Cart">
                            <span class="qty-in-cart"></span>
                            <span class="edit-cart-text">
											<spring code="product.edit.text" />"
										</span>
                        </button>
                        <div class="add-list-parent add-list-module  bottom-add-list-module ">
                            <button class="btn btn-inline-link btn-save-to-list  dark is-btn-animated" data-login-url="/account/login?productCode=20857803003_EA" data-ajax-url="/restful/lists/all?productCode=20857803003_EA" data-user-guest="Y" data-user-guest="Y" data-product-code="20857803003_EA" data-delete-item="false" aria-label="Add Party Mix, Cheesy to a List">
                                <span class="glyphicon glyphicon-th-list"></span>
                                <div class="list-cta-text  is-btn-animated">Add to List</div>
                            </button>

                            <!-- this is the list HTML   -->
                            <div class="save-to-list-popup  is-btn-animated animation-up dark" data-save-to-list-error="Can not get lists at this time. Please try again later." data-product-name="Party Mix, Cheesy">
                                <div class="inner-container">
                                </div>

                            </div>
                        </div>

                    </div>
                </div>
            </div>

            <div class="module-plus-minus-buttons small hidden ">
                <button type="button" class="btn cart-change-qty" data-change-type="minus" data-auid="decrease-product-quantity" alt="Minus" aria-label="Minus">
                    <span class="icon-minimize"></span>
                </button>
                <div class="plus-minus-input-wrapper">
                    <input class="input-qty cart-change-qty" aria-label="Enter manual quantity" type="text" name="qty" title="Change quantity in cart" data-unit-type="ea" value="1ea" data-change-type="equals" maxlength="7">

                    <span class="input-qty-pretty">
							<span class="input-qty-pretty-value">1</span>
                    <span class="input-qty-pretty-unit"></span>
                    </span>
                </div>

                <button type="button" class="btn cart-change-qty" data-change-type="plus" data-auid="increase-product-quantity" alt="Plus" aria-label="Plus">
                    <span class="icon-plus-sign"></span>
                </button>

                <p class="deal-limit-reached hidden">Deal Limit Reached</p>

                <div class="tooltip-qty-error tooltip-qty-limit hidden">
                    <p>
                        Limit to &nbsp; 999 &nbsp;each&nbsp; per customer.</p>
                </div>
                <div class="tooltip-qty-error tooltip-round-error hidden">
                    <p>
                        We do not have this in the weight you wanted. We've rounded your order to the nearest weight increment we stock.</p>
                </div>
            </div>
        </form>

        <!-- End Template: AddToCartSmall -->

    </div>
</div>
<div class="item">

    <div class="module-grocery-product quickview-simple  clicked" data-quickview-ajax-url="/p/20899063003_EA/quickViewProduct" data-product-id="20899063003_EA" data-product-price="$4.98">

        <span class="subtitle"></span>

        <div class="product-page-hotspot">
            <div class="product-cell quickview-button">
                <div class="product-image ">

                    <img src="https://assets.shop.loblaws.ca/products/20899063003/b1/en/front/20899063003_front_a01.png" onerror="this.src='https://assets.shop.loblaws.ca/products/NoImage/b1/en/front/NoImage_front_a01_@2.png';" alt="Chili & Lime Chick Peas Snack" />

                    <div class="hover-text-container">
                        <button href="#" tabindex="0" class="hover-text " aria-label="Quick View for Chili & Lime Chick Peas Snack.">Quick View</button>
                    </div>
                </div>
            </div>

            <div class="product-in-cart">
                <div class="wrapper-product-in-cart">
                    <span>
	  			    In Cart
	  		    </span>
                </div>
            </div>

            <div class="product-info">
                <div class="product-name-wrapper">
                    <a href="/Food/Pantry/Chips-%26-Salty-Snacks/Potato-Chips/The-Good-Bean-Chili-%26-Lime-Chick-Peas-Snack/p/20899063003_EA" class="product-name" aria-label="Product page for Chili & Lime Chick Peas Snack">
                        <span class="js-product-entry-brand">The Good Bean&nbsp;</span>

                        <span class="js-product-entry-name">Chili & Lime Chick Peas Snack</span>

                        <span class="js-product-entry-size-detail">(170 g)</span>

                    </a>
                </div>

                <span class="ad-match-badge  hidden">Ad Match</span>

                <div class="price">
                    <div class="price-wrapper no-discount  ">
                        <span class="reg-price  " aria-label="Regular Price: $4.98">
					    <span class="reg-price-text">$4.98</span>

                        <sup class="reg-price-unit">ea</sup>
                        </span>
                        <span class="sale-price hidden" aria-label="Sale Price:">
					    <span class="sale-price-text"></span>
                        <sup class="sale-price-unit">ea</sup>
                        </span>

                        <span class="secondary-price hidden">

					    <span class="secondary-price-text" aria-label="Secondary Price:"></span>
                        </span>
                    </div>
                </div>

                <div class="qty">
                    <span class="reg-qty  ">

		  		<span class="sr-only">Sale Price Per Unit:</span> $2.93 / 100 g

                    </span>

                    <span class="sale-qty hidden">

		  		<span class="sr-only">Sale Price Per Unit:</span> $2.93 / 100 g

                    </span>

                    <span class="secondary-qty hidden">

	  	<span class="secondary-qty-text"></span>
                    </span>
                </div>
            </div>

        </div>
        <form class="form-product  quickview-btn-simple" data-product-id="20899063003_EA" data-min-qty="1.0" data-max-qty="999.0" data-unit-type="ea" data-cart-qty="1" data-default-qty="1" novalidate="novalidate" promoCode="" promoNumber="" data-is-customized="false" data-cart-url="/cart/product/20899063003_EA" data-csrf-token="5582ec01-90c0-448b-b4f7-e2cf68d9f8a0" data-is-weighted-product="false">

            <div class="module-add-to-cart " data-change-type="plus" data-auto-edit="true" data-auto-add="true" data-cart-ajax-url="/cart/updateCart">
                <div class="wrapper-add-to-cart-btn">
                    <div class="module-add-to-cart-button-small">
                        <button type="button" class="btn btn-secondary btn-add-to-cart " data-auid="add-to-cart-button" data-has-pts-badge="false" aria-label="Add Chili & Lime Chick Peas Snack to cart">
                            <span class="icon-cart"></span>
                            <span class="add-to-cart-text">
											Add</span>
                        </button>
                        <button type="button" class="btn btn-secondary btn-edit-cart hidden " aria-label="Edit Cart">
                            <span class="qty-in-cart"></span>
                            <span class="edit-cart-text">
											<spring code="product.edit.text" />"
										</span>
                        </button>
                        <div class="add-list-parent add-list-module  bottom-add-list-module ">
                            <button class="btn btn-inline-link btn-save-to-list  dark is-btn-animated" data-login-url="/account/login?productCode=20899063003_EA" data-ajax-url="/restful/lists/all?productCode=20899063003_EA" data-user-guest="Y" data-user-guest="Y" data-product-code="20899063003_EA" data-delete-item="false" aria-label="Add Chili & Lime Chick Peas Snack to a List">
                                <span class="glyphicon glyphicon-th-list"></span>
                                <div class="list-cta-text  is-btn-animated">Add to List</div>
                            </button>

                            <!-- this is the list HTML   -->
                            <div class="save-to-list-popup  is-btn-animated animation-up dark" data-save-to-list-error="Can not get lists at this time. Please try again later." data-product-name="Chili & Lime Chick Peas Snack">
                                <div class="inner-container">
                                </div>

                            </div>
                        </div>

                    </div>
                </div>
            </div>

            <div class="module-plus-minus-buttons small hidden ">
                <button type="button" class="btn cart-change-qty" data-change-type="minus" data-auid="decrease-product-quantity" alt="Minus" aria-label="Minus">
                    <span class="icon-minimize"></span>
                </button>
                <div class="plus-minus-input-wrapper">
                    <input class="input-qty cart-change-qty" aria-label="Enter manual quantity" type="text" name="qty" title="Change quantity in cart" data-unit-type="ea" value="1ea" data-change-type="equals" maxlength="7">

                    <span class="input-qty-pretty">
							<span class="input-qty-pretty-value">1</span>
                    <span class="input-qty-pretty-unit"></span>
                    </span>
                </div>

                <button type="button" class="btn cart-change-qty" data-change-type="plus" data-auid="increase-product-quantity" alt="Plus" aria-label="Plus">
                    <span class="icon-plus-sign"></span>
                </button>

                <p class="deal-limit-reached hidden">Deal Limit Reached</p>

                <div class="tooltip-qty-error tooltip-qty-limit hidden">
                    <p>
                        Limit to &nbsp; 999 &nbsp;each&nbsp; per customer.</p>
                </div>
                <div class="tooltip-qty-error tooltip-round-error hidden">
                    <p>
                        We do not have this in the weight you wanted. We've rounded your order to the nearest weight increment we stock.</p>
                </div>
            </div>
        </form>

        <!-- End Template: AddToCartSmall -->

    </div>
</div>
<div class="item">

    <div class="module-grocery-product quickview-simple  clicked" data-quickview-ajax-url="/p/20840911004_EA/quickViewProduct" data-product-id="20840911004_EA" data-product-price="$1.68">

        <span class="subtitle">New</span>

        <div class="product-page-hotspot">
            <div class="product-cell quickview-button">
                <div class="product-image ">

                    <img src="https://assets.shop.loblaws.ca/products/20840911004/b1/en/front/20840911004_front_a01.png" onerror="this.src='https://assets.shop.loblaws.ca/products/NoImage/b1/en/front/NoImage_front_a01_@2.png';" alt="Loads Of All Dressed Flavour Rippled Potato Chips" />

                    <span class="sticker deal">
	  				        <span class="deal-badge">

	  				            <span class="module-deal-badge module-deal-badge-grid simple-save-unit "
	  						        data-deal-type="SAVE $0.20"
	  						        data-ajax-promo-url="/simpleDeal/deals/product-tile?productCode=20840911004_EA"
	  						        data-deal-id="20840911004_EA">
	  						        <span class="deal-type">SAVE $0.20</span>

                    <span class="deal-expiry">
		Exp. 01/03
	</span>

                    </span>
                    </span>
                    </span>

                    <div class="hover-text-container">
                        <button href="#" tabindex="0" class="hover-text " aria-label="Quick View for Loads Of All Dressed Flavour Rippled Potato Chips.">Quick View</button>
                    </div>
                </div>
            </div>

            <div class="product-in-cart">
                <div class="wrapper-product-in-cart">
                    <span>
	  			    In Cart
	  		    </span>
                </div>
            </div>

            <div class="product-info">
                <div class="product-name-wrapper">
                    <a href="/Food/Pantry/Chips-%26-Salty-Snacks/Potato-Chips/President%27s-Choice-Loads-Of-All-Dressed-Flavour-Rippled-Potato-Chips/p/20840911004_EA" class="product-name" aria-label="Product page for Loads Of All Dressed Flavour Rippled Potato Chips">
                        <span class="js-product-entry-brand">President's Choice&nbsp;</span>

                        <span class="js-product-entry-name">Loads Of All Dressed Flavour Rippled Potato Chips</span>

                        <span class="js-product-entry-size-detail">(200 g)</span>

                    </a>
                </div>

                <span class="ad-match-badge  hidden">Ad Match</span>

                <div class="price">
                    <div class="price-wrapper discount promo-alert ">
                        <span class="reg-price  price-alert" aria-label="Regular Price: $1.68">
					    <span class="reg-price-text">$1.68</span>

                        <sup class="reg-price-unit">ea</sup>
                        </span>
                        <span class="sale-price hidden" aria-label="Sale Price:">
					    <span class="sale-price-text"></span>
                        <sup class="sale-price-unit">ea</sup>
                        </span>

                        <span class="old-price" aria-label="Original Price: $1.88">
						    <span class="old-price-text">$1.88</span>
                        </span>

                        <span class="secondary-price hidden">

					    <span class="secondary-price-text" aria-label="Secondary Price:"></span>
                        </span>
                    </div>
                </div>

                <div class="qty">
                    <span class="reg-qty  price-alert">

		  		<span class="sr-only">Sale Price Per Unit:</span> $0.84 / 100 g

                    </span>

                    <span class="sale-qty hidden">

		  		<span class="sr-only">Sale Price Per Unit:</span> $0.84 / 100 g

                    </span>

                    <span class="secondary-qty hidden">

	  	<span class="secondary-qty-text"></span>
                    </span>
                </div>
            </div>

        </div>
        <form class="form-product  quickview-btn-simple" data-product-id="20840911004_EA" data-min-qty="1.0" data-max-qty="999.0" data-unit-type="ea" data-cart-qty="1" data-default-qty="1" novalidate="novalidate" promoCode="" promoNumber="" data-is-customized="false" data-cart-url="/cart/product/20840911004_EA" data-csrf-token="5582ec01-90c0-448b-b4f7-e2cf68d9f8a0" data-is-weighted-product="false">

            <div class="module-add-to-cart " data-change-type="plus" data-auto-edit="true" data-auto-add="true" data-cart-ajax-url="/cart/updateCart">
                <div class="wrapper-add-to-cart-btn">
                    <div class="module-add-to-cart-button-small">
                        <button type="button" class="btn btn-secondary btn-add-to-cart " data-auid="add-to-cart-button" data-has-pts-badge="false" aria-label="Add Loads Of All Dressed Flavour Rippled Potato Chips to cart">
                            <span class="icon-cart"></span>
                            <span class="add-to-cart-text">
											Add</span>
                        </button>
                        <button type="button" class="btn btn-secondary btn-edit-cart hidden " aria-label="Edit Cart">
                            <span class="qty-in-cart"></span>
                            <span class="edit-cart-text">
											<spring code="product.edit.text" />"
										</span>
                        </button>
                        <div class="add-list-parent add-list-module  bottom-add-list-module ">
                            <button class="btn btn-inline-link btn-save-to-list  dark is-btn-animated" data-login-url="/account/login?productCode=20840911004_EA" data-ajax-url="/restful/lists/all?productCode=20840911004_EA" data-user-guest="Y" data-user-guest="Y" data-product-code="20840911004_EA" data-delete-item="false" aria-label="Add Loads Of All Dressed Flavour Rippled Potato Chips to a List">
                                <span class="glyphicon glyphicon-th-list"></span>
                                <div class="list-cta-text  is-btn-animated">Add to List</div>
                            </button>

                            <!-- this is the list HTML   -->
                            <div class="save-to-list-popup  is-btn-animated animation-up dark" data-save-to-list-error="Can not get lists at this time. Please try again later." data-product-name="Loads Of All Dressed Flavour Rippled Potato Chips">
                                <div class="inner-container">
                                </div>

                            </div>
                        </div>

                    </div>
                </div>
            </div>

            <div class="module-plus-minus-buttons small hidden ">
                <button type="button" class="btn cart-change-qty" data-change-type="minus" data-auid="decrease-product-quantity" alt="Minus" aria-label="Minus">
                    <span class="icon-minimize"></span>
                </button>
                <div class="plus-minus-input-wrapper">
                    <input class="input-qty cart-change-qty" aria-label="Enter manual quantity" type="text" name="qty" title="Change quantity in cart" data-unit-type="ea" value="1ea" data-change-type="equals" maxlength="7">

                    <span class="input-qty-pretty">
							<span class="input-qty-pretty-value">1</span>
                    <span class="input-qty-pretty-unit"></span>
                    </span>
                </div>

                <button type="button" class="btn cart-change-qty" data-change-type="plus" data-auid="increase-product-quantity" alt="Plus" aria-label="Plus">
                    <span class="icon-plus-sign"></span>
                </button>

                <p class="deal-limit-reached hidden">Deal Limit Reached</p>

                <div class="tooltip-qty-error tooltip-qty-limit hidden">
                    <p>
                        Limit to &nbsp; 999 &nbsp;each&nbsp; per customer.</p>
                </div>
                <div class="tooltip-qty-error tooltip-round-error hidden">
                    <p>
                        We do not have this in the weight you wanted. We've rounded your order to the nearest weight increment we stock.</p>
                </div>
            </div>
        </form>

        <!-- End Template: AddToCartSmall -->

    </div>
</div>
<div class="item">

    <div class="module-grocery-product quickview-simple  clicked" data-quickview-ajax-url="/p/20346629_EA/quickViewProduct" data-product-id="20346629_EA" data-product-price="$1.97">

        <span class="subtitle"></span>

        <div class="product-page-hotspot">
            <div class="product-cell quickview-button">
                <div class="product-image ">

                    <img src="https://assets.shop.loblaws.ca/products/20346629/b1/en/front/20346629_front_a01.png" onerror="this.src='https://assets.shop.loblaws.ca/products/NoImage/b1/en/front/NoImage_front_a01_@2.png';" alt="Chippy Corn Chips, Barbecue" />

                    <span class="sticker deal">
	  				        <span class="deal-badge">

	  				            <span class="module-deal-badge module-deal-badge-grid simple-save-unit "
	  						        data-deal-type="2 FOR $3.54"
	  						        data-ajax-promo-url="/simpleDeal/deals/product-tile?productCode=20346629_EA"
	  						        data-deal-id="20346629_EA">
	  						        <span class="deal-type">2 FOR $3.54</span>

                    <span class="deal-expiry">
		Exp. 12/31
	</span>

                    </span>
                    </span>
                    </span>

                    <div class="hover-text-container">
                        <button href="#" tabindex="0" class="hover-text " aria-label="Quick View for Chippy Corn Chips, Barbecue.">Quick View</button>
                    </div>
                </div>
            </div>

            <div class="product-in-cart">
                <div class="wrapper-product-in-cart">
                    <span>
	  			    In Cart
	  		    </span>
                </div>
            </div>

            <div class="product-info">
                <div class="product-name-wrapper">
                    <a href="/Food/Pantry/Chips-%26-Salty-Snacks/Potato-Chips/Chippy-Corn-Chips%2C-Barbecue/p/20346629_EA" class="product-name" aria-label="Product page for Chippy Corn Chips, Barbecue">
                        <span class="js-product-entry-brand">Jack n' Jill&nbsp;</span>

                        <span class="js-product-entry-name">Chippy Corn Chips, Barbecue</span>

                        <span class="js-product-entry-size-detail">(200 g)</span>

                    </a>
                </div>

                <span class="ad-match-badge  hidden">Ad Match</span>

                <div class="price">
                    <div class="price-wrapper no-discount  ">
                        <span class="reg-price  " aria-label="Regular Price: $1.97">
					    <span class="reg-price-text">$1.97</span>

                        <sup class="reg-price-unit">ea</sup>
                        </span>
                        <span class="sale-price hidden" aria-label="Sale Price:">
					    <span class="sale-price-text"></span>
                        <sup class="sale-price-unit">ea</sup>
                        </span>

                        <span class="secondary-price hidden">

					    <span class="secondary-price-text" aria-label="Secondary Price:"></span>
                        </span>
                    </div>
                </div>

                <div class="qty">
                    <span class="reg-qty  ">

		  		<span class="sr-only">Sale Price Per Unit:</span> $0.99 / 100 g

                    </span>

                    <span class="sale-qty hidden">

		  		<span class="sr-only">Sale Price Per Unit:</span> $0.99 / 100 g

                    </span>

                    <span class="secondary-qty hidden">

	  	<span class="secondary-qty-text"></span>
                    </span>
                </div>
            </div>

        </div>
        <form class="form-product  quickview-btn-simple" data-product-id="20346629_EA" data-min-qty="1.0" data-max-qty="999.0" data-unit-type="ea" data-cart-qty="1" data-default-qty="1" novalidate="novalidate" promoCode="" promoNumber="" data-is-customized="false" data-cart-url="/cart/product/20346629_EA" data-csrf-token="5582ec01-90c0-448b-b4f7-e2cf68d9f8a0" data-is-weighted-product="false">

            <div class="module-add-to-cart " data-change-type="plus" data-auto-edit="true" data-auto-add="true" data-cart-ajax-url="/cart/updateCart">
                <div class="wrapper-add-to-cart-btn">
                    <div class="module-add-to-cart-button-small">
                        <button type="button" class="btn btn-secondary btn-add-to-cart " data-auid="add-to-cart-button" data-has-pts-badge="false" aria-label="Add Chippy Corn Chips, Barbecue to cart">
                            <span class="icon-cart"></span>
                            <span class="add-to-cart-text">
											Add</span>
                        </button>
                        <button type="button" class="btn btn-secondary btn-edit-cart hidden " aria-label="Edit Cart">
                            <span class="qty-in-cart"></span>
                            <span class="edit-cart-text">
											<spring code="product.edit.text" />"
										</span>
                        </button>
                        <div class="add-list-parent add-list-module  bottom-add-list-module ">
                            <button class="btn btn-inline-link btn-save-to-list  dark is-btn-animated" data-login-url="/account/login?productCode=20346629_EA" data-ajax-url="/restful/lists/all?productCode=20346629_EA" data-user-guest="Y" data-user-guest="Y" data-product-code="20346629_EA" data-delete-item="false" aria-label="Add Chippy Corn Chips, Barbecue to a List">
                                <span class="glyphicon glyphicon-th-list"></span>
                                <div class="list-cta-text  is-btn-animated">Add to List</div>
                            </button>

                            <!-- this is the list HTML   -->
                            <div class="save-to-list-popup  is-btn-animated animation-up dark" data-save-to-list-error="Can not get lists at this time. Please try again later." data-product-name="Chippy Corn Chips, Barbecue">
                                <div class="inner-container">
                                </div>

                            </div>
                        </div>

                    </div>
                </div>
            </div>

            <div class="module-plus-minus-buttons small hidden ">
                <button type="button" class="btn cart-change-qty" data-change-type="minus" data-auid="decrease-product-quantity" alt="Minus" aria-label="Minus">
                    <span class="icon-minimize"></span>
                </button>
                <div class="plus-minus-input-wrapper">
                    <input class="input-qty cart-change-qty" aria-label="Enter manual quantity" type="text" name="qty" title="Change quantity in cart" data-unit-type="ea" value="1ea" data-change-type="equals" maxlength="7">

                    <span class="input-qty-pretty">
							<span class="input-qty-pretty-value">1</span>
                    <span class="input-qty-pretty-unit"></span>
                    </span>
                </div>

                <button type="button" class="btn cart-change-qty" data-change-type="plus" data-auid="increase-product-quantity" alt="Plus" aria-label="Plus">
                    <span class="icon-plus-sign"></span>
                </button>

                <p class="deal-limit-reached hidden">Deal Limit Reached</p>

                <div class="tooltip-qty-error tooltip-qty-limit hidden">
                    <p>
                        Limit to &nbsp; 999 &nbsp;each&nbsp; per customer.</p>
                </div>
                <div class="tooltip-qty-error tooltip-round-error hidden">
                    <p>
                        We do not have this in the weight you wanted. We've rounded your order to the nearest weight increment we stock.</p>
                </div>
            </div>
        </form>

        <!-- End Template: AddToCartSmall -->

    </div>
</div>
<div class="item">

    <div class="module-grocery-product quickview-simple  clicked" data-quickview-ajax-url="/p/20868465009_EA/quickViewProduct" data-product-id="20868465009_EA" data-product-price="$3.48">

        <span class="subtitle"></span>

        <div class="product-page-hotspot">
            <div class="product-cell quickview-button">
                <div class="product-image ">

                    <img src="https://assets.shop.loblaws.ca/products/20868465009/b1/en/front/20868465009_front_a01.png" onerror="this.src='https://assets.shop.loblaws.ca/products/NoImage/b1/en/front/NoImage_front_a01_@2.png';" alt="Rip-L Potato Chips, Original" />

                    <span class="sticker deal">
	  				        <span class="deal-badge">

	  				            <span class="module-deal-badge module-deal-badge-grid simple-save-unit "
	  						        data-deal-type="2 FOR $5.00"
	  						        data-ajax-promo-url="/simpleDeal/deals/product-tile?productCode=20868465009_EA"
	  						        data-deal-id="20868465009_EA">
	  						        <span class="deal-type">2 FOR $5.00</span>

                    <span class="deal-expiry">
		Exp. 12/19
	</span>

                    </span>
                    </span>
                    </span>

                    <div class="hover-text-container">
                        <button href="#" tabindex="0" class="hover-text " aria-label="Quick View for Rip-L Potato Chips, Original.">Quick View</button>
                    </div>
                </div>
            </div>

            <div class="product-in-cart">
                <div class="wrapper-product-in-cart">
                    <span>
	  			    In Cart
	  		    </span>
                </div>
            </div>

            <div class="product-info">
                <div class="product-name-wrapper">
                    <a href="/Food/Pantry/Chips-%26-Salty-Snacks/Potato-Chips/Old-Dutch-RIP-L-Rip-L-Potato-Chips%2C-Original/p/20868465009_EA" class="product-name" aria-label="Product page for Rip-L Potato Chips, Original">
                        <span class="js-product-entry-brand">Old Dutch&nbsp;</span>

                        <span class="js-product-entry-name">Rip-L Potato Chips, Original</span>

                        <span class="js-product-entry-size-detail">(255 g)</span>

                    </a>
                </div>

                <span class="ad-match-badge  hidden">Ad Match</span>

                <div class="price">
                    <div class="price-wrapper no-discount  ">
                        <span class="reg-price  " aria-label="Regular Price: $3.48">
					    <span class="reg-price-text">$3.48</span>

                        <sup class="reg-price-unit">ea</sup>
                        </span>
                        <span class="sale-price hidden" aria-label="Sale Price:">
					    <span class="sale-price-text"></span>
                        <sup class="sale-price-unit">ea</sup>
                        </span>

                        <span class="secondary-price hidden">

					    <span class="secondary-price-text" aria-label="Secondary Price:"></span>
                        </span>
                    </div>
                </div>

                <div class="qty">
                    <span class="reg-qty  ">

		  		<span class="sr-only">Sale Price Per Unit:</span> $1.36 / 100 g

                    </span>

                    <span class="sale-qty hidden">

		  		<span class="sr-only">Sale Price Per Unit:</span> $1.36 / 100 g

                    </span>

                    <span class="secondary-qty hidden">

	  	<span class="secondary-qty-text"></span>
                    </span>
                </div>
            </div>

        </div>
        <form class="form-product  quickview-btn-simple" data-product-id="20868465009_EA" data-min-qty="1.0" data-max-qty="999.0" data-unit-type="ea" data-cart-qty="1" data-default-qty="1" novalidate="novalidate" promoCode="" promoNumber="" data-is-customized="false" data-cart-url="/cart/product/20868465009_EA" data-csrf-token="5582ec01-90c0-448b-b4f7-e2cf68d9f8a0" data-is-weighted-product="false">

            <div class="module-add-to-cart " data-change-type="plus" data-auto-edit="true" data-auto-add="true" data-cart-ajax-url="/cart/updateCart">
                <div class="wrapper-add-to-cart-btn">
                    <div class="module-add-to-cart-button-small">
                        <button type="button" class="btn btn-secondary btn-add-to-cart " data-auid="add-to-cart-button" data-has-pts-badge="false" aria-label="Add Rip-L Potato Chips, Original to cart">
                            <span class="icon-cart"></span>
                            <span class="add-to-cart-text">
											Add</span>
                        </button>
                        <button type="button" class="btn btn-secondary btn-edit-cart hidden " aria-label="Edit Cart">
                            <span class="qty-in-cart"></span>
                            <span class="edit-cart-text">
											<spring code="product.edit.text" />"
										</span>
                        </button>
                        <div class="add-list-parent add-list-module  bottom-add-list-module ">
                            <button class="btn btn-inline-link btn-save-to-list  dark is-btn-animated" data-login-url="/account/login?productCode=20868465009_EA" data-ajax-url="/restful/lists/all?productCode=20868465009_EA" data-user-guest="Y" data-user-guest="Y" data-product-code="20868465009_EA" data-delete-item="false" aria-label="Add Rip-L Potato Chips, Original to a List">
                                <span class="glyphicon glyphicon-th-list"></span>
                                <div class="list-cta-text  is-btn-animated">Add to List</div>
                            </button>

                            <!-- this is the list HTML   -->
                            <div class="save-to-list-popup  is-btn-animated animation-up dark" data-save-to-list-error="Can not get lists at this time. Please try again later." data-product-name="Rip-L Potato Chips, Original">
                                <div class="inner-container">
                                </div>

                            </div>
                        </div>

                    </div>
                </div>
            </div>

            <div class="module-plus-minus-buttons small hidden ">
                <button type="button" class="btn cart-change-qty" data-change-type="minus" data-auid="decrease-product-quantity" alt="Minus" aria-label="Minus">
                    <span class="icon-minimize"></span>
                </button>
                <div class="plus-minus-input-wrapper">
                    <input class="input-qty cart-change-qty" aria-label="Enter manual quantity" type="text" name="qty" title="Change quantity in cart" data-unit-type="ea" value="1ea" data-change-type="equals" maxlength="7">

                    <span class="input-qty-pretty">
							<span class="input-qty-pretty-value">1</span>
                    <span class="input-qty-pretty-unit"></span>
                    </span>
                </div>

                <button type="button" class="btn cart-change-qty" data-change-type="plus" data-auid="increase-product-quantity" alt="Plus" aria-label="Plus">
                    <span class="icon-plus-sign"></span>
                </button>

                <p class="deal-limit-reached hidden">Deal Limit Reached</p>

                <div class="tooltip-qty-error tooltip-qty-limit hidden">
                    <p>
                        Limit to &nbsp; 999 &nbsp;each&nbsp; per customer.</p>
                </div>
                <div class="tooltip-qty-error tooltip-round-error hidden">
                    <p>
                        We do not have this in the weight you wanted. We've rounded your order to the nearest weight increment we stock.</p>
                </div>
            </div>
        </form>

        <!-- End Template: AddToCartSmall -->

    </div>
</div>
<div class="item">

    <div class="module-grocery-product quickview-simple  clicked" data-quickview-ajax-url="/p/20340531_EA/quickViewProduct" data-product-id="20340531_EA" data-product-price="$1.18">

        <span class="subtitle"></span>

        <div class="product-page-hotspot">
            <div class="product-cell quickview-button">
                <div class="product-image ">

                    <img src="https://assets.shop.loblaws.ca/products/20340531/b1/en/front/20340531_front_a01.png" onerror="this.src='https://assets.shop.loblaws.ca/products/NoImage/b1/en/front/NoImage_front_a01_@2.png';" alt="Potato Chips, Barbecue" />

                    <div class="hover-text-container">
                        <button href="#" tabindex="0" class="hover-text " aria-label="Quick View for Potato Chips, Barbecue.">Quick View</button>
                    </div>
                </div>
            </div>

            <div class="product-in-cart">
                <div class="wrapper-product-in-cart">
                    <span>
	  			    In Cart
	  		    </span>
                </div>
            </div>

            <div class="product-info">
                <div class="product-name-wrapper">
                    <a href="/Food/Pantry/Chips-%26-Salty-Snacks/Potato-Chips/Potato-Chips%2C-Barbecue/p/20340531_EA" class="product-name" aria-label="Product page for Potato Chips, Barbecue">
                        <span class="js-product-entry-brand">No Name&nbsp;</span>

                        <span class="js-product-entry-name">Potato Chips, Barbecue</span>

                        <span class="js-product-entry-size-detail">(200 g)</span>

                    </a>
                </div>

                <span class="ad-match-badge  hidden">Ad Match</span>

                <div class="price">
                    <div class="price-wrapper no-discount  ">
                        <span class="reg-price  " aria-label="Regular Price: $1.18">
					    <span class="reg-price-text">$1.18</span>

                        <sup class="reg-price-unit">ea</sup>
                        </span>
                        <span class="sale-price hidden" aria-label="Sale Price:">
					    <span class="sale-price-text"></span>
                        <sup class="sale-price-unit">ea</sup>
                        </span>

                        <span class="secondary-price hidden">

					    <span class="secondary-price-text" aria-label="Secondary Price:"></span>
                        </span>
                    </div>
                </div>

                <div class="qty">
                    <span class="reg-qty  ">

		  		<span class="sr-only">Sale Price Per Unit:</span> $0.59 / 100 g

                    </span>

                    <span class="sale-qty hidden">

		  		<span class="sr-only">Sale Price Per Unit:</span> $0.59 / 100 g

                    </span>

                    <span class="secondary-qty hidden">

	  	<span class="secondary-qty-text"></span>
                    </span>
                </div>
            </div>

        </div>
        <form class="form-product  quickview-btn-simple" data-product-id="20340531_EA" data-min-qty="1.0" data-max-qty="999.0" data-unit-type="ea" data-cart-qty="1" data-default-qty="1" novalidate="novalidate" promoCode="" promoNumber="" data-is-customized="false" data-cart-url="/cart/product/20340531_EA" data-csrf-token="5582ec01-90c0-448b-b4f7-e2cf68d9f8a0" data-is-weighted-product="false">

            <div class="module-add-to-cart " data-change-type="plus" data-auto-edit="true" data-auto-add="true" data-cart-ajax-url="/cart/updateCart">
                <div class="wrapper-add-to-cart-btn">
                    <div class="module-add-to-cart-button-small">
                        <button type="button" class="btn btn-secondary btn-add-to-cart " data-auid="add-to-cart-button" data-has-pts-badge="false" aria-label="Add Potato Chips, Barbecue to cart">
                            <span class="icon-cart"></span>
                            <span class="add-to-cart-text">
											Add</span>
                        </button>
                        <button type="button" class="btn btn-secondary btn-edit-cart hidden " aria-label="Edit Cart">
                            <span class="qty-in-cart"></span>
                            <span class="edit-cart-text">
											<spring code="product.edit.text" />"
										</span>
                        </button>
                        <div class="add-list-parent add-list-module  bottom-add-list-module ">
                            <button class="btn btn-inline-link btn-save-to-list  dark is-btn-animated" data-login-url="/account/login?productCode=20340531_EA" data-ajax-url="/restful/lists/all?productCode=20340531_EA" data-user-guest="Y" data-user-guest="Y" data-product-code="20340531_EA" data-delete-item="false" aria-label="Add Potato Chips, Barbecue to a List">
                                <span class="glyphicon glyphicon-th-list"></span>
                                <div class="list-cta-text  is-btn-animated">Add to List</div>
                            </button>

                            <!-- this is the list HTML   -->
                            <div class="save-to-list-popup  is-btn-animated animation-up dark" data-save-to-list-error="Can not get lists at this time. Please try again later." data-product-name="Potato Chips, Barbecue">
                                <div class="inner-container">
                                </div>

                            </div>
                        </div>

                    </div>
                </div>
            </div>

            <div class="module-plus-minus-buttons small hidden ">
                <button type="button" class="btn cart-change-qty" data-change-type="minus" data-auid="decrease-product-quantity" alt="Minus" aria-label="Minus">
                    <span class="icon-minimize"></span>
                </button>
                <div class="plus-minus-input-wrapper">
                    <input class="input-qty cart-change-qty" aria-label="Enter manual quantity" type="text" name="qty" title="Change quantity in cart" data-unit-type="ea" value="1ea" data-change-type="equals" maxlength="7">

                    <span class="input-qty-pretty">
							<span class="input-qty-pretty-value">1</span>
                    <span class="input-qty-pretty-unit"></span>
                    </span>
                </div>

                <button type="button" class="btn cart-change-qty" data-change-type="plus" data-auid="increase-product-quantity" alt="Plus" aria-label="Plus">
                    <span class="icon-plus-sign"></span>
                </button>

                <p class="deal-limit-reached hidden">Deal Limit Reached</p>

                <div class="tooltip-qty-error tooltip-qty-limit hidden">
                    <p>
                        Limit to &nbsp; 999 &nbsp;each&nbsp; per customer.</p>
                </div>
                <div class="tooltip-qty-error tooltip-round-error hidden">
                    <p>
                        We do not have this in the weight you wanted. We've rounded your order to the nearest weight increment we stock.</p>
                </div>
            </div>
        </form>

        <!-- End Template: AddToCartSmall -->

    </div>
</div>
<div class="item">

    <div class="module-grocery-product quickview-simple  clicked" data-quickview-ajax-url="/p/21084990_EA/quickViewProduct" data-product-id="21084990_EA" data-product-price="$3.97">

        <span class="subtitle"></span>

        <div class="product-page-hotspot">
            <div class="product-cell quickview-button">
                <div class="product-image ">

                    <img src="https://assets.shop.loblaws.ca/products/21084990/b1/en/front/21084990_front_a01.png" onerror="this.src='https://assets.shop.loblaws.ca/products/NoImage/b1/en/front/NoImage_front_a01_@2.png';" alt="Vickie's Kettle Cooked Potato Chips, Sweet Southern BBQ" />

                    <div class="hover-text-container">
                        <button href="#" tabindex="0" class="hover-text " aria-label="Quick View for Vickie's Kettle Cooked Potato Chips, Sweet Southern BBQ.">Quick View</button>
                    </div>
                </div>
            </div>

            <div class="product-in-cart">
                <div class="wrapper-product-in-cart">
                    <span>
	  			    In Cart
	  		    </span>
                </div>
            </div>

            <div class="product-info">
                <div class="product-name-wrapper">
                    <a href="/Food/Pantry/Chips-%26-Salty-Snacks/Potato-Chips/Miss-Vickies-Vickie%27s-Kettle-Cooked-Potato-Chips%2C-Sweet-Southern-BBQ/p/21084990_EA" class="product-name" aria-label="Product page for Vickie's Kettle Cooked Potato Chips, Sweet Southern BBQ">
                        <span class="js-product-entry-brand">Miss Vickies&nbsp;</span>

                        <span class="js-product-entry-name">Vickie's Kettle Cooked Potato Chips, Sweet Southern BBQ</span>

                        <span class="js-product-entry-size-detail">(220 g)</span>

                    </a>
                </div>

                <span class="ad-match-badge  hidden">Ad Match</span>

                <div class="price">
                    <div class="price-wrapper no-discount  ">
                        <span class="reg-price  " aria-label="Regular Price: $3.97">
					    <span class="reg-price-text">$3.97</span>

                        <sup class="reg-price-unit">ea</sup>
                        </span>
                        <span class="sale-price hidden" aria-label="Sale Price:">
					    <span class="sale-price-text"></span>
                        <sup class="sale-price-unit">ea</sup>
                        </span>

                        <span class="secondary-price hidden">

					    <span class="secondary-price-text" aria-label="Secondary Price:"></span>
                        </span>
                    </div>
                </div>

                <div class="qty">
                    <span class="reg-qty  ">

		  		<span class="sr-only">Sale Price Per Unit:</span> $1.80 / 100 g

                    </span>

                    <span class="sale-qty hidden">

		  		<span class="sr-only">Sale Price Per Unit:</span> $1.80 / 100 g

                    </span>

                    <span class="secondary-qty hidden">

	  	<span class="secondary-qty-text"></span>
                    </span>
                </div>
            </div>

        </div>
        <form class="form-product  quickview-btn-simple" data-product-id="21084990_EA" data-min-qty="1.0" data-max-qty="999.0" data-unit-type="ea" data-cart-qty="1" data-default-qty="1" novalidate="novalidate" promoCode="" promoNumber="" data-is-customized="false" data-cart-url="/cart/product/21084990_EA" data-csrf-token="5582ec01-90c0-448b-b4f7-e2cf68d9f8a0" data-is-weighted-product="false">

            <div class="module-add-to-cart " data-change-type="plus" data-auto-edit="true" data-auto-add="true" data-cart-ajax-url="/cart/updateCart">
                <div class="wrapper-add-to-cart-btn">
                    <div class="module-add-to-cart-button-small">
                        <button type="button" class="btn btn-secondary btn-add-to-cart " data-auid="add-to-cart-button" data-has-pts-badge="false" aria-label="Add Vickie's Kettle Cooked Potato Chips, Sweet Southern BBQ to cart">
                            <span class="icon-cart"></span>
                            <span class="add-to-cart-text">
											Add</span>
                        </button>
                        <button type="button" class="btn btn-secondary btn-edit-cart hidden " aria-label="Edit Cart">
                            <span class="qty-in-cart"></span>
                            <span class="edit-cart-text">
											<spring code="product.edit.text" />"
										</span>
                        </button>
                        <div class="add-list-parent add-list-module  bottom-add-list-module ">
                            <button class="btn btn-inline-link btn-save-to-list  dark is-btn-animated" data-login-url="/account/login?productCode=21084990_EA" data-ajax-url="/restful/lists/all?productCode=21084990_EA" data-user-guest="Y" data-user-guest="Y" data-product-code="21084990_EA" data-delete-item="false" aria-label="Add Vickie's Kettle Cooked Potato Chips, Sweet Southern BBQ to a List">
                                <span class="glyphicon glyphicon-th-list"></span>
                                <div class="list-cta-text  is-btn-animated">Add to List</div>
                            </button>

                            <!-- this is the list HTML   -->
                            <div class="save-to-list-popup  is-btn-animated animation-up dark" data-save-to-list-error="Can not get lists at this time. Please try again later." data-product-name="Vickie's Kettle Cooked Potato Chips, Sweet Southern BBQ">
                                <div class="inner-container">
                                </div>

                            </div>
                        </div>

                    </div>
                </div>
            </div>

            <div class="module-plus-minus-buttons small hidden ">
                <button type="button" class="btn cart-change-qty" data-change-type="minus" data-auid="decrease-product-quantity" alt="Minus" aria-label="Minus">
                    <span class="icon-minimize"></span>
                </button>
                <div class="plus-minus-input-wrapper">
                    <input class="input-qty cart-change-qty" aria-label="Enter manual quantity" type="text" name="qty" title="Change quantity in cart" data-unit-type="ea" value="1ea" data-change-type="equals" maxlength="7">

                    <span class="input-qty-pretty">
							<span class="input-qty-pretty-value">1</span>
                    <span class="input-qty-pretty-unit"></span>
                    </span>
                </div>

                <button type="button" class="btn cart-change-qty" data-change-type="plus" data-auid="increase-product-quantity" alt="Plus" aria-label="Plus">
                    <span class="icon-plus-sign"></span>
                </button>

                <p class="deal-limit-reached hidden">Deal Limit Reached</p>

                <div class="tooltip-qty-error tooltip-qty-limit hidden">
                    <p>
                        Limit to &nbsp; 999 &nbsp;each&nbsp; per customer.</p>
                </div>
                <div class="tooltip-qty-error tooltip-round-error hidden">
                    <p>
                        We do not have this in the weight you wanted. We've rounded your order to the nearest weight increment we stock.</p>
                </div>
            </div>
        </form>

        <!-- End Template: AddToCartSmall -->

    </div>
</div>
<div class="item">

    <div class="module-grocery-product quickview-simple  clicked" data-quickview-ajax-url="/p/20978995_EA/quickViewProduct" data-product-id="20978995_EA" data-product-price="$3.98">

        <span class="subtitle"></span>

        <div class="product-page-hotspot">
            <div class="product-cell quickview-button">
                <div class="product-image ">

                    <img src="https://assets.shop.loblaws.ca/products/20978995/b1/en/front/20978995_front_a01.png" onerror="this.src='https://assets.shop.loblaws.ca/products/NoImage/b1/en/front/NoImage_front_a01_@2.png';" alt="Tortilla Chips, Thin & Crispy, Twist of Lime" />

                    <span class="sticker deal">
	  				        <span class="deal-badge">

	  				            <span class="module-deal-badge module-deal-badge-grid simple-save-unit "
	  						        data-deal-type="$3.98 LIMIT 4"
	  						        data-ajax-promo-url="/simpleDeal/deals/product-tile?productCode=20978995_EA"
	  						        data-deal-id="20978995_EA">
	  						        <span class="deal-type">$3.98 LIMIT 4</span>

                    <span class="deal-expiry">
		Exp. 12/27
	</span>

                    </span>
                    </span>
                    </span>

                    <div class="hover-text-container">
                        <button href="#" tabindex="0" class="hover-text " aria-label="Quick View for Tortilla Chips, Thin & Crispy, Twist of Lime.">Quick View</button>
                    </div>
                </div>
            </div>

            <div class="product-in-cart">
                <div class="wrapper-product-in-cart">
                    <span>
	  			    In Cart
	  		    </span>
                </div>
            </div>

            <div class="product-info">
                <div class="product-name-wrapper">
                    <a href="/Food/Pantry/Chips-%26-Salty-Snacks/Potato-Chips/Que-Pasa-Tortilla-Chips%2C-Thin-%26-Crispy%2C-Twist-of-Lime/p/20978995_EA" class="product-name" aria-label="Product page for Tortilla Chips, Thin & Crispy, Twist of Lime">
                        <span class="js-product-entry-brand">Que Pasa&nbsp;</span>

                        <span class="js-product-entry-name">Tortilla Chips, Thin & Crispy, Twist of Lime</span>

                        <span class="js-product-entry-size-detail">(300 g)</span>

                    </a>
                </div>

                <span class="ad-match-badge  hidden">Ad Match</span>

                <div class="price">
                    <div class="price-wrapper no-discount promo-alert ">
                        <span class="reg-price  price-alert" aria-label="Regular Price: $3.98">
					    <span class="reg-price-text">$3.98</span>

                        <sup class="reg-price-unit">ea</sup>
                        </span>
                        <span class="sale-price hidden" aria-label="Sale Price:">
					    <span class="sale-price-text"></span>
                        <sup class="sale-price-unit">ea</sup>
                        </span>

                        <span class="secondary-price hidden">

					    <span class="secondary-price-text" aria-label="Secondary Price:"></span>
                        </span>
                    </div>
                </div>

                <div class="qty">
                    <span class="reg-qty  price-alert">

		  		<span class="sr-only">Sale Price Per Unit:</span> $1.33 / 100 g

                    </span>

                    <span class="sale-qty hidden">

		  		<span class="sr-only">Sale Price Per Unit:</span> $1.33 / 100 g

                    </span>

                    <span class="secondary-qty hidden">

	  	<span class="secondary-qty-text"></span>
                    </span>
                </div>
            </div>

        </div>
        <form class="form-product  quickview-btn-simple" data-product-id="20978995_EA" data-min-qty="1.0" data-max-qty="999.0" data-unit-type="ea" data-cart-qty="1" data-default-qty="1" novalidate="novalidate" promoCode="" promoNumber="" data-is-customized="false" data-cart-url="/cart/product/20978995_EA" data-csrf-token="5582ec01-90c0-448b-b4f7-e2cf68d9f8a0" data-is-weighted-product="false">

            <div class="module-add-to-cart " data-change-type="plus" data-auto-edit="true" data-auto-add="true" data-cart-ajax-url="/cart/updateCart">
                <div class="wrapper-add-to-cart-btn">
                    <div class="module-add-to-cart-button-small">
                        <button type="button" class="btn btn-secondary btn-add-to-cart " data-auid="add-to-cart-button" data-has-pts-badge="false" aria-label="Add Tortilla Chips, Thin & Crispy, Twist of Lime to cart">
                            <span class="icon-cart"></span>
                            <span class="add-to-cart-text">
											Add</span>
                        </button>
                        <button type="button" class="btn btn-secondary btn-edit-cart hidden " aria-label="Edit Cart">
                            <span class="qty-in-cart"></span>
                            <span class="edit-cart-text">
											<spring code="product.edit.text" />"
										</span>
                        </button>
                        <div class="add-list-parent add-list-module  bottom-add-list-module ">
                            <button class="btn btn-inline-link btn-save-to-list  dark is-btn-animated" data-login-url="/account/login?productCode=20978995_EA" data-ajax-url="/restful/lists/all?productCode=20978995_EA" data-user-guest="Y" data-user-guest="Y" data-product-code="20978995_EA" data-delete-item="false" aria-label="Add Tortilla Chips, Thin & Crispy, Twist of Lime to a List">
                                <span class="glyphicon glyphicon-th-list"></span>
                                <div class="list-cta-text  is-btn-animated">Add to List</div>
                            </button>

                            <!-- this is the list HTML   -->
                            <div class="save-to-list-popup  is-btn-animated animation-up dark" data-save-to-list-error="Can not get lists at this time. Please try again later." data-product-name="Tortilla Chips, Thin & Crispy, Twist of Lime">
                                <div class="inner-container">
                                </div>

                            </div>
                        </div>

                    </div>
                </div>
            </div>

            <div class="module-plus-minus-buttons small hidden ">
                <button type="button" class="btn cart-change-qty" data-change-type="minus" data-auid="decrease-product-quantity" alt="Minus" aria-label="Minus">
                    <span class="icon-minimize"></span>
                </button>
                <div class="plus-minus-input-wrapper">
                    <input class="input-qty cart-change-qty" aria-label="Enter manual quantity" type="text" name="qty" title="Change quantity in cart" data-unit-type="ea" value="1ea" data-change-type="equals" maxlength="7">

                    <span class="input-qty-pretty">
							<span class="input-qty-pretty-value">1</span>
                    <span class="input-qty-pretty-unit"></span>
                    </span>
                </div>

                <button type="button" class="btn cart-change-qty" data-change-type="plus" data-auid="increase-product-quantity" alt="Plus" aria-label="Plus">
                    <span class="icon-plus-sign"></span>
                </button>

                <p class="deal-limit-reached hidden">Deal Limit Reached</p>

                <div class="tooltip-qty-error tooltip-qty-limit hidden">
                    <p>
                        Limit to &nbsp; 999 &nbsp;each&nbsp; per customer.</p>
                </div>
                <div class="tooltip-qty-error tooltip-round-error hidden">
                    <p>
                        We do not have this in the weight you wanted. We've rounded your order to the nearest weight increment we stock.</p>
                </div>
            </div>
        </form>

        <!-- End Template: AddToCartSmall -->

    </div>
</div>
<div class="item">

    <div class="module-grocery-product quickview-simple  clicked" data-quickview-ajax-url="/p/20839412001_EA/quickViewProduct" data-product-id="20839412001_EA" data-product-price="$1.88">

        <span class="subtitle"></span>

        <div class="product-page-hotspot">
            <div class="product-cell quickview-button">
                <div class="product-image ">

                    <img src="https://assets.shop.loblaws.ca/products/20839412001/b1/en/front/20839412001_front_a01.png" onerror="this.src='https://assets.shop.loblaws.ca/products/NoImage/b1/en/front/NoImage_front_a01_@2.png';" alt="Buffalo Wings And Blue Cheese Chips" />

                    <div class="hover-text-container">
                        <button href="#" tabindex="0" class="hover-text " aria-label="Quick View for Buffalo Wings And Blue Cheese Chips.">Quick View</button>
                    </div>
                </div>
            </div>

            <div class="product-in-cart">
                <div class="wrapper-product-in-cart">
                    <span>
	  			    In Cart
	  		    </span>
                </div>
            </div>

            <div class="product-info">
                <div class="product-name-wrapper">
                    <a href="/Food/Pantry/Chips-%26-Salty-Snacks/Potato-Chips/President%27s-Choice-Buffalo-Wings-And-Blue-Cheese-Chips/p/20839412001_EA" class="product-name" aria-label="Product page for Buffalo Wings And Blue Cheese Chips">
                        <span class="js-product-entry-brand">President's Choice&nbsp;</span>

                        <span class="js-product-entry-name">Buffalo Wings And Blue Cheese Chips</span>

                        <span class="js-product-entry-size-detail">(200 g)</span>

                    </a>
                </div>

                <span class="ad-match-badge  hidden">Ad Match</span>

                <div class="price">
                    <div class="price-wrapper no-discount  ">
                        <span class="reg-price  " aria-label="Regular Price: $1.88">
					    <span class="reg-price-text">$1.88</span>

                        <sup class="reg-price-unit">ea</sup>
                        </span>
                        <span class="sale-price hidden" aria-label="Sale Price:">
					    <span class="sale-price-text"></span>
                        <sup class="sale-price-unit">ea</sup>
                        </span>

                        <span class="secondary-price hidden">

					    <span class="secondary-price-text" aria-label="Secondary Price:"></span>
                        </span>
                    </div>
                </div>

                <div class="qty">
                    <span class="reg-qty  ">

		  		<span class="sr-only">Sale Price Per Unit:</span> $0.94 / 100 g

                    </span>

                    <span class="sale-qty hidden">

		  		<span class="sr-only">Sale Price Per Unit:</span> $0.94 / 100 g

                    </span>

                    <span class="secondary-qty hidden">

	  	<span class="secondary-qty-text"></span>
                    </span>
                </div>
            </div>

        </div>
        <form class="form-product  quickview-btn-simple" data-product-id="20839412001_EA" data-min-qty="1.0" data-max-qty="999.0" data-unit-type="ea" data-cart-qty="1" data-default-qty="1" novalidate="novalidate" promoCode="" promoNumber="" data-is-customized="false" data-cart-url="/cart/product/20839412001_EA" data-csrf-token="5582ec01-90c0-448b-b4f7-e2cf68d9f8a0" data-is-weighted-product="false">

            <div class="module-add-to-cart " data-change-type="plus" data-auto-edit="true" data-auto-add="true" data-cart-ajax-url="/cart/updateCart">
                <div class="wrapper-add-to-cart-btn">
                    <div class="module-add-to-cart-button-small">
                        <button type="button" class="btn btn-secondary btn-add-to-cart " data-auid="add-to-cart-button" data-has-pts-badge="false" aria-label="Add Buffalo Wings And Blue Cheese Chips to cart">
                            <span class="icon-cart"></span>
                            <span class="add-to-cart-text">
											Add</span>
                        </button>
                        <button type="button" class="btn btn-secondary btn-edit-cart hidden " aria-label="Edit Cart">
                            <span class="qty-in-cart"></span>
                            <span class="edit-cart-text">
											<spring code="product.edit.text" />"
										</span>
                        </button>
                        <div class="add-list-parent add-list-module  bottom-add-list-module ">
                            <button class="btn btn-inline-link btn-save-to-list  dark is-btn-animated" data-login-url="/account/login?productCode=20839412001_EA" data-ajax-url="/restful/lists/all?productCode=20839412001_EA" data-user-guest="Y" data-user-guest="Y" data-product-code="20839412001_EA" data-delete-item="false" aria-label="Add Buffalo Wings And Blue Cheese Chips to a List">
                                <span class="glyphicon glyphicon-th-list"></span>
                                <div class="list-cta-text  is-btn-animated">Add to List</div>
                            </button>

                            <!-- this is the list HTML   -->
                            <div class="save-to-list-popup  is-btn-animated animation-up dark" data-save-to-list-error="Can not get lists at this time. Please try again later." data-product-name="Buffalo Wings And Blue Cheese Chips">
                                <div class="inner-container">
                                </div>

                            </div>
                        </div>

                    </div>
                </div>
            </div>

            <div class="module-plus-minus-buttons small hidden ">
                <button type="button" class="btn cart-change-qty" data-change-type="minus" data-auid="decrease-product-quantity" alt="Minus" aria-label="Minus">
                    <span class="icon-minimize"></span>
                </button>
                <div class="plus-minus-input-wrapper">
                    <input class="input-qty cart-change-qty" aria-label="Enter manual quantity" type="text" name="qty" title="Change quantity in cart" data-unit-type="ea" value="1ea" data-change-type="equals" maxlength="7">

                    <span class="input-qty-pretty">
							<span class="input-qty-pretty-value">1</span>
                    <span class="input-qty-pretty-unit"></span>
                    </span>
                </div>

                <button type="button" class="btn cart-change-qty" data-change-type="plus" data-auid="increase-product-quantity" alt="Plus" aria-label="Plus">
                    <span class="icon-plus-sign"></span>
                </button>

                <p class="deal-limit-reached hidden">Deal Limit Reached</p>

                <div class="tooltip-qty-error tooltip-qty-limit hidden">
                    <p>
                        Limit to &nbsp; 999 &nbsp;each&nbsp; per customer.</p>
                </div>
                <div class="tooltip-qty-error tooltip-round-error hidden">
                    <p>
                        We do not have this in the weight you wanted. We've rounded your order to the nearest weight increment we stock.</p>
                </div>
            </div>
        </form>

        <!-- End Template: AddToCartSmall -->

    </div>
</div>
<div class="item">

    <div class="module-grocery-product quickview-simple  clicked" data-quickview-ajax-url="/p/21050581_EA/quickViewProduct" data-product-id="21050581_EA" data-product-price="$2.97">

        <span class="subtitle"></span>

        <div class="product-page-hotspot">
            <div class="product-cell quickview-button">
                <div class="product-image ">

                    <img src="https://assets.shop.loblaws.ca/products/21050581/b1/en/front/21050581_front_a01.png" onerror="this.src='https://assets.shop.loblaws.ca/products/NoImage/b1/en/front/NoImage_front_a01_@2.png';" alt="Tortilla Chips, Rounds" />

                    <span class="sticker deal">
	  				        <span class="deal-badge">

	  				            <span class="module-deal-badge module-deal-badge-grid simple-save-unit "
	  						        data-deal-type="2 FOR $5.00"
	  						        data-ajax-promo-url="/simpleDeal/deals/product-tile?productCode=21050581_EA"
	  						        data-deal-id="21050581_EA">
	  						        <span class="deal-type">2 FOR $5.00</span>

                    <span class="deal-expiry">
		Exp. 12/19
	</span>

                    </span>
                    </span>
                    </span>

                    <div class="hover-text-container">
                        <button href="#" tabindex="0" class="hover-text " aria-label="Quick View for Tortilla Chips, Rounds.">Quick View</button>
                    </div>
                </div>
            </div>

            <div class="product-in-cart">
                <div class="wrapper-product-in-cart">
                    <span>
	  			    In Cart
	  		    </span>
                </div>
            </div>

            <div class="product-info">
                <div class="product-name-wrapper">
                    <a href="/Food/Pantry/Chips-%26-Salty-Snacks/Tortilla-Chips/Tostitos-Tortilla-Chips%2C-Rounds/p/21050581_EA" class="product-name" aria-label="Product page for Tortilla Chips, Rounds">
                        <span class="js-product-entry-brand">Tostitos&nbsp;</span>

                        <span class="js-product-entry-name">Tortilla Chips, Rounds</span>

                        <span class="js-product-entry-size-detail">(295 g)</span>

                    </a>
                </div>

                <span class="ad-match-badge  hidden">Ad Match</span>

                <div class="price">
                    <div class="price-wrapper no-discount  ">
                        <span class="reg-price  " aria-label="Regular Price: $2.97">
					    <span class="reg-price-text">$2.97</span>

                        <sup class="reg-price-unit">ea</sup>
                        </span>
                        <span class="sale-price hidden" aria-label="Sale Price:">
					    <span class="sale-price-text"></span>
                        <sup class="sale-price-unit">ea</sup>
                        </span>

                        <span class="secondary-price hidden">

					    <span class="secondary-price-text" aria-label="Secondary Price:"></span>
                        </span>
                    </div>
                </div>

                <div class="qty">
                    <span class="reg-qty  ">

		  		<span class="sr-only">Sale Price Per Unit:</span> $1.01 / 100 g

                    </span>

                    <span class="sale-qty hidden">

		  		<span class="sr-only">Sale Price Per Unit:</span> $1.01 / 100 g

                    </span>

                    <span class="secondary-qty hidden">

	  	<span class="secondary-qty-text"></span>
                    </span>
                </div>
            </div>

        </div>
        <form class="form-product  quickview-btn-simple" data-product-id="21050581_EA" data-min-qty="1.0" data-max-qty="999.0" data-unit-type="ea" data-cart-qty="1" data-default-qty="1" novalidate="novalidate" promoCode="" promoNumber="" data-is-customized="false" data-cart-url="/cart/product/21050581_EA" data-csrf-token="5582ec01-90c0-448b-b4f7-e2cf68d9f8a0" data-is-weighted-product="false">

            <div class="module-add-to-cart " data-change-type="plus" data-auto-edit="true" data-auto-add="true" data-cart-ajax-url="/cart/updateCart">
                <div class="wrapper-add-to-cart-btn">
                    <div class="module-add-to-cart-button-small">
                        <button type="button" class="btn btn-secondary btn-add-to-cart " data-auid="add-to-cart-button" data-has-pts-badge="false" aria-label="Add Tortilla Chips, Rounds to cart">
                            <span class="icon-cart"></span>
                            <span class="add-to-cart-text">
											Add</span>
                        </button>
                        <button type="button" class="btn btn-secondary btn-edit-cart hidden " aria-label="Edit Cart">
                            <span class="qty-in-cart"></span>
                            <span class="edit-cart-text">
											<spring code="product.edit.text" />"
										</span>
                        </button>
                        <div class="add-list-parent add-list-module  bottom-add-list-module ">
                            <button class="btn btn-inline-link btn-save-to-list  dark is-btn-animated" data-login-url="/account/login?productCode=21050581_EA" data-ajax-url="/restful/lists/all?productCode=21050581_EA" data-user-guest="Y" data-user-guest="Y" data-product-code="21050581_EA" data-delete-item="false" aria-label="Add Tortilla Chips, Rounds to a List">
                                <span class="glyphicon glyphicon-th-list"></span>
                                <div class="list-cta-text  is-btn-animated">Add to List</div>
                            </button>

                            <!-- this is the list HTML   -->
                            <div class="save-to-list-popup  is-btn-animated animation-up dark" data-save-to-list-error="Can not get lists at this time. Please try again later." data-product-name="Tortilla Chips, Rounds">
                                <div class="inner-container">
                                </div>

                            </div>
                        </div>

                    </div>
                </div>
            </div>

            <div class="module-plus-minus-buttons small hidden ">
                <button type="button" class="btn cart-change-qty" data-change-type="minus" data-auid="decrease-product-quantity" alt="Minus" aria-label="Minus">
                    <span class="icon-minimize"></span>
                </button>
                <div class="plus-minus-input-wrapper">
                    <input class="input-qty cart-change-qty" aria-label="Enter manual quantity" type="text" name="qty" title="Change quantity in cart" data-unit-type="ea" value="1ea" data-change-type="equals" maxlength="7">

                    <span class="input-qty-pretty">
							<span class="input-qty-pretty-value">1</span>
                    <span class="input-qty-pretty-unit"></span>
                    </span>
                </div>

                <button type="button" class="btn cart-change-qty" data-change-type="plus" data-auid="increase-product-quantity" alt="Plus" aria-label="Plus">
                    <span class="icon-plus-sign"></span>
                </button>

                <p class="deal-limit-reached hidden">Deal Limit Reached</p>

                <div class="tooltip-qty-error tooltip-qty-limit hidden">
                    <p>
                        Limit to &nbsp; 999 &nbsp;each&nbsp; per customer.</p>
                </div>
                <div class="tooltip-qty-error tooltip-round-error hidden">
                    <p>
                        We do not have this in the weight you wanted. We've rounded your order to the nearest weight increment we stock.</p>
                </div>
            </div>
        </form>

        <!-- End Template: AddToCartSmall -->

    </div>
</div>
<div class="item">

    <div class="module-grocery-product quickview-simple  clicked" data-quickview-ajax-url="/p/20839369_EA/quickViewProduct" data-product-id="20839369_EA" data-product-price="$3.17">

        <span class="subtitle"></span>

        <div class="product-page-hotspot">
            <div class="product-cell quickview-button">
                <div class="product-image ">

                    <img src="https://assets.shop.loblaws.ca/products/20839369/b1/en/front/20839369_front_a01.png" onerror="this.src='https://assets.shop.loblaws.ca/products/NoImage/b1/en/front/NoImage_front_a01_@2.png';" alt="Wavy Potato Chips, Jalapeno Mac n' Cheese" />

                    <span class="sticker deal">
	  				    <span class="deal-badge">
	  					    <span class="module-deal-badge module-deal-badge-feature flyer expires undefined">
	  						    <span class="deal-type">
								    Flyer<br />
	  							    Item
	  						    </span>

                    <span class="deal-expiry">
		Exp. 12/19
	</span>

                    </span>
                    </span>
                    </span>

                    <div class="hover-text-container">
                        <button href="#" tabindex="0" class="hover-text " aria-label="Quick View for Wavy Potato Chips, Jalapeno Mac n' Cheese.">Quick View</button>
                    </div>
                </div>
            </div>

            <div class="product-in-cart">
                <div class="wrapper-product-in-cart">
                    <span>
	  			    In Cart
	  		    </span>
                </div>
            </div>

            <div class="product-info">
                <div class="product-name-wrapper">
                    <a href="/Food/Pantry/Chips-%26-Salty-Snacks/Potato-Chips/Lay%27s-WAVY-Wavy-Potato-Chips%2C-Jalapeno-Mac-n%27-Cheese/p/20839369_EA" class="product-name" aria-label="Product page for Wavy Potato Chips, Jalapeno Mac n' Cheese">
                        <span class="js-product-entry-brand">Lay's&nbsp;</span>

                        <span class="js-product-entry-name">Wavy Potato Chips, Jalapeno Mac n' Cheese</span>

                        <span class="js-product-entry-size-detail">(255 g)</span>

                    </a>
                </div>

                <span class="ad-match-badge  hidden">Ad Match</span>

                <div class="price">
                    <div class="price-wrapper no-discount  ">
                        <span class="reg-price  " aria-label="Regular Price: $3.17">
					    <span class="reg-price-text">$3.17</span>

                        <sup class="reg-price-unit">ea</sup>
                        </span>
                        <span class="sale-price hidden" aria-label="Sale Price:">
					    <span class="sale-price-text"></span>
                        <sup class="sale-price-unit">ea</sup>
                        </span>

                        <span class="secondary-price hidden">

					    <span class="secondary-price-text" aria-label="Secondary Price:"></span>
                        </span>
                    </div>
                </div>

                <div class="qty">
                    <span class="reg-qty  ">

		  		<span class="sr-only">Sale Price Per Unit:</span> $1.24 / 100 g

                    </span>

                    <span class="sale-qty hidden">

		  		<span class="sr-only">Sale Price Per Unit:</span> $1.24 / 100 g

                    </span>

                    <span class="secondary-qty hidden">

	  	<span class="secondary-qty-text"></span>
                    </span>
                </div>
            </div>

        </div>
        <form class="form-product  quickview-btn-simple" data-product-id="20839369_EA" data-min-qty="1.0" data-max-qty="999.0" data-unit-type="ea" data-cart-qty="1" data-default-qty="1" novalidate="novalidate" promoCode="" promoNumber="" data-is-customized="false" data-cart-url="/cart/product/20839369_EA" data-csrf-token="5582ec01-90c0-448b-b4f7-e2cf68d9f8a0" data-is-weighted-product="false">

            <div class="module-add-to-cart " data-change-type="plus" data-auto-edit="true" data-auto-add="true" data-cart-ajax-url="/cart/updateCart">
                <div class="wrapper-add-to-cart-btn">
                    <div class="module-add-to-cart-button-small">
                        <button type="button" class="btn btn-secondary btn-add-to-cart " data-auid="add-to-cart-button" data-has-pts-badge="false" aria-label="Add Wavy Potato Chips, Jalapeno Mac n' Cheese to cart">
                            <span class="icon-cart"></span>
                            <span class="add-to-cart-text">
											Add</span>
                        </button>
                        <button type="button" class="btn btn-secondary btn-edit-cart hidden " aria-label="Edit Cart">
                            <span class="qty-in-cart"></span>
                            <span class="edit-cart-text">
											<spring code="product.edit.text" />"
										</span>
                        </button>
                        <div class="add-list-parent add-list-module  bottom-add-list-module ">
                            <button class="btn btn-inline-link btn-save-to-list  dark is-btn-animated" data-login-url="/account/login?productCode=20839369_EA" data-ajax-url="/restful/lists/all?productCode=20839369_EA" data-user-guest="Y" data-user-guest="Y" data-product-code="20839369_EA" data-delete-item="false" aria-label="Add Wavy Potato Chips, Jalapeno Mac n' Cheese to a List">
                                <span class="glyphicon glyphicon-th-list"></span>
                                <div class="list-cta-text  is-btn-animated">Add to List</div>
                            </button>

                            <!-- this is the list HTML   -->
                            <div class="save-to-list-popup  is-btn-animated animation-up dark" data-save-to-list-error="Can not get lists at this time. Please try again later." data-product-name="Wavy Potato Chips, Jalapeno Mac n' Cheese">
                                <div class="inner-container">
                                </div>

                            </div>
                        </div>

                    </div>
                </div>
            </div>

            <div class="module-plus-minus-buttons small hidden ">
                <button type="button" class="btn cart-change-qty" data-change-type="minus" data-auid="decrease-product-quantity" alt="Minus" aria-label="Minus">
                    <span class="icon-minimize"></span>
                </button>
                <div class="plus-minus-input-wrapper">
                    <input class="input-qty cart-change-qty" aria-label="Enter manual quantity" type="text" name="qty" title="Change quantity in cart" data-unit-type="ea" value="1ea" data-change-type="equals" maxlength="7">

                    <span class="input-qty-pretty">
							<span class="input-qty-pretty-value">1</span>
                    <span class="input-qty-pretty-unit"></span>
                    </span>
                </div>

                <button type="button" class="btn cart-change-qty" data-change-type="plus" data-auid="increase-product-quantity" alt="Plus" aria-label="Plus">
                    <span class="icon-plus-sign"></span>
                </button>

                <p class="deal-limit-reached hidden">Deal Limit Reached</p>

                <div class="tooltip-qty-error tooltip-qty-limit hidden">
                    <p>
                        Limit to &nbsp; 999 &nbsp;each&nbsp; per customer.</p>
                </div>
                <div class="tooltip-qty-error tooltip-round-error hidden">
                    <p>
                        We do not have this in the weight you wanted. We've rounded your order to the nearest weight increment we stock.</p>
                </div>
            </div>
        </form>

        <!-- End Template: AddToCartSmall -->

    </div>
</div>
<div class="item">

    <div class="module-grocery-product quickview-simple  clicked" data-quickview-ajax-url="/p/21056023_EA/quickViewProduct" data-product-id="21056023_EA" data-product-price="$2.48">

        <span class="subtitle"></span>

        <div class="product-page-hotspot">
            <div class="product-cell quickview-button">
                <div class="product-image ">

                    <img src="https://assets.shop.loblaws.ca/products/21056023/b1/en/front/21056023_front_a01.png" onerror="this.src='https://assets.shop.loblaws.ca/products/NoImage/b1/en/front/NoImage_front_a01_@2.png';" alt="Chips, Pepperoncini" />

                    <span class="sticker deal">
	  				        <span class="deal-badge">

	  				            <span class="module-deal-badge module-deal-badge-grid simple-save-unit "
	  						        data-deal-type="$2.48 LIMIT 4"
	  						        data-ajax-promo-url="/simpleDeal/deals/product-tile?productCode=21056023_EA"
	  						        data-deal-id="21056023_EA">
	  						        <span class="deal-type">$2.48 LIMIT 4</span>

                    <span class="deal-expiry">
		Exp. 12/20
	</span>

                    </span>
                    </span>
                    </span>

                    <div class="hover-text-container">
                        <button href="#" tabindex="0" class="hover-text " aria-label="Quick View for Chips, Pepperoncini.">Quick View</button>
                    </div>
                </div>
            </div>

            <div class="product-in-cart">
                <div class="wrapper-product-in-cart">
                    <span>
	  			    In Cart
	  		    </span>
                </div>
            </div>

            <div class="product-info">
                <div class="product-name-wrapper">
                    <a href="/Food/Pantry/Chips-%26-Salty-Snacks/Potato-Chips/Kettle-Chips%2C-Pepperoncini/p/21056023_EA" class="product-name" aria-label="Product page for Chips, Pepperoncini">
                        <span class="js-product-entry-brand">Kettle&nbsp;</span>

                        <span class="js-product-entry-name">Chips, Pepperoncini</span>

                        <span class="js-product-entry-size-detail">(220 g)</span>

                    </a>
                </div>

                <span class="ad-match-badge  hidden">Ad Match</span>

                <div class="price">
                    <div class="price-wrapper no-discount promo-alert ">
                        <span class="reg-price  price-alert" aria-label="Regular Price: $2.48">
					    <span class="reg-price-text">$2.48</span>

                        <sup class="reg-price-unit">ea</sup>
                        </span>
                        <span class="sale-price hidden" aria-label="Sale Price:">
					    <span class="sale-price-text"></span>
                        <sup class="sale-price-unit">ea</sup>
                        </span>

                        <span class="secondary-price hidden">

					    <span class="secondary-price-text" aria-label="Secondary Price:"></span>
                        </span>
                    </div>
                </div>

                <div class="qty">
                    <span class="reg-qty  price-alert">

		  		<span class="sr-only">Sale Price Per Unit:</span> $1.13 / 100 g

                    </span>

                    <span class="sale-qty hidden">

		  		<span class="sr-only">Sale Price Per Unit:</span> $1.13 / 100 g

                    </span>

                    <span class="secondary-qty hidden">

	  	<span class="secondary-qty-text"></span>
                    </span>
                </div>
            </div>

        </div>
        <form class="form-product  quickview-btn-simple" data-product-id="21056023_EA" data-min-qty="1.0" data-max-qty="999.0" data-unit-type="ea" data-cart-qty="1" data-default-qty="1" novalidate="novalidate" promoCode="" promoNumber="" data-is-customized="false" data-cart-url="/cart/product/21056023_EA" data-csrf-token="5582ec01-90c0-448b-b4f7-e2cf68d9f8a0" data-is-weighted-product="false">

            <div class="module-add-to-cart " data-change-type="plus" data-auto-edit="true" data-auto-add="true" data-cart-ajax-url="/cart/updateCart">
                <div class="wrapper-add-to-cart-btn">
                    <div class="module-add-to-cart-button-small">
                        <button type="button" class="btn btn-secondary btn-add-to-cart " data-auid="add-to-cart-button" data-has-pts-badge="false" aria-label="Add Chips, Pepperoncini to cart">
                            <span class="icon-cart"></span>
                            <span class="add-to-cart-text">
											Add</span>
                        </button>
                        <button type="button" class="btn btn-secondary btn-edit-cart hidden " aria-label="Edit Cart">
                            <span class="qty-in-cart"></span>
                            <span class="edit-cart-text">
											<spring code="product.edit.text" />"
										</span>
                        </button>
                        <div class="add-list-parent add-list-module  bottom-add-list-module ">
                            <button class="btn btn-inline-link btn-save-to-list  dark is-btn-animated" data-login-url="/account/login?productCode=21056023_EA" data-ajax-url="/restful/lists/all?productCode=21056023_EA" data-user-guest="Y" data-user-guest="Y" data-product-code="21056023_EA" data-delete-item="false" aria-label="Add Chips, Pepperoncini to a List">
                                <span class="glyphicon glyphicon-th-list"></span>
                                <div class="list-cta-text  is-btn-animated">Add to List</div>
                            </button>

                            <!-- this is the list HTML   -->
                            <div class="save-to-list-popup  is-btn-animated animation-up dark" data-save-to-list-error="Can not get lists at this time. Please try again later." data-product-name="Chips, Pepperoncini">
                                <div class="inner-container">
                                </div>

                            </div>
                        </div>

                    </div>
                </div>
            </div>

            <div class="module-plus-minus-buttons small hidden ">
                <button type="button" class="btn cart-change-qty" data-change-type="minus" data-auid="decrease-product-quantity" alt="Minus" aria-label="Minus">
                    <span class="icon-minimize"></span>
                </button>
                <div class="plus-minus-input-wrapper">
                    <input class="input-qty cart-change-qty" aria-label="Enter manual quantity" type="text" name="qty" title="Change quantity in cart" data-unit-type="ea" value="1ea" data-change-type="equals" maxlength="7">

                    <span class="input-qty-pretty">
							<span class="input-qty-pretty-value">1</span>
                    <span class="input-qty-pretty-unit"></span>
                    </span>
                </div>

                <button type="button" class="btn cart-change-qty" data-change-type="plus" data-auid="increase-product-quantity" alt="Plus" aria-label="Plus">
                    <span class="icon-plus-sign"></span>
                </button>

                <p class="deal-limit-reached hidden">Deal Limit Reached</p>

                <div class="tooltip-qty-error tooltip-qty-limit hidden">
                    <p>
                        Limit to &nbsp; 999 &nbsp;each&nbsp; per customer.</p>
                </div>
                <div class="tooltip-qty-error tooltip-round-error hidden">
                    <p>
                        We do not have this in the weight you wanted. We've rounded your order to the nearest weight increment we stock.</p>
                </div>
            </div>
        </form>

        <!-- End Template: AddToCartSmall -->

    </div>
</div>
<div class="item">

    <div class="module-grocery-product quickview-simple  clicked" data-quickview-ajax-url="/p/21013349_EA/quickViewProduct" data-product-id="21013349_EA" data-product-price="$1.98">

        <span class="subtitle"></span>

        <div class="product-page-hotspot">
            <div class="product-cell quickview-button">
                <div class="product-image ">

                    <img src="https://assets.shop.loblaws.ca/products/21013349/b1/en/front/21013349_front_a01.png" onerror="this.src='https://assets.shop.loblaws.ca/products/NoImage/b1/en/front/NoImage_front_a01_@2.png';" alt="Tortilla Chips, Nacho Cheese" />

                    <span class="sticker deal">
	  				        <span class="deal-badge">

	  				            <span class="module-deal-badge module-deal-badge-grid simple-save-unit "
	  						        data-deal-type="3 FOR $5.31"
	  						        data-ajax-promo-url="/simpleDeal/deals/product-tile?productCode=21013349_EA"
	  						        data-deal-id="21013349_EA">
	  						        <span class="deal-type">3 FOR $5.31</span>

                    <span class="deal-expiry">
		Exp. 12/31
	</span>

                    </span>
                    </span>
                    </span>

                    <div class="hover-text-container">
                        <button href="#" tabindex="0" class="hover-text " aria-label="Quick View for Tortilla Chips, Nacho Cheese.">Quick View</button>
                    </div>
                </div>
            </div>

            <div class="product-in-cart">
                <div class="wrapper-product-in-cart">
                    <span>
	  			    In Cart
	  		    </span>
                </div>
            </div>

            <div class="product-info">
                <div class="product-name-wrapper">
                    <a href="/Food/Pantry/Chips-%26-Salty-Snacks/Potato-Chips/No-Name-Tortilla-Chips%2C-Nacho-Cheese/p/21013349_EA" class="product-name" aria-label="Product page for Tortilla Chips, Nacho Cheese">
                        <span class="js-product-entry-brand">No Name&nbsp;</span>

                        <span class="js-product-entry-name">Tortilla Chips, Nacho Cheese</span>

                        <span class="js-product-entry-size-detail">(200 g)</span>

                    </a>
                </div>

                <span class="ad-match-badge  hidden">Ad Match</span>

                <div class="price">
                    <div class="price-wrapper no-discount  ">
                        <span class="reg-price  " aria-label="Regular Price: $1.98">
					    <span class="reg-price-text">$1.98</span>

                        <sup class="reg-price-unit">ea</sup>
                        </span>
                        <span class="sale-price hidden" aria-label="Sale Price:">
					    <span class="sale-price-text"></span>
                        <sup class="sale-price-unit">ea</sup>
                        </span>

                        <span class="secondary-price hidden">

					    <span class="secondary-price-text" aria-label="Secondary Price:"></span>
                        </span>
                    </div>
                </div>

                <div class="qty">
                    <span class="reg-qty  ">

		  		<span class="sr-only">Sale Price Per Unit:</span> $0.99 / 100 g

                    </span>

                    <span class="sale-qty hidden">

		  		<span class="sr-only">Sale Price Per Unit:</span> $0.99 / 100 g

                    </span>

                    <span class="secondary-qty hidden">

	  	<span class="secondary-qty-text"></span>
                    </span>
                </div>
            </div>

        </div>
        <form class="form-product  quickview-btn-simple" data-product-id="21013349_EA" data-min-qty="1.0" data-max-qty="999.0" data-unit-type="ea" data-cart-qty="1" data-default-qty="1" novalidate="novalidate" promoCode="" promoNumber="" data-is-customized="false" data-cart-url="/cart/product/21013349_EA" data-csrf-token="5582ec01-90c0-448b-b4f7-e2cf68d9f8a0" data-is-weighted-product="false">

            <div class="module-add-to-cart " data-change-type="plus" data-auto-edit="true" data-auto-add="true" data-cart-ajax-url="/cart/updateCart">
                <div class="wrapper-add-to-cart-btn">
                    <div class="module-add-to-cart-button-small">
                        <button type="button" class="btn btn-secondary btn-add-to-cart " data-auid="add-to-cart-button" data-has-pts-badge="false" aria-label="Add Tortilla Chips, Nacho Cheese to cart">
                            <span class="icon-cart"></span>
                            <span class="add-to-cart-text">
											Add</span>
                        </button>
                        <button type="button" class="btn btn-secondary btn-edit-cart hidden " aria-label="Edit Cart">
                            <span class="qty-in-cart"></span>
                            <span class="edit-cart-text">
											<spring code="product.edit.text" />"
										</span>
                        </button>
                        <div class="add-list-parent add-list-module  bottom-add-list-module ">
                            <button class="btn btn-inline-link btn-save-to-list  dark is-btn-animated" data-login-url="/account/login?productCode=21013349_EA" data-ajax-url="/restful/lists/all?productCode=21013349_EA" data-user-guest="Y" data-user-guest="Y" data-product-code="21013349_EA" data-delete-item="false" aria-label="Add Tortilla Chips, Nacho Cheese to a List">
                                <span class="glyphicon glyphicon-th-list"></span>
                                <div class="list-cta-text  is-btn-animated">Add to List</div>
                            </button>

                            <!-- this is the list HTML   -->
                            <div class="save-to-list-popup  is-btn-animated animation-up dark" data-save-to-list-error="Can not get lists at this time. Please try again later." data-product-name="Tortilla Chips, Nacho Cheese">
                                <div class="inner-container">
                                </div>

                            </div>
                        </div>

                    </div>
                </div>
            </div>

            <div class="module-plus-minus-buttons small hidden ">
                <button type="button" class="btn cart-change-qty" data-change-type="minus" data-auid="decrease-product-quantity" alt="Minus" aria-label="Minus">
                    <span class="icon-minimize"></span>
                </button>
                <div class="plus-minus-input-wrapper">
                    <input class="input-qty cart-change-qty" aria-label="Enter manual quantity" type="text" name="qty" title="Change quantity in cart" data-unit-type="ea" value="1ea" data-change-type="equals" maxlength="7">

                    <span class="input-qty-pretty">
							<span class="input-qty-pretty-value">1</span>
                    <span class="input-qty-pretty-unit"></span>
                    </span>
                </div>

                <button type="button" class="btn cart-change-qty" data-change-type="plus" data-auid="increase-product-quantity" alt="Plus" aria-label="Plus">
                    <span class="icon-plus-sign"></span>
                </button>

                <p class="deal-limit-reached hidden">Deal Limit Reached</p>

                <div class="tooltip-qty-error tooltip-qty-limit hidden">
                    <p>
                        Limit to &nbsp; 999 &nbsp;each&nbsp; per customer.</p>
                </div>
                <div class="tooltip-qty-error tooltip-round-error hidden">
                    <p>
                        We do not have this in the weight you wanted. We've rounded your order to the nearest weight increment we stock.</p>
                </div>
            </div>
        </form>

        <!-- End Template: AddToCartSmall -->

    </div>
</div>
<div class="item">

    <div class="module-grocery-product quickview-simple  clicked" data-quickview-ajax-url="/p/20962493_EA/quickViewProduct" data-product-id="20962493_EA" data-product-price="$1.98">

        <span class="subtitle"></span>

        <div class="product-page-hotspot">
            <div class="product-cell quickview-button">
                <div class="product-image ">

                    <img src="https://assets.shop.loblaws.ca/products/20962493/b1/en/front/20962493_front_a01.png" onerror="this.src='https://assets.shop.loblaws.ca/products/NoImage/b1/en/front/NoImage_front_a01_@2.png';" alt="Crunchy Cheddar Snacks" />

                    <span class="sticker deal">
	  				        <span class="deal-badge">

	  				            <span class="module-deal-badge module-deal-badge-grid simple-save-unit "
	  						        data-deal-type="2 FOR $3.56"
	  						        data-ajax-promo-url="/simpleDeal/deals/product-tile?productCode=20962493_EA"
	  						        data-deal-id="20962493_EA">
	  						        <span class="deal-type">2 FOR $3.56</span>

                    <span class="deal-expiry">
		Exp. 12/31
	</span>

                    </span>
                    </span>
                    </span>

                    <div class="hover-text-container">
                        <button href="#" tabindex="0" class="hover-text " aria-label="Quick View for Crunchy Cheddar Snacks.">Quick View</button>
                    </div>
                </div>
            </div>

            <div class="product-in-cart">
                <div class="wrapper-product-in-cart">
                    <span>
	  			    In Cart
	  		    </span>
                </div>
            </div>

            <div class="product-info">
                <div class="product-name-wrapper">
                    <a href="/Food/Pantry/Chips-%26-Salty-Snacks/Potato-Chips/No-Name-Crunchy-Cheddar-Snacks/p/20962493_EA" class="product-name" aria-label="Product page for Crunchy Cheddar Snacks">
                        <span class="js-product-entry-brand">No Name&nbsp;</span>

                        <span class="js-product-entry-name">Crunchy Cheddar Snacks</span>

                        <span class="js-product-entry-size-detail">(200 g)</span>

                    </a>
                </div>

                <span class="ad-match-badge  hidden">Ad Match</span>

                <div class="price">
                    <div class="price-wrapper no-discount  ">
                        <span class="reg-price  " aria-label="Regular Price: $1.98">
					    <span class="reg-price-text">$1.98</span>

                        <sup class="reg-price-unit">ea</sup>
                        </span>
                        <span class="sale-price hidden" aria-label="Sale Price:">
					    <span class="sale-price-text"></span>
                        <sup class="sale-price-unit">ea</sup>
                        </span>

                        <span class="secondary-price hidden">

					    <span class="secondary-price-text" aria-label="Secondary Price:"></span>
                        </span>
                    </div>
                </div>

                <div class="qty">
                    <span class="reg-qty  ">

		  		<span class="sr-only">Sale Price Per Unit:</span> $0.99 / 100 g

                    </span>

                    <span class="sale-qty hidden">

		  		<span class="sr-only">Sale Price Per Unit:</span> $0.99 / 100 g

                    </span>

                    <span class="secondary-qty hidden">

	  	<span class="secondary-qty-text"></span>
                    </span>
                </div>
            </div>

        </div>
        <form class="form-product  quickview-btn-simple" data-product-id="20962493_EA" data-min-qty="1.0" data-max-qty="999.0" data-unit-type="ea" data-cart-qty="1" data-default-qty="1" novalidate="novalidate" promoCode="" promoNumber="" data-is-customized="false" data-cart-url="/cart/product/20962493_EA" data-csrf-token="5582ec01-90c0-448b-b4f7-e2cf68d9f8a0" data-is-weighted-product="false">

            <div class="module-add-to-cart " data-change-type="plus" data-auto-edit="true" data-auto-add="true" data-cart-ajax-url="/cart/updateCart">
                <div class="wrapper-add-to-cart-btn">
                    <div class="module-add-to-cart-button-small">
                        <button type="button" class="btn btn-secondary btn-add-to-cart " data-auid="add-to-cart-button" data-has-pts-badge="false" aria-label="Add Crunchy Cheddar Snacks to cart">
                            <span class="icon-cart"></span>
                            <span class="add-to-cart-text">
											Add</span>
                        </button>
                        <button type="button" class="btn btn-secondary btn-edit-cart hidden " aria-label="Edit Cart">
                            <span class="qty-in-cart"></span>
                            <span class="edit-cart-text">
											<spring code="product.edit.text" />"
										</span>
                        </button>
                        <div class="add-list-parent add-list-module  bottom-add-list-module ">
                            <button class="btn btn-inline-link btn-save-to-list  dark is-btn-animated" data-login-url="/account/login?productCode=20962493_EA" data-ajax-url="/restful/lists/all?productCode=20962493_EA" data-user-guest="Y" data-user-guest="Y" data-product-code="20962493_EA" data-delete-item="false" aria-label="Add Crunchy Cheddar Snacks to a List">
                                <span class="glyphicon glyphicon-th-list"></span>
                                <div class="list-cta-text  is-btn-animated">Add to List</div>
                            </button>

                            <!-- this is the list HTML   -->
                            <div class="save-to-list-popup  is-btn-animated animation-up dark" data-save-to-list-error="Can not get lists at this time. Please try again later." data-product-name="Crunchy Cheddar Snacks">
                                <div class="inner-container">
                                </div>

                            </div>
                        </div>

                    </div>
                </div>
            </div>

            <div class="module-plus-minus-buttons small hidden ">
                <button type="button" class="btn cart-change-qty" data-change-type="minus" data-auid="decrease-product-quantity" alt="Minus" aria-label="Minus">
                    <span class="icon-minimize"></span>
                </button>
                <div class="plus-minus-input-wrapper">
                    <input class="input-qty cart-change-qty" aria-label="Enter manual quantity" type="text" name="qty" title="Change quantity in cart" data-unit-type="ea" value="1ea" data-change-type="equals" maxlength="7">

                    <span class="input-qty-pretty">
							<span class="input-qty-pretty-value">1</span>
                    <span class="input-qty-pretty-unit"></span>
                    </span>
                </div>

                <button type="button" class="btn cart-change-qty" data-change-type="plus" data-auid="increase-product-quantity" alt="Plus" aria-label="Plus">
                    <span class="icon-plus-sign"></span>
                </button>

                <p class="deal-limit-reached hidden">Deal Limit Reached</p>

                <div class="tooltip-qty-error tooltip-qty-limit hidden">
                    <p>
                        Limit to &nbsp; 999 &nbsp;each&nbsp; per customer.</p>
                </div>
                <div class="tooltip-qty-error tooltip-round-error hidden">
                    <p>
                        We do not have this in the weight you wanted. We've rounded your order to the nearest weight increment we stock.</p>
                </div>
            </div>
        </form>

        <!-- End Template: AddToCartSmall -->

    </div>
</div>
<div class="item">

    <div class="module-grocery-product quickview-simple  clicked" data-quickview-ajax-url="/p/20128214_EA/quickViewProduct" data-product-id="20128214_EA" data-product-price="$2.78">

        <span class="subtitle"></span>

        <div class="product-page-hotspot">
            <div class="product-cell quickview-button">
                <div class="product-image ">

                    <img src="https://assets.shop.loblaws.ca/products/20128214/b1/en/front/20128214_front_a01.png" onerror="this.src='https://assets.shop.loblaws.ca/products/NoImage/b1/en/front/NoImage_front_a01_@2.png';" alt="Murukku" />

                    <div class="hover-text-container">
                        <button href="#" tabindex="0" class="hover-text " aria-label="Quick View for Murukku.">Quick View</button>
                    </div>
                </div>
            </div>

            <div class="product-in-cart">
                <div class="wrapper-product-in-cart">
                    <span>
	  			    In Cart
	  		    </span>
                </div>
            </div>

            <div class="product-info">
                <div class="product-name-wrapper">
                    <a href="/Food/Pantry/Condiments-%26-Toppings/Salsa-%26-Guacamole/Murukku/p/20128214_EA" class="product-name" aria-label="Product page for Murukku">
                        <span class="js-product-entry-brand">Haldiram&nbsp;</span>

                        <span class="js-product-entry-name">Murukku</span>

                        <span class="js-product-entry-size-detail">(200 g)</span>

                    </a>
                </div>

                <span class="ad-match-badge  hidden">Ad Match</span>

                <div class="price">
                    <div class="price-wrapper no-discount  ">
                        <span class="reg-price  " aria-label="Regular Price: $2.78">
					    <span class="reg-price-text">$2.78</span>

                        <sup class="reg-price-unit">ea</sup>
                        </span>
                        <span class="sale-price hidden" aria-label="Sale Price:">
					    <span class="sale-price-text"></span>
                        <sup class="sale-price-unit">ea</sup>
                        </span>

                        <span class="secondary-price hidden">

					    <span class="secondary-price-text" aria-label="Secondary Price:"></span>
                        </span>
                    </div>
                </div>

                <div class="qty">
                    <span class="reg-qty  ">

		  		<span class="sr-only">Sale Price Per Unit:</span> $1.39 / 100 g

                    </span>

                    <span class="sale-qty hidden">

		  		<span class="sr-only">Sale Price Per Unit:</span> $1.39 / 100 g

                    </span>

                    <span class="secondary-qty hidden">

	  	<span class="secondary-qty-text"></span>
                    </span>
                </div>
            </div>

        </div>
        <form class="form-product  quickview-btn-simple" data-product-id="20128214_EA" data-min-qty="1.0" data-max-qty="999.0" data-unit-type="ea" data-cart-qty="1" data-default-qty="1" novalidate="novalidate" promoCode="" promoNumber="" data-is-customized="false" data-cart-url="/cart/product/20128214_EA" data-csrf-token="5582ec01-90c0-448b-b4f7-e2cf68d9f8a0" data-is-weighted-product="false">

            <div class="module-add-to-cart " data-change-type="plus" data-auto-edit="true" data-auto-add="true" data-cart-ajax-url="/cart/updateCart">
                <div class="wrapper-add-to-cart-btn">
                    <div class="module-add-to-cart-button-small">
                        <button type="button" class="btn btn-secondary btn-add-to-cart " data-auid="add-to-cart-button" data-has-pts-badge="false" aria-label="Add Murukku to cart">
                            <span class="icon-cart"></span>
                            <span class="add-to-cart-text">
											Add</span>
                        </button>
                        <button type="button" class="btn btn-secondary btn-edit-cart hidden " aria-label="Edit Cart">
                            <span class="qty-in-cart"></span>
                            <span class="edit-cart-text">
											<spring code="product.edit.text" />"
										</span>
                        </button>
                        <div class="add-list-parent add-list-module  bottom-add-list-module ">
                            <button class="btn btn-inline-link btn-save-to-list  dark is-btn-animated" data-login-url="/account/login?productCode=20128214_EA" data-ajax-url="/restful/lists/all?productCode=20128214_EA" data-user-guest="Y" data-user-guest="Y" data-product-code="20128214_EA" data-delete-item="false" aria-label="Add Murukku to a List">
                                <span class="glyphicon glyphicon-th-list"></span>
                                <div class="list-cta-text  is-btn-animated">Add to List</div>
                            </button>

                            <!-- this is the list HTML   -->
                            <div class="save-to-list-popup  is-btn-animated animation-up dark" data-save-to-list-error="Can not get lists at this time. Please try again later." data-product-name="Murukku">
                                <div class="inner-container">
                                </div>

                            </div>
                        </div>

                    </div>
                </div>
            </div>

            <div class="module-plus-minus-buttons small hidden ">
                <button type="button" class="btn cart-change-qty" data-change-type="minus" data-auid="decrease-product-quantity" alt="Minus" aria-label="Minus">
                    <span class="icon-minimize"></span>
                </button>
                <div class="plus-minus-input-wrapper">
                    <input class="input-qty cart-change-qty" aria-label="Enter manual quantity" type="text" name="qty" title="Change quantity in cart" data-unit-type="ea" value="1ea" data-change-type="equals" maxlength="7">

                    <span class="input-qty-pretty">
							<span class="input-qty-pretty-value">1</span>
                    <span class="input-qty-pretty-unit"></span>
                    </span>
                </div>

                <button type="button" class="btn cart-change-qty" data-change-type="plus" data-auid="increase-product-quantity" alt="Plus" aria-label="Plus">
                    <span class="icon-plus-sign"></span>
                </button>

                <p class="deal-limit-reached hidden">Deal Limit Reached</p>

                <div class="tooltip-qty-error tooltip-qty-limit hidden">
                    <p>
                        Limit to &nbsp; 999 &nbsp;each&nbsp; per customer.</p>
                </div>
                <div class="tooltip-qty-error tooltip-round-error hidden">
                    <p>
                        We do not have this in the weight you wanted. We've rounded your order to the nearest weight increment we stock.</p>
                </div>
            </div>
        </form>

        <!-- End Template: AddToCartSmall -->

    </div>
</div>
<div class="item">

    <div class="module-grocery-product quickview-simple  clicked" data-quickview-ajax-url="/p/20945417_EA/quickViewProduct" data-product-id="20945417_EA" data-product-price="$3.97">

        <span class="subtitle"></span>

        <div class="product-page-hotspot">
            <div class="product-cell quickview-button">
                <div class="product-image ">

                    <img src="https://assets.shop.loblaws.ca/products/20945417/b1/en/front/20945417_front_a01.png" onerror="this.src='https://assets.shop.loblaws.ca/products/NoImage/b1/en/front/NoImage_front_a01_@2.png';" alt="Kettle Cooked Potato Chips, Sour Cream & Caramelized Onion" />

                    <div class="hover-text-container">
                        <button href="#" tabindex="0" class="hover-text " aria-label="Quick View for Kettle Cooked Potato Chips, Sour Cream & Caramelized Onion.">Quick View</button>
                    </div>
                </div>
            </div>

            <div class="product-in-cart">
                <div class="wrapper-product-in-cart">
                    <span>
	  			    In Cart
	  		    </span>
                </div>
            </div>

            <div class="product-info">
                <div class="product-name-wrapper">
                    <a href="/Food/Pantry/Chips-%26-Salty-Snacks/Potato-Chips/Miss-Vickies-Kettle-Cooked-Potato-Chips%2C-Sour-Cream-%26-Caramelized-Onion/p/20945417_EA" class="product-name" aria-label="Product page for Kettle Cooked Potato Chips, Sour Cream & Caramelized Onion">
                        <span class="js-product-entry-brand">Miss Vickies&nbsp;</span>

                        <span class="js-product-entry-name">Kettle Cooked Potato Chips, Sour Cream & Caramelized Onion</span>

                        <span class="js-product-entry-size-detail">(220 g)</span>

                    </a>
                </div>

                <span class="ad-match-badge  hidden">Ad Match</span>

                <div class="price">
                    <div class="price-wrapper no-discount  ">
                        <span class="reg-price  " aria-label="Regular Price: $3.97">
					    <span class="reg-price-text">$3.97</span>

                        <sup class="reg-price-unit">ea</sup>
                        </span>
                        <span class="sale-price hidden" aria-label="Sale Price:">
					    <span class="sale-price-text"></span>
                        <sup class="sale-price-unit">ea</sup>
                        </span>

                        <span class="secondary-price hidden">

					    <span class="secondary-price-text" aria-label="Secondary Price:"></span>
                        </span>
                    </div>
                </div>

                <div class="qty">
                    <span class="reg-qty  ">

		  		<span class="sr-only">Sale Price Per Unit:</span> $1.80 / 100 g

                    </span>

                    <span class="sale-qty hidden">

		  		<span class="sr-only">Sale Price Per Unit:</span> $1.80 / 100 g

                    </span>

                    <span class="secondary-qty hidden">

	  	<span class="secondary-qty-text"></span>
                    </span>
                </div>
            </div>

        </div>
        <form class="form-product  quickview-btn-simple" data-product-id="20945417_EA" data-min-qty="1.0" data-max-qty="999.0" data-unit-type="ea" data-cart-qty="1" data-default-qty="1" novalidate="novalidate" promoCode="" promoNumber="" data-is-customized="false" data-cart-url="/cart/product/20945417_EA" data-csrf-token="5582ec01-90c0-448b-b4f7-e2cf68d9f8a0" data-is-weighted-product="false">

            <div class="module-add-to-cart " data-change-type="plus" data-auto-edit="true" data-auto-add="true" data-cart-ajax-url="/cart/updateCart">
                <div class="wrapper-add-to-cart-btn">
                    <div class="module-add-to-cart-button-small">
                        <button type="button" class="btn btn-secondary btn-add-to-cart " data-auid="add-to-cart-button" data-has-pts-badge="false" aria-label="Add Kettle Cooked Potato Chips, Sour Cream & Caramelized Onion to cart">
                            <span class="icon-cart"></span>
                            <span class="add-to-cart-text">
											Add</span>
                        </button>
                        <button type="button" class="btn btn-secondary btn-edit-cart hidden " aria-label="Edit Cart">
                            <span class="qty-in-cart"></span>
                            <span class="edit-cart-text">
											<spring code="product.edit.text" />"
										</span>
                        </button>
                        <div class="add-list-parent add-list-module  bottom-add-list-module ">
                            <button class="btn btn-inline-link btn-save-to-list  dark is-btn-animated" data-login-url="/account/login?productCode=20945417_EA" data-ajax-url="/restful/lists/all?productCode=20945417_EA" data-user-guest="Y" data-user-guest="Y" data-product-code="20945417_EA" data-delete-item="false" aria-label="Add Kettle Cooked Potato Chips, Sour Cream & Caramelized Onion to a List">
                                <span class="glyphicon glyphicon-th-list"></span>
                                <div class="list-cta-text  is-btn-animated">Add to List</div>
                            </button>

                            <!-- this is the list HTML   -->
                            <div class="save-to-list-popup  is-btn-animated animation-up dark" data-save-to-list-error="Can not get lists at this time. Please try again later." data-product-name="Kettle Cooked Potato Chips, Sour Cream & Caramelized Onion">
                                <div class="inner-container">
                                </div>

                            </div>
                        </div>

                    </div>
                </div>
            </div>

            <div class="module-plus-minus-buttons small hidden ">
                <button type="button" class="btn cart-change-qty" data-change-type="minus" data-auid="decrease-product-quantity" alt="Minus" aria-label="Minus">
                    <span class="icon-minimize"></span>
                </button>
                <div class="plus-minus-input-wrapper">
                    <input class="input-qty cart-change-qty" aria-label="Enter manual quantity" type="text" name="qty" title="Change quantity in cart" data-unit-type="ea" value="1ea" data-change-type="equals" maxlength="7">

                    <span class="input-qty-pretty">
							<span class="input-qty-pretty-value">1</span>
                    <span class="input-qty-pretty-unit"></span>
                    </span>
                </div>

                <button type="button" class="btn cart-change-qty" data-change-type="plus" data-auid="increase-product-quantity" alt="Plus" aria-label="Plus">
                    <span class="icon-plus-sign"></span>
                </button>

                <p class="deal-limit-reached hidden">Deal Limit Reached</p>

                <div class="tooltip-qty-error tooltip-qty-limit hidden">
                    <p>
                        Limit to &nbsp; 999 &nbsp;each&nbsp; per customer.</p>
                </div>
                <div class="tooltip-qty-error tooltip-round-error hidden">
                    <p>
                        We do not have this in the weight you wanted. We've rounded your order to the nearest weight increment we stock.</p>
                </div>
            </div>
        </form>

        <!-- End Template: AddToCartSmall -->

    </div>
</div>
<div class="item">

    <div class="module-grocery-product quickview-simple  clicked" data-quickview-ajax-url="/p/21013346_EA/quickViewProduct" data-product-id="21013346_EA" data-product-price="$1.98">

        <span class="subtitle"></span>

        <div class="product-page-hotspot">
            <div class="product-cell quickview-button">
                <div class="product-image ">

                    <img src="https://assets.shop.loblaws.ca/products/21013346/b1/en/front/21013346_front_a01.png" onerror="this.src='https://assets.shop.loblaws.ca/products/NoImage/b1/en/front/NoImage_front_a01_@2.png';" alt="Tortilla Chips, Sweet Chili" />

                    <span class="sticker deal">
	  				        <span class="deal-badge">

	  				            <span class="module-deal-badge module-deal-badge-grid simple-save-unit "
	  						        data-deal-type="3 FOR $5.31"
	  						        data-ajax-promo-url="/simpleDeal/deals/product-tile?productCode=21013346_EA"
	  						        data-deal-id="21013346_EA">
	  						        <span class="deal-type">3 FOR $5.31</span>

                    <span class="deal-expiry">
		Exp. 12/31
	</span>

                    </span>
                    </span>
                    </span>

                    <div class="hover-text-container">
                        <button href="#" tabindex="0" class="hover-text " aria-label="Quick View for Tortilla Chips, Sweet Chili.">Quick View</button>
                    </div>
                </div>
            </div>

            <div class="product-in-cart">
                <div class="wrapper-product-in-cart">
                    <span>
	  			    In Cart
	  		    </span>
                </div>
            </div>

            <div class="product-info">
                <div class="product-name-wrapper">
                    <a href="/Food/Pantry/Chips-%26-Salty-Snacks/Potato-Chips/No-Name-Tortilla-Chips%2C-Sweet-Chili/p/21013346_EA" class="product-name" aria-label="Product page for Tortilla Chips, Sweet Chili">
                        <span class="js-product-entry-brand">No Name&nbsp;</span>

                        <span class="js-product-entry-name">Tortilla Chips, Sweet Chili</span>

                        <span class="js-product-entry-size-detail">(200 g)</span>

                    </a>
                </div>

                <span class="ad-match-badge  hidden">Ad Match</span>

                <div class="price">
                    <div class="price-wrapper no-discount  ">
                        <span class="reg-price  " aria-label="Regular Price: $1.98">
					    <span class="reg-price-text">$1.98</span>

                        <sup class="reg-price-unit">ea</sup>
                        </span>
                        <span class="sale-price hidden" aria-label="Sale Price:">
					    <span class="sale-price-text"></span>
                        <sup class="sale-price-unit">ea</sup>
                        </span>

                        <span class="secondary-price hidden">

					    <span class="secondary-price-text" aria-label="Secondary Price:"></span>
                        </span>
                    </div>
                </div>

                <div class="qty">
                    <span class="reg-qty  ">

		  		<span class="sr-only">Sale Price Per Unit:</span> $0.99 / 100 g

                    </span>

                    <span class="sale-qty hidden">

		  		<span class="sr-only">Sale Price Per Unit:</span> $0.99 / 100 g

                    </span>

                    <span class="secondary-qty hidden">

	  	<span class="secondary-qty-text"></span>
                    </span>
                </div>
            </div>

        </div>
        <form class="form-product  quickview-btn-simple" data-product-id="21013346_EA" data-min-qty="1.0" data-max-qty="999.0" data-unit-type="ea" data-cart-qty="1" data-default-qty="1" novalidate="novalidate" promoCode="" promoNumber="" data-is-customized="false" data-cart-url="/cart/product/21013346_EA" data-csrf-token="5582ec01-90c0-448b-b4f7-e2cf68d9f8a0" data-is-weighted-product="false">

            <div class="module-add-to-cart " data-change-type="plus" data-auto-edit="true" data-auto-add="true" data-cart-ajax-url="/cart/updateCart">
                <div class="wrapper-add-to-cart-btn">
                    <div class="module-add-to-cart-button-small">
                        <button type="button" class="btn btn-secondary btn-add-to-cart " data-auid="add-to-cart-button" data-has-pts-badge="false" aria-label="Add Tortilla Chips, Sweet Chili to cart">
                            <span class="icon-cart"></span>
                            <span class="add-to-cart-text">
											Add</span>
                        </button>
                        <button type="button" class="btn btn-secondary btn-edit-cart hidden " aria-label="Edit Cart">
                            <span class="qty-in-cart"></span>
                            <span class="edit-cart-text">
											<spring code="product.edit.text" />"
										</span>
                        </button>
                        <div class="add-list-parent add-list-module  bottom-add-list-module ">
                            <button class="btn btn-inline-link btn-save-to-list  dark is-btn-animated" data-login-url="/account/login?productCode=21013346_EA" data-ajax-url="/restful/lists/all?productCode=21013346_EA" data-user-guest="Y" data-user-guest="Y" data-product-code="21013346_EA" data-delete-item="false" aria-label="Add Tortilla Chips, Sweet Chili to a List">
                                <span class="glyphicon glyphicon-th-list"></span>
                                <div class="list-cta-text  is-btn-animated">Add to List</div>
                            </button>

                            <!-- this is the list HTML   -->
                            <div class="save-to-list-popup  is-btn-animated animation-up dark" data-save-to-list-error="Can not get lists at this time. Please try again later." data-product-name="Tortilla Chips, Sweet Chili">
                                <div class="inner-container">
                                </div>

                            </div>
                        </div>

                    </div>
                </div>
            </div>

            <div class="module-plus-minus-buttons small hidden ">
                <button type="button" class="btn cart-change-qty" data-change-type="minus" data-auid="decrease-product-quantity" alt="Minus" aria-label="Minus">
                    <span class="icon-minimize"></span>
                </button>
                <div class="plus-minus-input-wrapper">
                    <input class="input-qty cart-change-qty" aria-label="Enter manual quantity" type="text" name="qty" title="Change quantity in cart" data-unit-type="ea" value="1ea" data-change-type="equals" maxlength="7">

                    <span class="input-qty-pretty">
							<span class="input-qty-pretty-value">1</span>
                    <span class="input-qty-pretty-unit"></span>
                    </span>
                </div>

                <button type="button" class="btn cart-change-qty" data-change-type="plus" data-auid="increase-product-quantity" alt="Plus" aria-label="Plus">
                    <span class="icon-plus-sign"></span>
                </button>

                <p class="deal-limit-reached hidden">Deal Limit Reached</p>

                <div class="tooltip-qty-error tooltip-qty-limit hidden">
                    <p>
                        Limit to &nbsp; 999 &nbsp;each&nbsp; per customer.</p>
                </div>
                <div class="tooltip-qty-error tooltip-round-error hidden">
                    <p>
                        We do not have this in the weight you wanted. We've rounded your order to the nearest weight increment we stock.</p>
                </div>
            </div>
        </form>

        <!-- End Template: AddToCartSmall -->

    </div>
</div>
<div class="item">

    <div class="module-grocery-product quickview-simple  clicked" data-quickview-ajax-url="/p/20779362_EA/quickViewProduct" data-product-id="20779362_EA" data-product-price="$1.97">

        <span class="subtitle"></span>

        <div class="product-page-hotspot">
            <div class="product-cell quickview-button">
                <div class="product-image ">

                    <img src="https://assets.shop.loblaws.ca/products/20779362/b1/en/front/20779362_front_a01.png" onerror="this.src='https://assets.shop.loblaws.ca/products/NoImage/b1/en/front/NoImage_front_a01_@2.png';" alt="Nacho Cheese" />

                    <span class="sticker deal">
	  				        <span class="deal-badge">

	  				            <span class="module-deal-badge module-deal-badge-grid simple-save-unit "
	  						        data-deal-type="$1.97 LIMIT 2"
	  						        data-ajax-promo-url="/simpleDeal/deals/product-tile?productCode=20779362_EA"
	  						        data-deal-id="20779362_EA">
	  						        <span class="deal-type">$1.97 LIMIT 2</span>

                    <span class="deal-expiry">
		Exp. 12/20
	</span>

                    </span>
                    </span>
                    </span>

                    <div class="hover-text-container">
                        <button href="#" tabindex="0" class="hover-text " aria-label="Quick View for Nacho Cheese.">Quick View</button>
                    </div>
                </div>
            </div>

            <div class="product-in-cart">
                <div class="wrapper-product-in-cart">
                    <span>
	  			    In Cart
	  		    </span>
                </div>
            </div>

            <div class="product-info">
                <div class="product-name-wrapper">
                    <a href="/Food/Pantry/Chips-%26-Salty-Snacks/Potato-Chips/Bugles-BUGLES-Nacho-Cheese/p/20779362_EA" class="product-name" aria-label="Product page for Nacho Cheese">
                        <span class="js-product-entry-brand">Bugles&nbsp;</span>

                        <span class="js-product-entry-name">Nacho Cheese</span>

                        <span class="js-product-entry-size-detail">(213 g)</span>

                    </a>
                </div>

                <span class="ad-match-badge  hidden">Ad Match</span>

                <div class="price">
                    <div class="price-wrapper no-discount promo-alert ">
                        <span class="reg-price  price-alert" aria-label="Regular Price: $1.97">
					    <span class="reg-price-text">$1.97</span>

                        <sup class="reg-price-unit">ea</sup>
                        </span>
                        <span class="sale-price hidden" aria-label="Sale Price:">
					    <span class="sale-price-text"></span>
                        <sup class="sale-price-unit">ea</sup>
                        </span>

                        <span class="secondary-price hidden">

					    <span class="secondary-price-text" aria-label="Secondary Price:"></span>
                        </span>
                    </div>
                </div>

                <div class="qty">
                    <span class="reg-qty  price-alert">

		  		<span class="sr-only">Sale Price Per Unit:</span> $0.92 / 100 g

                    </span>

                    <span class="sale-qty hidden">

		  		<span class="sr-only">Sale Price Per Unit:</span> $0.92 / 100 g

                    </span>

                    <span class="secondary-qty hidden">

	  	<span class="secondary-qty-text"></span>
                    </span>
                </div>
            </div>

        </div>
        <form class="form-product  quickview-btn-simple" data-product-id="20779362_EA" data-min-qty="1.0" data-max-qty="999.0" data-unit-type="ea" data-cart-qty="1" data-default-qty="1" novalidate="novalidate" promoCode="" promoNumber="" data-is-customized="false" data-cart-url="/cart/product/20779362_EA" data-csrf-token="5582ec01-90c0-448b-b4f7-e2cf68d9f8a0" data-is-weighted-product="false">

            <div class="module-add-to-cart " data-change-type="plus" data-auto-edit="true" data-auto-add="true" data-cart-ajax-url="/cart/updateCart">
                <div class="wrapper-add-to-cart-btn">
                    <div class="module-add-to-cart-button-small">
                        <button type="button" class="btn btn-secondary btn-add-to-cart " data-auid="add-to-cart-button" data-has-pts-badge="false" aria-label="Add Nacho Cheese to cart">
                            <span class="icon-cart"></span>
                            <span class="add-to-cart-text">
											Add</span>
                        </button>
                        <button type="button" class="btn btn-secondary btn-edit-cart hidden " aria-label="Edit Cart">
                            <span class="qty-in-cart"></span>
                            <span class="edit-cart-text">
											<spring code="product.edit.text" />"
										</span>
                        </button>
                        <div class="add-list-parent add-list-module  bottom-add-list-module ">
                            <button class="btn btn-inline-link btn-save-to-list  dark is-btn-animated" data-login-url="/account/login?productCode=20779362_EA" data-ajax-url="/restful/lists/all?productCode=20779362_EA" data-user-guest="Y" data-user-guest="Y" data-product-code="20779362_EA" data-delete-item="false" aria-label="Add Nacho Cheese to a List">
                                <span class="glyphicon glyphicon-th-list"></span>
                                <div class="list-cta-text  is-btn-animated">Add to List</div>
                            </button>

                            <!-- this is the list HTML   -->
                            <div class="save-to-list-popup  is-btn-animated animation-up dark" data-save-to-list-error="Can not get lists at this time. Please try again later." data-product-name="Nacho Cheese">
                                <div class="inner-container">
                                </div>

                            </div>
                        </div>

                    </div>
                </div>
            </div>

            <div class="module-plus-minus-buttons small hidden ">
                <button type="button" class="btn cart-change-qty" data-change-type="minus" data-auid="decrease-product-quantity" alt="Minus" aria-label="Minus">
                    <span class="icon-minimize"></span>
                </button>
                <div class="plus-minus-input-wrapper">
                    <input class="input-qty cart-change-qty" aria-label="Enter manual quantity" type="text" name="qty" title="Change quantity in cart" data-unit-type="ea" value="1ea" data-change-type="equals" maxlength="7">

                    <span class="input-qty-pretty">
							<span class="input-qty-pretty-value">1</span>
                    <span class="input-qty-pretty-unit"></span>
                    </span>
                </div>

                <button type="button" class="btn cart-change-qty" data-change-type="plus" data-auid="increase-product-quantity" alt="Plus" aria-label="Plus">
                    <span class="icon-plus-sign"></span>
                </button>

                <p class="deal-limit-reached hidden">Deal Limit Reached</p>

                <div class="tooltip-qty-error tooltip-qty-limit hidden">
                    <p>
                        Limit to &nbsp; 999 &nbsp;each&nbsp; per customer.</p>
                </div>
                <div class="tooltip-qty-error tooltip-round-error hidden">
                    <p>
                        We do not have this in the weight you wanted. We've rounded your order to the nearest weight increment we stock.</p>
                </div>
            </div>
        </form>

        <!-- End Template: AddToCartSmall -->

    </div>
</div>
<div class="item">

    <div class="module-grocery-product quickview-simple  clicked" data-quickview-ajax-url="/p/21081769_EA/quickViewProduct" data-product-id="21081769_EA" data-product-price="$3.18">

        <span class="subtitle"></span>

        <div class="product-page-hotspot">
            <div class="product-cell quickview-button">
                <div class="product-image ">

                    <img src="https://assets.shop.loblaws.ca/products/21081769/b1/en/front/21081769_front_a01.png" onerror="this.src='https://assets.shop.loblaws.ca/products/NoImage/b1/en/front/NoImage_front_a01_@2.png';" alt="Ketchup Chips" />

                    <div class="hover-text-container">
                        <button href="#" tabindex="0" class="hover-text " aria-label="Quick View for Ketchup Chips.">Quick View</button>
                    </div>
                </div>
            </div>

            <div class="product-in-cart">
                <div class="wrapper-product-in-cart">
                    <span>
	  			    In Cart
	  		    </span>
                </div>
            </div>

            <div class="product-info">
                <div class="product-name-wrapper">
                    <a href="/Food/Pantry/Chips-%26-Salty-Snacks/Potato-Chips/Doritos-Ketchup-Chips/p/21081769_EA" class="product-name" aria-label="Product page for Ketchup Chips">
                        <span class="js-product-entry-brand">Doritos&nbsp;</span>

                        <span class="js-product-entry-name">Ketchup Chips</span>

                        <span class="js-product-entry-size-detail">(230 g)</span>

                    </a>
                </div>

                <span class="ad-match-badge  hidden">Ad Match</span>

                <div class="price">
                    <div class="price-wrapper no-discount  ">
                        <span class="reg-price  " aria-label="Regular Price: $3.18">
					    <span class="reg-price-text">$3.18</span>

                        <sup class="reg-price-unit">ea</sup>
                        </span>
                        <span class="sale-price hidden" aria-label="Sale Price:">
					    <span class="sale-price-text"></span>
                        <sup class="sale-price-unit">ea</sup>
                        </span>

                        <span class="secondary-price hidden">

					    <span class="secondary-price-text" aria-label="Secondary Price:"></span>
                        </span>
                    </div>
                </div>

                <div class="qty">
                    <span class="reg-qty  ">

		  		<span class="sr-only">Sale Price Per Unit:</span> $1.38 / 100 g

                    </span>

                    <span class="sale-qty hidden">

		  		<span class="sr-only">Sale Price Per Unit:</span> $1.38 / 100 g

                    </span>

                    <span class="secondary-qty hidden">

	  	<span class="secondary-qty-text"></span>
                    </span>
                </div>
            </div>

        </div>
        <form class="form-product  quickview-btn-simple" data-product-id="21081769_EA" data-min-qty="1.0" data-max-qty="999.0" data-unit-type="ea" data-cart-qty="1" data-default-qty="1" novalidate="novalidate" promoCode="" promoNumber="" data-is-customized="false" data-cart-url="/cart/product/21081769_EA" data-csrf-token="5582ec01-90c0-448b-b4f7-e2cf68d9f8a0" data-is-weighted-product="false">

            <div class="module-add-to-cart " data-change-type="plus" data-auto-edit="true" data-auto-add="true" data-cart-ajax-url="/cart/updateCart">
                <div class="wrapper-add-to-cart-btn">
                    <div class="module-add-to-cart-button-small">
                        <button type="button" class="btn btn-secondary btn-add-to-cart " data-auid="add-to-cart-button" data-has-pts-badge="false" aria-label="Add Ketchup Chips to cart">
                            <span class="icon-cart"></span>
                            <span class="add-to-cart-text">
											Add</span>
                        </button>
                        <button type="button" class="btn btn-secondary btn-edit-cart hidden " aria-label="Edit Cart">
                            <span class="qty-in-cart"></span>
                            <span class="edit-cart-text">
											<spring code="product.edit.text" />"
										</span>
                        </button>
                        <div class="add-list-parent add-list-module  bottom-add-list-module ">
                            <button class="btn btn-inline-link btn-save-to-list  dark is-btn-animated" data-login-url="/account/login?productCode=21081769_EA" data-ajax-url="/restful/lists/all?productCode=21081769_EA" data-user-guest="Y" data-user-guest="Y" data-product-code="21081769_EA" data-delete-item="false" aria-label="Add Ketchup Chips to a List">
                                <span class="glyphicon glyphicon-th-list"></span>
                                <div class="list-cta-text  is-btn-animated">Add to List</div>
                            </button>

                            <!-- this is the list HTML   -->
                            <div class="save-to-list-popup  is-btn-animated animation-up dark" data-save-to-list-error="Can not get lists at this time. Please try again later." data-product-name="Ketchup Chips">
                                <div class="inner-container">
                                </div>

                            </div>
                        </div>

                    </div>
                </div>
            </div>

            <div class="module-plus-minus-buttons small hidden ">
                <button type="button" class="btn cart-change-qty" data-change-type="minus" data-auid="decrease-product-quantity" alt="Minus" aria-label="Minus">
                    <span class="icon-minimize"></span>
                </button>
                <div class="plus-minus-input-wrapper">
                    <input class="input-qty cart-change-qty" aria-label="Enter manual quantity" type="text" name="qty" title="Change quantity in cart" data-unit-type="ea" value="1ea" data-change-type="equals" maxlength="7">

                    <span class="input-qty-pretty">
							<span class="input-qty-pretty-value">1</span>
                    <span class="input-qty-pretty-unit"></span>
                    </span>
                </div>

                <button type="button" class="btn cart-change-qty" data-change-type="plus" data-auid="increase-product-quantity" alt="Plus" aria-label="Plus">
                    <span class="icon-plus-sign"></span>
                </button>

                <p class="deal-limit-reached hidden">Deal Limit Reached</p>

                <div class="tooltip-qty-error tooltip-qty-limit hidden">
                    <p>
                        Limit to &nbsp; 999 &nbsp;each&nbsp; per customer.</p>
                </div>
                <div class="tooltip-qty-error tooltip-round-error hidden">
                    <p>
                        We do not have this in the weight you wanted. We've rounded your order to the nearest weight increment we stock.</p>
                </div>
            </div>
        </form>

        <!-- End Template: AddToCartSmall -->

    </div>
</div>
<div class="item">

    <div class="module-grocery-product quickview-simple  clicked" data-quickview-ajax-url="/p/20964362_EA/quickViewProduct" data-product-id="20964362_EA" data-product-price="$2.47">

        <span class="subtitle"></span>

        <div class="product-page-hotspot">
            <div class="product-cell quickview-button">
                <div class="product-image ">

                    <img src="https://assets.shop.loblaws.ca/products/20964362/b1/en/front/20964362_front_a01.png" onerror="this.src='https://assets.shop.loblaws.ca/products/NoImage/b1/en/front/NoImage_front_a01_@2.png';" alt="Potato Chips, PEI Scalloped Potatoes" />

                    <span class="sticker deal">
	  				    <span class="deal-badge">
	  					    <span class="module-deal-badge module-deal-badge-feature flyer expires undefined">
	  						    <span class="deal-type">
								    Flyer<br />
	  							    Item
	  						    </span>

                    <span class="deal-expiry">
		Exp. 12/19
	</span>

                    </span>
                    </span>
                    </span>

                    <div class="hover-text-container">
                        <button href="#" tabindex="0" class="hover-text " aria-label="Quick View for Potato Chips, PEI Scalloped Potatoes.">Quick View</button>
                    </div>
                </div>
            </div>

            <div class="product-in-cart">
                <div class="wrapper-product-in-cart">
                    <span>
	  			    In Cart
	  		    </span>
                </div>
            </div>

            <div class="product-info">
                <div class="product-name-wrapper">
                    <a href="/Food/Pantry/Chips-%26-Salty-Snacks/Potato-Chips/Lay%27s-Potato-Chips%2C-PEI-Scalloped-Potatoes/p/20964362_EA" class="product-name" aria-label="Product page for Potato Chips, PEI Scalloped Potatoes">
                        <span class="js-product-entry-brand">Lay's&nbsp;</span>

                        <span class="js-product-entry-name">Potato Chips, PEI Scalloped Potatoes</span>

                        <span class="js-product-entry-size-detail">(255 g)</span>

                    </a>
                </div>

                <span class="ad-match-badge  hidden">Ad Match</span>

                <div class="price">
                    <div class="price-wrapper no-discount  ">
                        <span class="reg-price  " aria-label="Regular Price: $2.47">
					    <span class="reg-price-text">$2.47</span>

                        <sup class="reg-price-unit">ea</sup>
                        </span>
                        <span class="sale-price hidden" aria-label="Sale Price:">
					    <span class="sale-price-text"></span>
                        <sup class="sale-price-unit">ea</sup>
                        </span>

                        <span class="secondary-price hidden">

					    <span class="secondary-price-text" aria-label="Secondary Price:"></span>
                        </span>
                    </div>
                </div>

                <div class="qty">
                    <span class="reg-qty  ">

		  		<span class="sr-only">Sale Price Per Unit:</span> $0.97 / 100 g

                    </span>

                    <span class="sale-qty hidden">

		  		<span class="sr-only">Sale Price Per Unit:</span> $0.97 / 100 g

                    </span>

                    <span class="secondary-qty hidden">

	  	<span class="secondary-qty-text"></span>
                    </span>
                </div>
            </div>

        </div>
        <form class="form-product  quickview-btn-simple" data-product-id="20964362_EA" data-min-qty="1.0" data-max-qty="999.0" data-unit-type="ea" data-cart-qty="1" data-default-qty="1" novalidate="novalidate" promoCode="" promoNumber="" data-is-customized="false" data-cart-url="/cart/product/20964362_EA" data-csrf-token="5582ec01-90c0-448b-b4f7-e2cf68d9f8a0" data-is-weighted-product="false">

            <div class="module-add-to-cart " data-change-type="plus" data-auto-edit="true" data-auto-add="true" data-cart-ajax-url="/cart/updateCart">
                <div class="wrapper-add-to-cart-btn">
                    <div class="module-add-to-cart-button-small">
                        <button type="button" class="btn btn-secondary btn-add-to-cart " data-auid="add-to-cart-button" data-has-pts-badge="false" aria-label="Add Potato Chips, PEI Scalloped Potatoes to cart">
                            <span class="icon-cart"></span>
                            <span class="add-to-cart-text">
											Add</span>
                        </button>
                        <button type="button" class="btn btn-secondary btn-edit-cart hidden " aria-label="Edit Cart">
                            <span class="qty-in-cart"></span>
                            <span class="edit-cart-text">
											<spring code="product.edit.text" />"
										</span>
                        </button>
                        <div class="add-list-parent add-list-module  bottom-add-list-module ">
                            <button class="btn btn-inline-link btn-save-to-list  dark is-btn-animated" data-login-url="/account/login?productCode=20964362_EA" data-ajax-url="/restful/lists/all?productCode=20964362_EA" data-user-guest="Y" data-user-guest="Y" data-product-code="20964362_EA" data-delete-item="false" aria-label="Add Potato Chips, PEI Scalloped Potatoes to a List">
                                <span class="glyphicon glyphicon-th-list"></span>
                                <div class="list-cta-text  is-btn-animated">Add to List</div>
                            </button>

                            <!-- this is the list HTML   -->
                            <div class="save-to-list-popup  is-btn-animated animation-up dark" data-save-to-list-error="Can not get lists at this time. Please try again later." data-product-name="Potato Chips, PEI Scalloped Potatoes">
                                <div class="inner-container">
                                </div>

                            </div>
                        </div>

                    </div>
                </div>
            </div>

            <div class="module-plus-minus-buttons small hidden ">
                <button type="button" class="btn cart-change-qty" data-change-type="minus" data-auid="decrease-product-quantity" alt="Minus" aria-label="Minus">
                    <span class="icon-minimize"></span>
                </button>
                <div class="plus-minus-input-wrapper">
                    <input class="input-qty cart-change-qty" aria-label="Enter manual quantity" type="text" name="qty" title="Change quantity in cart" data-unit-type="ea" value="1ea" data-change-type="equals" maxlength="7">

                    <span class="input-qty-pretty">
							<span class="input-qty-pretty-value">1</span>
                    <span class="input-qty-pretty-unit"></span>
                    </span>
                </div>

                <button type="button" class="btn cart-change-qty" data-change-type="plus" data-auid="increase-product-quantity" alt="Plus" aria-label="Plus">
                    <span class="icon-plus-sign"></span>
                </button>

                <p class="deal-limit-reached hidden">Deal Limit Reached</p>

                <div class="tooltip-qty-error tooltip-qty-limit hidden">
                    <p>
                        Limit to &nbsp; 999 &nbsp;each&nbsp; per customer.</p>
                </div>
                <div class="tooltip-qty-error tooltip-round-error hidden">
                    <p>
                        We do not have this in the weight you wanted. We've rounded your order to the nearest weight increment we stock.</p>
                </div>
            </div>
        </form>

        <!-- End Template: AddToCartSmall -->

    </div>
</div>
<div class="item">

    <div class="module-grocery-product quickview-simple  clicked" data-quickview-ajax-url="/p/20857803004_EA/quickViewProduct" data-product-id="20857803004_EA" data-product-price="$3.28">

        <span class="subtitle"></span>

        <div class="product-page-hotspot">
            <div class="product-cell quickview-button">
                <div class="product-image ">

                    <img src="https://assets.shop.loblaws.ca/products/20857803004/b1/en/front/20857803004_front_a01.png" onerror="this.src='https://assets.shop.loblaws.ca/products/NoImage/b1/en/front/NoImage_front_a01_@2.png';" alt="Original Party Mix" />

                    <div class="hover-text-container">
                        <button href="#" tabindex="0" class="hover-text " aria-label="Quick View for Original Party Mix.">Quick View</button>
                    </div>
                </div>
            </div>

            <div class="product-in-cart">
                <div class="wrapper-product-in-cart">
                    <span>
	  			    In Cart
	  		    </span>
                </div>
            </div>

            <div class="product-info">
                <div class="product-name-wrapper">
                    <a href="/Food/Pantry/Chips-%26-Salty-Snacks/Potato-Chips/Humpty-Dumpty-Original-Party-Mix/p/20857803004_EA" class="product-name" aria-label="Product page for Original Party Mix">
                        <span class="js-product-entry-brand">Humpty Dumpty&nbsp;</span>

                        <span class="js-product-entry-name">Original Party Mix</span>

                        <span class="js-product-entry-size-detail">(280 g)</span>

                    </a>
                </div>

                <span class="ad-match-badge  hidden">Ad Match</span>

                <div class="price">
                    <div class="price-wrapper no-discount  ">
                        <span class="reg-price  " aria-label="Regular Price: $3.28">
					    <span class="reg-price-text">$3.28</span>

                        <sup class="reg-price-unit">ea</sup>
                        </span>
                        <span class="sale-price hidden" aria-label="Sale Price:">
					    <span class="sale-price-text"></span>
                        <sup class="sale-price-unit">ea</sup>
                        </span>

                        <span class="secondary-price hidden">

					    <span class="secondary-price-text" aria-label="Secondary Price:"></span>
                        </span>
                    </div>
                </div>

                <div class="qty">
                    <span class="reg-qty  ">

		  		<span class="sr-only">Sale Price Per Unit:</span> $1.17 / 100 g

                    </span>

                    <span class="sale-qty hidden">

		  		<span class="sr-only">Sale Price Per Unit:</span> $1.17 / 100 g

                    </span>

                    <span class="secondary-qty hidden">

	  	<span class="secondary-qty-text"></span>
                    </span>
                </div>
            </div>

        </div>
        <form class="form-product  quickview-btn-simple" data-product-id="20857803004_EA" data-min-qty="1.0" data-max-qty="999.0" data-unit-type="ea" data-cart-qty="1" data-default-qty="1" novalidate="novalidate" promoCode="" promoNumber="" data-is-customized="false" data-cart-url="/cart/product/20857803004_EA" data-csrf-token="5582ec01-90c0-448b-b4f7-e2cf68d9f8a0" data-is-weighted-product="false">

            <div class="module-add-to-cart " data-change-type="plus" data-auto-edit="true" data-auto-add="true" data-cart-ajax-url="/cart/updateCart">
                <div class="wrapper-add-to-cart-btn">
                    <div class="module-add-to-cart-button-small">
                        <button type="button" class="btn btn-secondary btn-add-to-cart " data-auid="add-to-cart-button" data-has-pts-badge="false" aria-label="Add Original Party Mix to cart">
                            <span class="icon-cart"></span>
                            <span class="add-to-cart-text">
											Add</span>
                        </button>
                        <button type="button" class="btn btn-secondary btn-edit-cart hidden " aria-label="Edit Cart">
                            <span class="qty-in-cart"></span>
                            <span class="edit-cart-text">
											<spring code="product.edit.text" />"
										</span>
                        </button>
                        <div class="add-list-parent add-list-module  bottom-add-list-module ">
                            <button class="btn btn-inline-link btn-save-to-list  dark is-btn-animated" data-login-url="/account/login?productCode=20857803004_EA" data-ajax-url="/restful/lists/all?productCode=20857803004_EA" data-user-guest="Y" data-user-guest="Y" data-product-code="20857803004_EA" data-delete-item="false" aria-label="Add Original Party Mix to a List">
                                <span class="glyphicon glyphicon-th-list"></span>
                                <div class="list-cta-text  is-btn-animated">Add to List</div>
                            </button>

                            <!-- this is the list HTML   -->
                            <div class="save-to-list-popup  is-btn-animated animation-up dark" data-save-to-list-error="Can not get lists at this time. Please try again later." data-product-name="Original Party Mix">
                                <div class="inner-container">
                                </div>

                            </div>
                        </div>

                    </div>
                </div>
            </div>

            <div class="module-plus-minus-buttons small hidden ">
                <button type="button" class="btn cart-change-qty" data-change-type="minus" data-auid="decrease-product-quantity" alt="Minus" aria-label="Minus">
                    <span class="icon-minimize"></span>
                </button>
                <div class="plus-minus-input-wrapper">
                    <input class="input-qty cart-change-qty" aria-label="Enter manual quantity" type="text" name="qty" title="Change quantity in cart" data-unit-type="ea" value="1ea" data-change-type="equals" maxlength="7">

                    <span class="input-qty-pretty">
							<span class="input-qty-pretty-value">1</span>
                    <span class="input-qty-pretty-unit"></span>
                    </span>
                </div>

                <button type="button" class="btn cart-change-qty" data-change-type="plus" data-auid="increase-product-quantity" alt="Plus" aria-label="Plus">
                    <span class="icon-plus-sign"></span>
                </button>

                <p class="deal-limit-reached hidden">Deal Limit Reached</p>

                <div class="tooltip-qty-error tooltip-qty-limit hidden">
                    <p>
                        Limit to &nbsp; 999 &nbsp;each&nbsp; per customer.</p>
                </div>
                <div class="tooltip-qty-error tooltip-round-error hidden">
                    <p>
                        We do not have this in the weight you wanted. We've rounded your order to the nearest weight increment we stock.</p>
                </div>
            </div>
        </form>

        <!-- End Template: AddToCartSmall -->

    </div>
</div>
<div class="item">

    <div class="module-grocery-product quickview-simple  clicked" data-quickview-ajax-url="/p/20868465003_EA/quickViewProduct" data-product-id="20868465003_EA" data-product-price="$3.48">

        <span class="subtitle"></span>

        <div class="product-page-hotspot">
            <div class="product-cell quickview-button">
                <div class="product-image ">

                    <img src="https://assets.shop.loblaws.ca/products/20868465003/b1/en/front/20868465003_front_a01.png" onerror="this.src='https://assets.shop.loblaws.ca/products/NoImage/b1/en/front/NoImage_front_a01_@2.png';" alt="Potato Chips, Ketchup" />

                    <span class="sticker deal">
	  				        <span class="deal-badge">

	  				            <span class="module-deal-badge module-deal-badge-grid simple-save-unit "
	  						        data-deal-type="2 FOR $5.00"
	  						        data-ajax-promo-url="/simpleDeal/deals/product-tile?productCode=20868465003_EA"
	  						        data-deal-id="20868465003_EA">
	  						        <span class="deal-type">2 FOR $5.00</span>

                    <span class="deal-expiry">
		Exp. 12/19
	</span>

                    </span>
                    </span>
                    </span>

                    <div class="hover-text-container">
                        <button href="#" tabindex="0" class="hover-text " aria-label="Quick View for Potato Chips, Ketchup.">Quick View</button>
                    </div>
                </div>
            </div>

            <div class="product-in-cart">
                <div class="wrapper-product-in-cart">
                    <span>
	  			    In Cart
	  		    </span>
                </div>
            </div>

            <div class="product-info">
                <div class="product-name-wrapper">
                    <a href="/Food/Pantry/Chips-%26-Salty-Snacks/Potato-Chips/Old-Dutch-RIP-L-Potato-Chips%2C-Ketchup/p/20868465003_EA" class="product-name" aria-label="Product page for Potato Chips, Ketchup">
                        <span class="js-product-entry-brand">Old Dutch&nbsp;</span>

                        <span class="js-product-entry-name">Potato Chips, Ketchup</span>

                        <span class="js-product-entry-size-detail">(255 g)</span>

                    </a>
                </div>

                <span class="ad-match-badge  hidden">Ad Match</span>

                <div class="price">
                    <div class="price-wrapper no-discount  ">
                        <span class="reg-price  " aria-label="Regular Price: $3.48">
					    <span class="reg-price-text">$3.48</span>

                        <sup class="reg-price-unit">ea</sup>
                        </span>
                        <span class="sale-price hidden" aria-label="Sale Price:">
					    <span class="sale-price-text"></span>
                        <sup class="sale-price-unit">ea</sup>
                        </span>

                        <span class="secondary-price hidden">

					    <span class="secondary-price-text" aria-label="Secondary Price:"></span>
                        </span>
                    </div>
                </div>

                <div class="qty">
                    <span class="reg-qty  ">

		  		<span class="sr-only">Sale Price Per Unit:</span> $1.36 / 100 g

                    </span>

                    <span class="sale-qty hidden">

		  		<span class="sr-only">Sale Price Per Unit:</span> $1.36 / 100 g

                    </span>

                    <span class="secondary-qty hidden">

	  	<span class="secondary-qty-text"></span>
                    </span>
                </div>
            </div>

        </div>
        <form class="form-product  quickview-btn-simple" data-product-id="20868465003_EA" data-min-qty="1.0" data-max-qty="999.0" data-unit-type="ea" data-cart-qty="1" data-default-qty="1" novalidate="novalidate" promoCode="" promoNumber="" data-is-customized="false" data-cart-url="/cart/product/20868465003_EA" data-csrf-token="5582ec01-90c0-448b-b4f7-e2cf68d9f8a0" data-is-weighted-product="false">

            <div class="module-add-to-cart " data-change-type="plus" data-auto-edit="true" data-auto-add="true" data-cart-ajax-url="/cart/updateCart">
                <div class="wrapper-add-to-cart-btn">
                    <div class="module-add-to-cart-button-small">
                        <button type="button" class="btn btn-secondary btn-add-to-cart " data-auid="add-to-cart-button" data-has-pts-badge="false" aria-label="Add Potato Chips, Ketchup to cart">
                            <span class="icon-cart"></span>
                            <span class="add-to-cart-text">
											Add</span>
                        </button>
                        <button type="button" class="btn btn-secondary btn-edit-cart hidden " aria-label="Edit Cart">
                            <span class="qty-in-cart"></span>
                            <span class="edit-cart-text">
											<spring code="product.edit.text" />"
										</span>
                        </button>
                        <div class="add-list-parent add-list-module  bottom-add-list-module ">
                            <button class="btn btn-inline-link btn-save-to-list  dark is-btn-animated" data-login-url="/account/login?productCode=20868465003_EA" data-ajax-url="/restful/lists/all?productCode=20868465003_EA" data-user-guest="Y" data-user-guest="Y" data-product-code="20868465003_EA" data-delete-item="false" aria-label="Add Potato Chips, Ketchup to a List">
                                <span class="glyphicon glyphicon-th-list"></span>
                                <div class="list-cta-text  is-btn-animated">Add to List</div>
                            </button>

                            <!-- this is the list HTML   -->
                            <div class="save-to-list-popup  is-btn-animated animation-up dark" data-save-to-list-error="Can not get lists at this time. Please try again later." data-product-name="Potato Chips, Ketchup">
                                <div class="inner-container">
                                </div>

                            </div>
                        </div>

                    </div>
                </div>
            </div>

            <div class="module-plus-minus-buttons small hidden ">
                <button type="button" class="btn cart-change-qty" data-change-type="minus" data-auid="decrease-product-quantity" alt="Minus" aria-label="Minus">
                    <span class="icon-minimize"></span>
                </button>
                <div class="plus-minus-input-wrapper">
                    <input class="input-qty cart-change-qty" aria-label="Enter manual quantity" type="text" name="qty" title="Change quantity in cart" data-unit-type="ea" value="1ea" data-change-type="equals" maxlength="7">

                    <span class="input-qty-pretty">
							<span class="input-qty-pretty-value">1</span>
                    <span class="input-qty-pretty-unit"></span>
                    </span>
                </div>

                <button type="button" class="btn cart-change-qty" data-change-type="plus" data-auid="increase-product-quantity" alt="Plus" aria-label="Plus">
                    <span class="icon-plus-sign"></span>
                </button>

                <p class="deal-limit-reached hidden">Deal Limit Reached</p>

                <div class="tooltip-qty-error tooltip-qty-limit hidden">
                    <p>
                        Limit to &nbsp; 999 &nbsp;each&nbsp; per customer.</p>
                </div>
                <div class="tooltip-qty-error tooltip-round-error hidden">
                    <p>
                        We do not have this in the weight you wanted. We've rounded your order to the nearest weight increment we stock.</p>
                </div>
            </div>
        </form>

        <!-- End Template: AddToCartSmall -->

    </div>
</div>
<div class="item">

    <div class="module-grocery-product quickview-simple  clicked" data-quickview-ajax-url="/p/20701681003_EA/quickViewProduct" data-product-id="20701681003_EA" data-product-price="$2.27">

        <span class="subtitle"></span>

        <div class="product-page-hotspot">
            <div class="product-cell quickview-button">
                <div class="product-image ">

                    <img src="https://assets.shop.loblaws.ca/products/20701681003/b1/en/front/20701681003_front_a01.png" onerror="this.src='https://assets.shop.loblaws.ca/products/NoImage/b1/en/front/NoImage_front_a01_@2.png';" alt="Bits & Bites, Original" />

                    <div class="hover-text-container">
                        <button href="#" tabindex="0" class="hover-text " aria-label="Quick View for Bits & Bites, Original.">Quick View</button>
                    </div>
                </div>
            </div>

            <div class="product-in-cart">
                <div class="wrapper-product-in-cart">
                    <span>
	  			    In Cart
	  		    </span>
                </div>
            </div>

            <div class="product-info">
                <div class="product-name-wrapper">
                    <a href="/Food/Pantry/Chips-%26-Salty-Snacks/Pretzels-%26-Snack-Mixes/Bits-%26-Bites%2C-Original/p/20701681003_EA" class="product-name" aria-label="Product page for Bits & Bites, Original">
                        <span class="js-product-entry-brand">Christie&nbsp;</span>

                        <span class="js-product-entry-name">Bits & Bites, Original</span>

                        <span class="js-product-entry-size-detail">(175 g)</span>

                    </a>
                </div>

                <span class="ad-match-badge  hidden">Ad Match</span>

                <div class="price">
                    <div class="price-wrapper no-discount  ">
                        <span class="reg-price  " aria-label="Regular Price: $2.27">
					    <span class="reg-price-text">$2.27</span>

                        <sup class="reg-price-unit">ea</sup>
                        </span>
                        <span class="sale-price hidden" aria-label="Sale Price:">
					    <span class="sale-price-text"></span>
                        <sup class="sale-price-unit">ea</sup>
                        </span>

                        <span class="secondary-price hidden">

					    <span class="secondary-price-text" aria-label="Secondary Price:"></span>
                        </span>
                    </div>
                </div>

                <div class="qty">
                    <span class="reg-qty  ">

		  		<span class="sr-only">Sale Price Per Unit:</span> $1.30 / 100 g

                    </span>

                    <span class="sale-qty hidden">

		  		<span class="sr-only">Sale Price Per Unit:</span> $1.30 / 100 g

                    </span>

                    <span class="secondary-qty hidden">

	  	<span class="secondary-qty-text"></span>
                    </span>
                </div>
            </div>

        </div>
        <form class="form-product  quickview-btn-simple" data-product-id="20701681003_EA" data-min-qty="1.0" data-max-qty="999.0" data-unit-type="ea" data-cart-qty="1" data-default-qty="1" novalidate="novalidate" promoCode="" promoNumber="" data-is-customized="false" data-cart-url="/cart/product/20701681003_EA" data-csrf-token="5582ec01-90c0-448b-b4f7-e2cf68d9f8a0" data-is-weighted-product="false">

            <div class="module-add-to-cart " data-change-type="plus" data-auto-edit="true" data-auto-add="true" data-cart-ajax-url="/cart/updateCart">
                <div class="wrapper-add-to-cart-btn">
                    <div class="module-add-to-cart-button-small">
                        <button type="button" class="btn btn-secondary btn-add-to-cart " data-auid="add-to-cart-button" data-has-pts-badge="false" aria-label="Add Bits & Bites, Original to cart">
                            <span class="icon-cart"></span>
                            <span class="add-to-cart-text">
											Add</span>
                        </button>
                        <button type="button" class="btn btn-secondary btn-edit-cart hidden " aria-label="Edit Cart">
                            <span class="qty-in-cart"></span>
                            <span class="edit-cart-text">
											<spring code="product.edit.text" />"
										</span>
                        </button>
                        <div class="add-list-parent add-list-module  bottom-add-list-module ">
                            <button class="btn btn-inline-link btn-save-to-list  dark is-btn-animated" data-login-url="/account/login?productCode=20701681003_EA" data-ajax-url="/restful/lists/all?productCode=20701681003_EA" data-user-guest="Y" data-user-guest="Y" data-product-code="20701681003_EA" data-delete-item="false" aria-label="Add Bits & Bites, Original to a List">
                                <span class="glyphicon glyphicon-th-list"></span>
                                <div class="list-cta-text  is-btn-animated">Add to List</div>
                            </button>

                            <!-- this is the list HTML   -->
                            <div class="save-to-list-popup  is-btn-animated animation-up dark" data-save-to-list-error="Can not get lists at this time. Please try again later." data-product-name="Bits & Bites, Original">
                                <div class="inner-container">
                                </div>

                            </div>
                        </div>

                    </div>
                </div>
            </div>

            <div class="module-plus-minus-buttons small hidden ">
                <button type="button" class="btn cart-change-qty" data-change-type="minus" data-auid="decrease-product-quantity" alt="Minus" aria-label="Minus">
                    <span class="icon-minimize"></span>
                </button>
                <div class="plus-minus-input-wrapper">
                    <input class="input-qty cart-change-qty" aria-label="Enter manual quantity" type="text" name="qty" title="Change quantity in cart" data-unit-type="ea" value="1ea" data-change-type="equals" maxlength="7">

                    <span class="input-qty-pretty">
							<span class="input-qty-pretty-value">1</span>
                    <span class="input-qty-pretty-unit"></span>
                    </span>
                </div>

                <button type="button" class="btn cart-change-qty" data-change-type="plus" data-auid="increase-product-quantity" alt="Plus" aria-label="Plus">
                    <span class="icon-plus-sign"></span>
                </button>

                <p class="deal-limit-reached hidden">Deal Limit Reached</p>

                <div class="tooltip-qty-error tooltip-qty-limit hidden">
                    <p>
                        Limit to &nbsp; 999 &nbsp;each&nbsp; per customer.</p>
                </div>
                <div class="tooltip-qty-error tooltip-round-error hidden">
                    <p>
                        We do not have this in the weight you wanted. We've rounded your order to the nearest weight increment we stock.</p>
                </div>
            </div>
        </form>

        <!-- End Template: AddToCartSmall -->

    </div>
</div>
<div class="item">

    <div class="module-grocery-product quickview-simple  clicked" data-quickview-ajax-url="/p/20340477_EA/quickViewProduct" data-product-id="20340477_EA" data-product-price="$1.18">

        <span class="subtitle"></span>

        <div class="product-page-hotspot">
            <div class="product-cell quickview-button">
                <div class="product-image ">

                    <img src="https://assets.shop.loblaws.ca/products/20340477/b1/en/front/20340477_front_a01.png" onerror="this.src='https://assets.shop.loblaws.ca/products/NoImage/b1/en/front/NoImage_front_a01_@2.png';" alt="Potato Chips, Salt & Vinegar" />

                    <div class="hover-text-container">
                        <button href="#" tabindex="0" class="hover-text " aria-label="Quick View for Potato Chips, Salt & Vinegar.">Quick View</button>
                    </div>
                </div>
            </div>

            <div class="product-in-cart">
                <div class="wrapper-product-in-cart">
                    <span>
	  			    In Cart
	  		    </span>
                </div>
            </div>

            <div class="product-info">
                <div class="product-name-wrapper">
                    <a href="/Food/Pantry/Chips-%26-Salty-Snacks/Potato-Chips/Potato-Chips%2C-Salt-%26-Vinegar/p/20340477_EA" class="product-name" aria-label="Product page for Potato Chips, Salt & Vinegar">
                        <span class="js-product-entry-brand">No Name&nbsp;</span>

                        <span class="js-product-entry-name">Potato Chips, Salt & Vinegar</span>

                        <span class="js-product-entry-size-detail">(200 g)</span>

                    </a>
                </div>

                <span class="ad-match-badge  hidden">Ad Match</span>

                <div class="price">
                    <div class="price-wrapper no-discount  ">
                        <span class="reg-price  " aria-label="Regular Price: $1.18">
					    <span class="reg-price-text">$1.18</span>

                        <sup class="reg-price-unit">ea</sup>
                        </span>
                        <span class="sale-price hidden" aria-label="Sale Price:">
					    <span class="sale-price-text"></span>
                        <sup class="sale-price-unit">ea</sup>
                        </span>

                        <span class="secondary-price hidden">

					    <span class="secondary-price-text" aria-label="Secondary Price:"></span>
                        </span>
                    </div>
                </div>

                <div class="qty">
                    <span class="reg-qty  ">

		  		<span class="sr-only">Sale Price Per Unit:</span> $0.59 / 100 g

                    </span>

                    <span class="sale-qty hidden">

		  		<span class="sr-only">Sale Price Per Unit:</span> $0.59 / 100 g

                    </span>

                    <span class="secondary-qty hidden">

	  	<span class="secondary-qty-text"></span>
                    </span>
                </div>
            </div>

        </div>
        <form class="form-product  quickview-btn-simple" data-product-id="20340477_EA" data-min-qty="1.0" data-max-qty="999.0" data-unit-type="ea" data-cart-qty="1" data-default-qty="1" novalidate="novalidate" promoCode="" promoNumber="" data-is-customized="false" data-cart-url="/cart/product/20340477_EA" data-csrf-token="5582ec01-90c0-448b-b4f7-e2cf68d9f8a0" data-is-weighted-product="false">

            <div class="module-add-to-cart " data-change-type="plus" data-auto-edit="true" data-auto-add="true" data-cart-ajax-url="/cart/updateCart">
                <div class="wrapper-add-to-cart-btn">
                    <div class="module-add-to-cart-button-small">
                        <button type="button" class="btn btn-secondary btn-add-to-cart " data-auid="add-to-cart-button" data-has-pts-badge="false" aria-label="Add Potato Chips, Salt & Vinegar to cart">
                            <span class="icon-cart"></span>
                            <span class="add-to-cart-text">
											Add</span>
                        </button>
                        <button type="button" class="btn btn-secondary btn-edit-cart hidden " aria-label="Edit Cart">
                            <span class="qty-in-cart"></span>
                            <span class="edit-cart-text">
											<spring code="product.edit.text" />"
										</span>
                        </button>
                        <div class="add-list-parent add-list-module  bottom-add-list-module ">
                            <button class="btn btn-inline-link btn-save-to-list  dark is-btn-animated" data-login-url="/account/login?productCode=20340477_EA" data-ajax-url="/restful/lists/all?productCode=20340477_EA" data-user-guest="Y" data-user-guest="Y" data-product-code="20340477_EA" data-delete-item="false" aria-label="Add Potato Chips, Salt & Vinegar to a List">
                                <span class="glyphicon glyphicon-th-list"></span>
                                <div class="list-cta-text  is-btn-animated">Add to List</div>
                            </button>

                            <!-- this is the list HTML   -->
                            <div class="save-to-list-popup  is-btn-animated animation-up dark" data-save-to-list-error="Can not get lists at this time. Please try again later." data-product-name="Potato Chips, Salt & Vinegar">
                                <div class="inner-container">
                                </div>

                            </div>
                        </div>

                    </div>
                </div>
            </div>

            <div class="module-plus-minus-buttons small hidden ">
                <button type="button" class="btn cart-change-qty" data-change-type="minus" data-auid="decrease-product-quantity" alt="Minus" aria-label="Minus">
                    <span class="icon-minimize"></span>
                </button>
                <div class="plus-minus-input-wrapper">
                    <input class="input-qty cart-change-qty" aria-label="Enter manual quantity" type="text" name="qty" title="Change quantity in cart" data-unit-type="ea" value="1ea" data-change-type="equals" maxlength="7">

                    <span class="input-qty-pretty">
							<span class="input-qty-pretty-value">1</span>
                    <span class="input-qty-pretty-unit"></span>
                    </span>
                </div>

                <button type="button" class="btn cart-change-qty" data-change-type="plus" data-auid="increase-product-quantity" alt="Plus" aria-label="Plus">
                    <span class="icon-plus-sign"></span>
                </button>

                <p class="deal-limit-reached hidden">Deal Limit Reached</p>

                <div class="tooltip-qty-error tooltip-qty-limit hidden">
                    <p>
                        Limit to &nbsp; 999 &nbsp;each&nbsp; per customer.</p>
                </div>
                <div class="tooltip-qty-error tooltip-round-error hidden">
                    <p>
                        We do not have this in the weight you wanted. We've rounded your order to the nearest weight increment we stock.</p>
                </div>
            </div>
        </form>

        <!-- End Template: AddToCartSmall -->

    </div>
</div>
<div class="item">

    <div class="module-grocery-product quickview-simple  clicked" data-quickview-ajax-url="/p/20140411005_EA/quickViewProduct" data-product-id="20140411005_EA" data-product-price="$3.98">

        <span class="subtitle"></span>

        <div class="product-page-hotspot">
            <div class="product-cell quickview-button">
                <div class="product-image ">

                    <img src="https://assets.shop.loblaws.ca/products/20140411005/b1/en/front/20140411005_front_a01.png" onerror="this.src='https://assets.shop.loblaws.ca/products/NoImage/b1/en/front/NoImage_front_a01_@2.png';" alt="Blue" />

                    <span class="sticker deal">
	  				        <span class="deal-badge">

	  				            <span class="module-deal-badge module-deal-badge-grid simple-save-unit "
	  						        data-deal-type="$3.98 LIMIT 4"
	  						        data-ajax-promo-url="/simpleDeal/deals/product-tile?productCode=20140411005_EA"
	  						        data-deal-id="20140411005_EA">
	  						        <span class="deal-type">$3.98 LIMIT 4</span>

                    <span class="deal-expiry">
		Exp. 12/27
	</span>

                    </span>
                    </span>
                    </span>

                    <div class="hover-text-container">
                        <button href="#" tabindex="0" class="hover-text " aria-label="Quick View for Blue.">Quick View</button>
                    </div>
                </div>
            </div>

            <div class="product-in-cart">
                <div class="wrapper-product-in-cart">
                    <span>
	  			    In Cart
	  		    </span>
                </div>
            </div>

            <div class="product-info">
                <div class="product-name-wrapper">
                    <a href="/Food/Pantry/Chips-%26-Salty-Snacks/Potato-Chips/Blue/p/20140411005_EA" class="product-name" aria-label="Product page for Blue">
                        <span class="js-product-entry-brand">Terra&nbsp;</span>

                        <span class="js-product-entry-name">Blue</span>

                        <span class="js-product-entry-size-detail">(170 g)</span>

                    </a>
                </div>

                <span class="ad-match-badge  hidden">Ad Match</span>

                <div class="price">
                    <div class="price-wrapper no-discount promo-alert ">
                        <span class="reg-price  price-alert" aria-label="Regular Price: $3.98">
					    <span class="reg-price-text">$3.98</span>

                        <sup class="reg-price-unit">ea</sup>
                        </span>
                        <span class="sale-price hidden" aria-label="Sale Price:">
					    <span class="sale-price-text"></span>
                        <sup class="sale-price-unit">ea</sup>
                        </span>

                        <span class="secondary-price hidden">

					    <span class="secondary-price-text" aria-label="Secondary Price:"></span>
                        </span>
                    </div>
                </div>

                <div class="qty">
                    <span class="reg-qty  price-alert">

		  		<span class="sr-only">Sale Price Per Unit:</span> $2.34 / 100 g

                    </span>

                    <span class="sale-qty hidden">

		  		<span class="sr-only">Sale Price Per Unit:</span> $2.34 / 100 g

                    </span>

                    <span class="secondary-qty hidden">

	  	<span class="secondary-qty-text"></span>
                    </span>
                </div>
            </div>

        </div>
        <form class="form-product  quickview-btn-simple" data-product-id="20140411005_EA" data-min-qty="1.0" data-max-qty="999.0" data-unit-type="ea" data-cart-qty="1" data-default-qty="1" novalidate="novalidate" promoCode="" promoNumber="" data-is-customized="false" data-cart-url="/cart/product/20140411005_EA" data-csrf-token="5582ec01-90c0-448b-b4f7-e2cf68d9f8a0" data-is-weighted-product="false">

            <div class="module-add-to-cart " data-change-type="plus" data-auto-edit="true" data-auto-add="true" data-cart-ajax-url="/cart/updateCart">
                <div class="wrapper-add-to-cart-btn">
                    <div class="module-add-to-cart-button-small">
                        <button type="button" class="btn btn-secondary btn-add-to-cart " data-auid="add-to-cart-button" data-has-pts-badge="false" aria-label="Add Blue to cart">
                            <span class="icon-cart"></span>
                            <span class="add-to-cart-text">
											Add</span>
                        </button>
                        <button type="button" class="btn btn-secondary btn-edit-cart hidden " aria-label="Edit Cart">
                            <span class="qty-in-cart"></span>
                            <span class="edit-cart-text">
											<spring code="product.edit.text" />"
										</span>
                        </button>
                        <div class="add-list-parent add-list-module  bottom-add-list-module ">
                            <button class="btn btn-inline-link btn-save-to-list  dark is-btn-animated" data-login-url="/account/login?productCode=20140411005_EA" data-ajax-url="/restful/lists/all?productCode=20140411005_EA" data-user-guest="Y" data-user-guest="Y" data-product-code="20140411005_EA" data-delete-item="false" aria-label="Add Blue to a List">
                                <span class="glyphicon glyphicon-th-list"></span>
                                <div class="list-cta-text  is-btn-animated">Add to List</div>
                            </button>

                            <!-- this is the list HTML   -->
                            <div class="save-to-list-popup  is-btn-animated animation-up dark" data-save-to-list-error="Can not get lists at this time. Please try again later." data-product-name="Blue">
                                <div class="inner-container">
                                </div>

                            </div>
                        </div>

                    </div>
                </div>
            </div>

            <div class="module-plus-minus-buttons small hidden ">
                <button type="button" class="btn cart-change-qty" data-change-type="minus" data-auid="decrease-product-quantity" alt="Minus" aria-label="Minus">
                    <span class="icon-minimize"></span>
                </button>
                <div class="plus-minus-input-wrapper">
                    <input class="input-qty cart-change-qty" aria-label="Enter manual quantity" type="text" name="qty" title="Change quantity in cart" data-unit-type="ea" value="1ea" data-change-type="equals" maxlength="7">

                    <span class="input-qty-pretty">
							<span class="input-qty-pretty-value">1</span>
                    <span class="input-qty-pretty-unit"></span>
                    </span>
                </div>

                <button type="button" class="btn cart-change-qty" data-change-type="plus" data-auid="increase-product-quantity" alt="Plus" aria-label="Plus">
                    <span class="icon-plus-sign"></span>
                </button>

                <p class="deal-limit-reached hidden">Deal Limit Reached</p>

                <div class="tooltip-qty-error tooltip-qty-limit hidden">
                    <p>
                        Limit to &nbsp; 999 &nbsp;each&nbsp; per customer.</p>
                </div>
                <div class="tooltip-qty-error tooltip-round-error hidden">
                    <p>
                        We do not have this in the weight you wanted. We've rounded your order to the nearest weight increment we stock.</p>
                </div>
            </div>
        </form>

        <!-- End Template: AddToCartSmall -->

    </div>
</div>
<div class="item">

    <div class="module-grocery-product quickview-simple  clicked" data-quickview-ajax-url="/p/21050574_EA/quickViewProduct" data-product-id="21050574_EA" data-product-price="$2.97">

        <span class="subtitle"></span>

        <div class="product-page-hotspot">
            <div class="product-cell quickview-button">
                <div class="product-image ">

                    <img src="https://assets.shop.loblaws.ca/products/21050574/b1/en/front/21050574_front_a01.png" onerror="this.src='https://assets.shop.loblaws.ca/products/NoImage/b1/en/front/NoImage_front_a01_@2.png';" alt="Tortilla Chips, Hint of Lime" />

                    <span class="sticker deal">
	  				        <span class="deal-badge">

	  				            <span class="module-deal-badge module-deal-badge-grid simple-save-unit "
	  						        data-deal-type="2 FOR $5.00"
	  						        data-ajax-promo-url="/simpleDeal/deals/product-tile?productCode=21050574_EA"
	  						        data-deal-id="21050574_EA">
	  						        <span class="deal-type">2 FOR $5.00</span>

                    <span class="deal-expiry">
		Exp. 12/19
	</span>

                    </span>
                    </span>
                    </span>

                    <div class="hover-text-container">
                        <button href="#" tabindex="0" class="hover-text " aria-label="Quick View for Tortilla Chips, Hint of Lime.">Quick View</button>
                    </div>
                </div>
            </div>

            <div class="product-in-cart">
                <div class="wrapper-product-in-cart">
                    <span>
	  			    In Cart
	  		    </span>
                </div>
            </div>

            <div class="product-info">
                <div class="product-name-wrapper">
                    <a href="/Food/Pantry/Chips-%26-Salty-Snacks/Tortilla-Chips/Tostitos-Tortilla-Chips%2C-Hint-of-Lime/p/21050574_EA" class="product-name" aria-label="Product page for Tortilla Chips, Hint of Lime">
                        <span class="js-product-entry-brand">Tostitos&nbsp;</span>

                        <span class="js-product-entry-name">Tortilla Chips, Hint of Lime</span>

                        <span class="js-product-entry-size-detail">(275 g)</span>

                    </a>
                </div>

                <span class="ad-match-badge  hidden">Ad Match</span>

                <div class="price">
                    <div class="price-wrapper no-discount  ">
                        <span class="reg-price  " aria-label="Regular Price: $2.97">
					    <span class="reg-price-text">$2.97</span>

                        <sup class="reg-price-unit">ea</sup>
                        </span>
                        <span class="sale-price hidden" aria-label="Sale Price:">
					    <span class="sale-price-text"></span>
                        <sup class="sale-price-unit">ea</sup>
                        </span>

                        <span class="secondary-price hidden">

					    <span class="secondary-price-text" aria-label="Secondary Price:"></span>
                        </span>
                    </div>
                </div>

                <div class="qty">
                    <span class="reg-qty  ">

		  		<span class="sr-only">Sale Price Per Unit:</span> $1.08 / 100 g

                    </span>

                    <span class="sale-qty hidden">

		  		<span class="sr-only">Sale Price Per Unit:</span> $1.08 / 100 g

                    </span>

                    <span class="secondary-qty hidden">

	  	<span class="secondary-qty-text"></span>
                    </span>
                </div>
            </div>

        </div>
        <form class="form-product  quickview-btn-simple" data-product-id="21050574_EA" data-min-qty="1.0" data-max-qty="999.0" data-unit-type="ea" data-cart-qty="1" data-default-qty="1" novalidate="novalidate" promoCode="" promoNumber="" data-is-customized="false" data-cart-url="/cart/product/21050574_EA" data-csrf-token="5582ec01-90c0-448b-b4f7-e2cf68d9f8a0" data-is-weighted-product="false">

            <div class="module-add-to-cart " data-change-type="plus" data-auto-edit="true" data-auto-add="true" data-cart-ajax-url="/cart/updateCart">
                <div class="wrapper-add-to-cart-btn">
                    <div class="module-add-to-cart-button-small">
                        <button type="button" class="btn btn-secondary btn-add-to-cart " data-auid="add-to-cart-button" data-has-pts-badge="false" aria-label="Add Tortilla Chips, Hint of Lime to cart">
                            <span class="icon-cart"></span>
                            <span class="add-to-cart-text">
											Add</span>
                        </button>
                        <button type="button" class="btn btn-secondary btn-edit-cart hidden " aria-label="Edit Cart">
                            <span class="qty-in-cart"></span>
                            <span class="edit-cart-text">
											<spring code="product.edit.text" />"
										</span>
                        </button>
                        <div class="add-list-parent add-list-module  bottom-add-list-module ">
                            <button class="btn btn-inline-link btn-save-to-list  dark is-btn-animated" data-login-url="/account/login?productCode=21050574_EA" data-ajax-url="/restful/lists/all?productCode=21050574_EA" data-user-guest="Y" data-user-guest="Y" data-product-code="21050574_EA" data-delete-item="false" aria-label="Add Tortilla Chips, Hint of Lime to a List">
                                <span class="glyphicon glyphicon-th-list"></span>
                                <div class="list-cta-text  is-btn-animated">Add to List</div>
                            </button>

                            <!-- this is the list HTML   -->
                            <div class="save-to-list-popup  is-btn-animated animation-up dark" data-save-to-list-error="Can not get lists at this time. Please try again later." data-product-name="Tortilla Chips, Hint of Lime">
                                <div class="inner-container">
                                </div>

                            </div>
                        </div>

                    </div>
                </div>
            </div>

            <div class="module-plus-minus-buttons small hidden ">
                <button type="button" class="btn cart-change-qty" data-change-type="minus" data-auid="decrease-product-quantity" alt="Minus" aria-label="Minus">
                    <span class="icon-minimize"></span>
                </button>
                <div class="plus-minus-input-wrapper">
                    <input class="input-qty cart-change-qty" aria-label="Enter manual quantity" type="text" name="qty" title="Change quantity in cart" data-unit-type="ea" value="1ea" data-change-type="equals" maxlength="7">

                    <span class="input-qty-pretty">
							<span class="input-qty-pretty-value">1</span>
                    <span class="input-qty-pretty-unit"></span>
                    </span>
                </div>

                <button type="button" class="btn cart-change-qty" data-change-type="plus" data-auid="increase-product-quantity" alt="Plus" aria-label="Plus">
                    <span class="icon-plus-sign"></span>
                </button>

                <p class="deal-limit-reached hidden">Deal Limit Reached</p>

                <div class="tooltip-qty-error tooltip-qty-limit hidden">
                    <p>
                        Limit to &nbsp; 999 &nbsp;each&nbsp; per customer.</p>
                </div>
                <div class="tooltip-qty-error tooltip-round-error hidden">
                    <p>
                        We do not have this in the weight you wanted. We've rounded your order to the nearest weight increment we stock.</p>
                </div>
            </div>
        </form>

        <!-- End Template: AddToCartSmall -->

    </div>
</div>
<div class="item">

    <div class="module-grocery-product quickview-simple  clicked" data-quickview-ajax-url="/p/21065182_EA/quickViewProduct" data-product-id="21065182_EA" data-product-price="$4.48">

        <span class="subtitle"></span>

        <div class="product-page-hotspot">
            <div class="product-cell quickview-button">
                <div class="product-image ">

                    <img src="https://assets.shop.loblaws.ca/products/21065182/b1/en/front/21065182_front_a01.png" onerror="this.src='https://assets.shop.loblaws.ca/products/NoImage/b1/en/front/NoImage_front_a01_@2.png';" alt="Chips, Nacho" />

                    <div class="hover-text-container">
                        <button href="#" tabindex="0" class="hover-text " aria-label="Quick View for Chips, Nacho.">Quick View</button>
                    </div>
                </div>
            </div>

            <div class="product-in-cart">
                <div class="wrapper-product-in-cart">
                    <span>
	  			    In Cart
	  		    </span>
                </div>
            </div>

            <div class="product-info">
                <div class="product-name-wrapper">
                    <a href="/Food/Pantry/Chips-%26-Salty-Snacks/Potato-Chips/Beanfields-Chips%2C-Nacho/p/21065182_EA" class="product-name" aria-label="Product page for Chips, Nacho">
                        <span class="js-product-entry-brand">Beanfields&nbsp;</span>

                        <span class="js-product-entry-name">Chips, Nacho</span>

                        <span class="js-product-entry-size-detail">(156 g)</span>

                    </a>
                </div>

                <span class="ad-match-badge  hidden">Ad Match</span>

                <div class="price">
                    <div class="price-wrapper no-discount  ">
                        <span class="reg-price  " aria-label="Regular Price: $4.48">
					    <span class="reg-price-text">$4.48</span>

                        <sup class="reg-price-unit">ea</sup>
                        </span>
                        <span class="sale-price hidden" aria-label="Sale Price:">
					    <span class="sale-price-text"></span>
                        <sup class="sale-price-unit">ea</sup>
                        </span>

                        <span class="secondary-price hidden">

					    <span class="secondary-price-text" aria-label="Secondary Price:"></span>
                        </span>
                    </div>
                </div>

                <div class="qty">
                    <span class="reg-qty  ">

		  		<span class="sr-only">Sale Price Per Unit:</span> $2.87 / 100 g

                    </span>

                    <span class="sale-qty hidden">

		  		<span class="sr-only">Sale Price Per Unit:</span> $2.87 / 100 g

                    </span>

                    <span class="secondary-qty hidden">

	  	<span class="secondary-qty-text"></span>
                    </span>
                </div>
            </div>

        </div>
        <form class="form-product  quickview-btn-simple" data-product-id="21065182_EA" data-min-qty="1.0" data-max-qty="999.0" data-unit-type="ea" data-cart-qty="1" data-default-qty="1" novalidate="novalidate" promoCode="" promoNumber="" data-is-customized="false" data-cart-url="/cart/product/21065182_EA" data-csrf-token="5582ec01-90c0-448b-b4f7-e2cf68d9f8a0" data-is-weighted-product="false">

            <div class="module-add-to-cart " data-change-type="plus" data-auto-edit="true" data-auto-add="true" data-cart-ajax-url="/cart/updateCart">
                <div class="wrapper-add-to-cart-btn">
                    <div class="module-add-to-cart-button-small">
                        <button type="button" class="btn btn-secondary btn-add-to-cart " data-auid="add-to-cart-button" data-has-pts-badge="false" aria-label="Add Chips, Nacho to cart">
                            <span class="icon-cart"></span>
                            <span class="add-to-cart-text">
											Add</span>
                        </button>
                        <button type="button" class="btn btn-secondary btn-edit-cart hidden " aria-label="Edit Cart">
                            <span class="qty-in-cart"></span>
                            <span class="edit-cart-text">
											<spring code="product.edit.text" />"
										</span>
                        </button>
                        <div class="add-list-parent add-list-module  bottom-add-list-module ">
                            <button class="btn btn-inline-link btn-save-to-list  dark is-btn-animated" data-login-url="/account/login?productCode=21065182_EA" data-ajax-url="/restful/lists/all?productCode=21065182_EA" data-user-guest="Y" data-user-guest="Y" data-product-code="21065182_EA" data-delete-item="false" aria-label="Add Chips, Nacho to a List">
                                <span class="glyphicon glyphicon-th-list"></span>
                                <div class="list-cta-text  is-btn-animated">Add to List</div>
                            </button>

                            <!-- this is the list HTML   -->
                            <div class="save-to-list-popup  is-btn-animated animation-up dark" data-save-to-list-error="Can not get lists at this time. Please try again later." data-product-name="Chips, Nacho">
                                <div class="inner-container">
                                </div>

                            </div>
                        </div>

                    </div>
                </div>
            </div>

            <div class="module-plus-minus-buttons small hidden ">
                <button type="button" class="btn cart-change-qty" data-change-type="minus" data-auid="decrease-product-quantity" alt="Minus" aria-label="Minus">
                    <span class="icon-minimize"></span>
                </button>
                <div class="plus-minus-input-wrapper">
                    <input class="input-qty cart-change-qty" aria-label="Enter manual quantity" type="text" name="qty" title="Change quantity in cart" data-unit-type="ea" value="1ea" data-change-type="equals" maxlength="7">

                    <span class="input-qty-pretty">
							<span class="input-qty-pretty-value">1</span>
                    <span class="input-qty-pretty-unit"></span>
                    </span>
                </div>

                <button type="button" class="btn cart-change-qty" data-change-type="plus" data-auid="increase-product-quantity" alt="Plus" aria-label="Plus">
                    <span class="icon-plus-sign"></span>
                </button>

                <p class="deal-limit-reached hidden">Deal Limit Reached</p>

                <div class="tooltip-qty-error tooltip-qty-limit hidden">
                    <p>
                        Limit to &nbsp; 999 &nbsp;each&nbsp; per customer.</p>
                </div>
                <div class="tooltip-qty-error tooltip-round-error hidden">
                    <p>
                        We do not have this in the weight you wanted. We've rounded your order to the nearest weight increment we stock.</p>
                </div>
            </div>
        </form>

        <!-- End Template: AddToCartSmall -->

    </div>
</div>
<div class="item">

    <div class="module-grocery-product quickview-simple  clicked" data-quickview-ajax-url="/p/20944641_EA/quickViewProduct" data-product-id="20944641_EA" data-product-price="$3.27">

        <span class="subtitle"></span>

        <div class="product-page-hotspot">
            <div class="product-cell quickview-button">
                <div class="product-image ">

                    <img src="https://assets.shop.loblaws.ca/products/20944641/b1/en/front/20944641_front_a01.png" onerror="this.src='https://assets.shop.loblaws.ca/products/NoImage/b1/en/front/NoImage_front_a01_@2.png';" alt="Crunchy Cheese Flavoured Snacks, Cheddar Jalapeo" />

                    <div class="hover-text-container">
                        <button href="#" tabindex="0" class="hover-text " aria-label="Quick View for Crunchy Cheese Flavoured Snacks, Cheddar Jalapeo.">Quick View</button>
                    </div>
                </div>
            </div>

            <div class="product-in-cart">
                <div class="wrapper-product-in-cart">
                    <span>
	  			    In Cart
	  		    </span>
                </div>
            </div>

            <div class="product-info">
                <div class="product-name-wrapper">
                    <a href="/Food/Pantry/Chips-%26-Salty-Snacks/Tortilla-Chips/Cheetos-Crunchy-Cheese-Flavoured-Snacks%2C-Cheddar-Jalape%C3%B1o/p/20944641_EA" class="product-name" aria-label="Product page for Crunchy Cheese Flavoured Snacks, Cheddar Jalapeo">

                        <span class="js-product-entry-name">Crunchy Cheese Flavoured Snacks, Cheddar Jalapeo</span>

                        <span class="js-product-entry-size-detail">(310 g)</span>

                    </a>
                </div>

                <span class="ad-match-badge  hidden">Ad Match</span>

                <div class="price">
                    <div class="price-wrapper no-discount  ">
                        <span class="reg-price  " aria-label="Regular Price: $3.27">
					    <span class="reg-price-text">$3.27</span>

                        <sup class="reg-price-unit">ea</sup>
                        </span>
                        <span class="sale-price hidden" aria-label="Sale Price:">
					    <span class="sale-price-text"></span>
                        <sup class="sale-price-unit">ea</sup>
                        </span>

                        <span class="secondary-price hidden">

					    <span class="secondary-price-text" aria-label="Secondary Price:"></span>
                        </span>
                    </div>
                </div>

                <div class="qty">
                    <span class="reg-qty  ">

		  		<span class="sr-only">Sale Price Per Unit:</span> $1.05 / 100 g

                    </span>

                    <span class="sale-qty hidden">

		  		<span class="sr-only">Sale Price Per Unit:</span> $1.05 / 100 g

                    </span>

                    <span class="secondary-qty hidden">

	  	<span class="secondary-qty-text"></span>
                    </span>
                </div>
            </div>

        </div>
        <form class="form-product  quickview-btn-simple" data-product-id="20944641_EA" data-min-qty="1.0" data-max-qty="999.0" data-unit-type="ea" data-cart-qty="1" data-default-qty="1" novalidate="novalidate" promoCode="" promoNumber="" data-is-customized="false" data-cart-url="/cart/product/20944641_EA" data-csrf-token="5582ec01-90c0-448b-b4f7-e2cf68d9f8a0" data-is-weighted-product="false">

            <div class="module-add-to-cart " data-change-type="plus" data-auto-edit="true" data-auto-add="true" data-cart-ajax-url="/cart/updateCart">
                <div class="wrapper-add-to-cart-btn">
                    <div class="module-add-to-cart-button-small">
                        <button type="button" class="btn btn-secondary btn-add-to-cart " data-auid="add-to-cart-button" data-has-pts-badge="false" aria-label="Add Crunchy Cheese Flavoured Snacks, Cheddar Jalapeo to cart">
                            <span class="icon-cart"></span>
                            <span class="add-to-cart-text">
											Add</span>
                        </button>
                        <button type="button" class="btn btn-secondary btn-edit-cart hidden " aria-label="Edit Cart">
                            <span class="qty-in-cart"></span>
                            <span class="edit-cart-text">
											<spring code="product.edit.text" />"
										</span>
                        </button>
                        <div class="add-list-parent add-list-module  bottom-add-list-module ">
                            <button class="btn btn-inline-link btn-save-to-list  dark is-btn-animated" data-login-url="/account/login?productCode=20944641_EA" data-ajax-url="/restful/lists/all?productCode=20944641_EA" data-user-guest="Y" data-user-guest="Y" data-product-code="20944641_EA" data-delete-item="false" aria-label="Add Crunchy Cheese Flavoured Snacks, Cheddar Jalapeo to a List">
                                <span class="glyphicon glyphicon-th-list"></span>
                                <div class="list-cta-text  is-btn-animated">Add to List</div>
                            </button>

                            <!-- this is the list HTML   -->
                            <div class="save-to-list-popup  is-btn-animated animation-up dark" data-save-to-list-error="Can not get lists at this time. Please try again later." data-product-name="Crunchy Cheese Flavoured Snacks, Cheddar Jalapeo">
                                <div class="inner-container">
                                </div>

                            </div>
                        </div>

                    </div>
                </div>
            </div>

            <div class="module-plus-minus-buttons small hidden ">
                <button type="button" class="btn cart-change-qty" data-change-type="minus" data-auid="decrease-product-quantity" alt="Minus" aria-label="Minus">
                    <span class="icon-minimize"></span>
                </button>
                <div class="plus-minus-input-wrapper">
                    <input class="input-qty cart-change-qty" aria-label="Enter manual quantity" type="text" name="qty" title="Change quantity in cart" data-unit-type="ea" value="1ea" data-change-type="equals" maxlength="7">

                    <span class="input-qty-pretty">
							<span class="input-qty-pretty-value">1</span>
                    <span class="input-qty-pretty-unit"></span>
                    </span>
                </div>

                <button type="button" class="btn cart-change-qty" data-change-type="plus" data-auid="increase-product-quantity" alt="Plus" aria-label="Plus">
                    <span class="icon-plus-sign"></span>
                </button>

                <p class="deal-limit-reached hidden">Deal Limit Reached</p>

                <div class="tooltip-qty-error tooltip-qty-limit hidden">
                    <p>
                        Limit to &nbsp; 999 &nbsp;each&nbsp; per customer.</p>
                </div>
                <div class="tooltip-qty-error tooltip-round-error hidden">
                    <p>
                        We do not have this in the weight you wanted. We've rounded your order to the nearest weight increment we stock.</p>
                </div>
            </div>
        </form>

        <!-- End Template: AddToCartSmall -->

    </div>
</div>
