<div class="item">
		









































	
	
		
		
		
		
			
		
	





























<div class="module-grocery-product quickview-simple  clicked" data-quickview-ajax-url="/p/20060972_EA/quickViewProduct" data-product-id="20060972_EA"  data-product-price="$4.98">
    
	
	
		<span class="subtitle"></span>
	

	<div class="product-page-hotspot">
	    <div class="product-cell quickview-button">
	  	    <div class="product-image ">
                
	  		    <img src="https://assets.shop.loblaws.ca/products/20060972/b1/en/front/20060972_front_a01.png" onerror="this.src='https://assets.shop.loblaws.ca/products/NoImage/b1/en/front/NoImage_front_a01_@2.png';" alt="Rippled Potato Chips" />
                
	  			    
	  	        
                
                    
                

	  		    

	  		    

	  		    

	  		    <div class="hover-text-container">
	  			    <button href="#" tabindex="0" class="hover-text " aria-label="Quick View for Rippled Potato Chips.">Quick View</button>
	  		    </div>
	  	    </div>
	    </div>

	    <div class="product-in-cart">
	  	    <div class="wrapper-product-in-cart">
	  		    <span>
	  			    In Cart
	  		    </span>
	  	    </div>
	    </div>

	    <div class="product-info">
	  	    <div class="product-name-wrapper">
	  		    <a href="/Food/Pantry/Chips-%26-Salty-Snacks/Potato-Chips/No-Name-Club-Pack-Rippled-Potato-Chips/p/20060972_EA" class="product-name" aria-label="Product page for Rippled Potato Chips" >
	  			    <span class="js-product-entry-brand">No Name Club Pack&nbsp;</span>

	  			    

	  			    <span class="js-product-entry-name">Rippled Potato Chips</span>

	  			    <span class="js-product-entry-size-detail">(750 g)</span>

	  		    </a>
	  	    </div>
	  	    
	  	    
	  		    
	  		    
	  			    



	
	
		
		<span class="ad-match-badge  hidden">Ad Match</span>
	

	  				
	  			        
	  					
	  				        
	  					
	  				
	  		    
	  	    

	  	    <div class="price">
			    <div class="price-wrapper no-discount  ">
				    <span class="reg-price  " aria-label="Regular Price: $4.98">
					    <span class="reg-price-text">$4.98</span>
					    
					    <sup class="reg-price-unit">ea</sup>
				    </span>
				    <span class="sale-price hidden" aria-label="Sale Price:">
					    <span class="sale-price-text"></span>
					    <sup class="sale-price-unit">ea</sup>
				    </span>
				    
				    <span class="secondary-price hidden">
					    
					    <span class="secondary-price-text" aria-label="Secondary Price:"></span>
				    </span>
			    </div>
	  	    </div>

	  	    <div class="qty">
	  		    <span class="reg-qty  ">
		
			
		  	
		  		<span class="sr-only">Sale Price Per Unit:</span>
        $0.66
        /
        100
        g
		  	
	  	
	</span>

	<span class="sale-qty hidden">
		
			
		  	
		  		<span class="sr-only">Sale Price Per Unit:</span>
        $0.66
        /
        100
        g
		  	
	  	
	</span>

	<span class="secondary-qty hidden">
		
	  	<span class="secondary-qty-text"></span>
	</span>
	  	    </div>
	    </div>


	    

	    
	</div>
	<form class="form-product  quickview-btn-simple"
	  data-product-id="20060972_EA"
	  data-min-qty="1.0"
	  data-max-qty="999.0"
	  data-unit-type="ea"
	  data-cart-qty="1"
	  data-default-qty="1"
	  novalidate="novalidate"
	  promoCode=""
	  promoNumber=""
	  data-is-customized="false"
	  data-cart-url="/cart/product/20060972_EA"
	  data-csrf-token="5582ec01-90c0-448b-b4f7-e2cf68d9f8a0"
	  data-is-weighted-product="false">

	<div class="module-add-to-cart " data-change-type="plus" data-auto-edit="true" data-auto-add="true"
		 data-cart-ajax-url="/cart/updateCart">
		<div class="wrapper-add-to-cart-btn">
					<div class="module-add-to-cart-button-small">
							<button type="button" class="btn btn-secondary btn-add-to-cart " data-auid="add-to-cart-button" data-has-pts-badge="false" aria-label="Add Rippled Potato Chips to cart">
										<span class="icon-cart"></span>
										<span class="add-to-cart-text">
											Add</span>
									</button>
									<button type="button" class="btn btn-secondary btn-edit-cart hidden " aria-label="Edit Cart">
										<span class="qty-in-cart"></span>
										<span class="edit-cart-text">
											<spring code="product.edit.text" />"
										</span>
									</button>
								<div class="add-list-parent add-list-module  bottom-add-list-module ">
	<button class="btn btn-inline-link btn-save-to-list  dark is-btn-animated" 
	  data-login-url="/account/login?productCode=20060972_EA" 
	  data-ajax-url="/restful/lists/all?productCode=20060972_EA" 
	  data-user-guest="Y" 
	  data-user-guest="Y" data-product-code="20060972_EA" 
	  data-delete-item="false"
	  aria-label="Add Rippled Potato Chips to a List">
	  <span class="glyphicon glyphicon-th-list"></span>
	  <div class="list-cta-text  is-btn-animated">Add to List</div>
	</button>
	 
	<!-- this is the list HTML   -->
	<div class="save-to-list-popup  is-btn-animated animation-up dark" 
	  data-save-to-list-error="Can not get lists at this time. Please try again later."
	  data-product-name="Rippled Potato Chips">
	  <div class="inner-container">
	  </div>
	  
	</div>
</div>





<script id="tmpl-product-list-grid" type="text/x-dot-template">
<ul>
{{~it.shoppingListData :entry:index }}
	{{? entry.added }}
			<li class="already-added">
			<div class="no-link item-label">
			
			<span class="category-list-name">{{=entry.shoppingListName}}</span>
			</div><span class="glyphicon glyphicon-ok"></span></li>
	{{??}}
			<li class="has-item-label-link"><a data-shopping-list-name="{{=entry.shoppingListName}}" 
			 class="item-label"
			 data-submit-message="{{!entry.addMessage}}"
			 href="/restful/lists/{{=entry.shoppingListCode}}/product/{{=it.productCode}}?CSRFToken={{=it.csrf}}">{{=entry.shoppingListName}}</a></li>
	{{?}}
{{~}}
<li class="create-new trigger-modal" data-modal-content-id="create-list-modal-content" data-productcode="{{=it.productCode}}"><a href="#">Create New List</a></li>
</ul>
</script>

<!-- Begin Template: createListModal -->
<script type="text/x-dot-template" class="modal-content" id="create-list-modal-content">
		<div class="wrapper-new-list-popup">
			<div class="new-list-popup-container">
				<h1>
					Create a new list</h1>
				<div class="subhead">
					Lists are a great way to organize your shopping needs. After you create a list, they can be found in the "My Favourites" page.</div>
				{{? it.productcode }}
					<form class="container form-create-list" novalidate="novalidate" method="POST" commandName="shoppingListForm" action="/restful/lists/{{=it.productcode}}?CSRFToken=5582ec01-90c0-448b-b4f7-e2cf68d9f8a0" data-ajax-url="/restful/lists/{{=it.productcode}}?CSRFToken=5582ec01-90c0-448b-b4f7-e2cf68d9f8a0" data-server-error-message="Sorry, something went wrong. Please try again later.">
				{{??}}
					<form class="container form-create-list" novalidate="novalidate" method="POST" commandName="shoppingListForm" action="/restful/lists/?CSRFToken=5582ec01-90c0-448b-b4f7-e2cf68d9f8a0" data-ajax-url="/restful/lists/?CSRFToken=5582ec01-90c0-448b-b4f7-e2cf68d9f8a0" data-server-error-message="Sorry, something went wrong. Please try again later.">
				{{?}}
					<div class="row-error">
						<div>
							<span class='warning server-warning'>
							</span>
						</div>
					</div>
					<input id="name" name="name" class="form-control input-list-name" type="text" autocomplete="off"
						autofocus
						placeholder="Enter a name" path="name" maxlength="160"
						required="true" data-msg-required="Please enter name for list." />
		
					<textarea id="description" name="description" class="form-control input-list-desc" type="text"
						placeholder="Add a description (optional)" path="description" maxlength="160"></textarea>
		
					<button type="submit" class="btn btn-primary save-list input-submitter-submit">
						Save</button>
		
					<a href="javascript:void(0)" class="cancel-new-list modal-close">
						Cancel</a>
				</form>
			</div>
		</div>
</script>

<!-- End Template: createListModal --></div>
				</div>
			</div>


	<div class="module-plus-minus-buttons small hidden ">
			<button type="button" class="btn cart-change-qty" data-change-type="minus" data-auid="decrease-product-quantity" alt="Minus" aria-label="Minus">
				<span class="icon-minimize"></span>
			</button>
			<div class="plus-minus-input-wrapper">
				<input class="input-qty cart-change-qty" aria-label="Enter manual quantity" type="text" name="qty" title="Change quantity in cart"
							data-unit-type="ea"
							value="1ea" data-change-type="equals"
							maxlength="7">

						<span class="input-qty-pretty">
							<span class="input-qty-pretty-value">1</span>
							<span class="input-qty-pretty-unit"></span>
						</span>
					</div>

			<button type="button" class="btn cart-change-qty" data-change-type="plus" data-auid="increase-product-quantity" alt="Plus" aria-label="Plus">
				<span class="icon-plus-sign"></span>
			</button>

			<p class="deal-limit-reached hidden">Deal Limit Reached</p>

			<div class="tooltip-qty-error tooltip-qty-limit hidden">
				<p>
					Limit to
					&nbsp;
					999
					&nbsp;each&nbsp;
					per customer.</p>
			</div>
			<div class="tooltip-qty-error tooltip-round-error hidden">
				<p>
					We do not have this in the weight you wanted. We've rounded your order to the nearest weight increment we stock.</p>
			</div>
		</div>
	</form>

<!-- End Template: AddToCartSmall -->

</div>
</div>
<div class="item">
		






































	


	



	
	
		
		
		
		
			
		
	





























<div class="module-grocery-product quickview-simple  clicked" data-quickview-ajax-url="/p/21084975_EA/quickViewProduct" data-product-id="21084975_EA"  data-product-price="$2.47">
    
	
	
		<span class="subtitle"></span>
	

	<div class="product-page-hotspot">
	    <div class="product-cell quickview-button">
	  	    <div class="product-image ">
                
	  		    <img src="https://assets.shop.loblaws.ca/products/21084975/b1/en/front/21084975_front_a01.png" onerror="this.src='https://assets.shop.loblaws.ca/products/NoImage/b1/en/front/NoImage_front_a01_@2.png';" alt="Wavy Potato Chips, Hickory BBQ" />
                
	  			    
	  			        <span class="sticker deal">
	  				        <span class="deal-badge">
	  				            
	  			                
	  				            

	  				            <span class="module-deal-badge module-deal-badge-grid simple-save-unit "
	  						        data-deal-type="SAVE $0.71"
	  						        data-ajax-promo-url="/simpleDeal/deals/product-tile?productCode=21084975_EA"
	  						        data-deal-id="21084975_EA">
	  						        <span class="deal-type">SAVE $0.71</span>
	  						            








	<span class="deal-expiry">
		Exp. 12/20
	</span>

	  					                
	  				            </span>
	  			            </span>
	  		            </span>
	  			        
	  	            
	  	        
                
                    
                

	  		    

	  		    

	  		    

	  		    <div class="hover-text-container">
	  			    <button href="#" tabindex="0" class="hover-text " aria-label="Quick View for Wavy Potato Chips, Hickory BBQ.">Quick View</button>
	  		    </div>
	  	    </div>
	    </div>

	    <div class="product-in-cart">
	  	    <div class="wrapper-product-in-cart">
	  		    <span>
	  			    In Cart
	  		    </span>
	  	    </div>
	    </div>

	    <div class="product-info">
	  	    <div class="product-name-wrapper">
	  		    <a href="/Food/Pantry/Chips-%26-Salty-Snacks/Potato-Chips/Lay%27s-Wavy-Potato-Chips%2C-Hickory-BBQ/p/21084975_EA" class="product-name" aria-label="Product page for Wavy Potato Chips, Hickory BBQ" >
	  			    <span class="js-product-entry-brand">Lay's&nbsp;</span>

	  			    

	  			    <span class="js-product-entry-name">Wavy Potato Chips, Hickory BBQ</span>

	  			    <span class="js-product-entry-size-detail">(240 g)</span>

	  		    </a>
	  	    </div>
	  	    
	  	    
	  		    
	  		    
	  			    



	
	
		
		<span class="ad-match-badge  hidden">Ad Match</span>
	

	  				
	  			        
	  					
	  				        
	  					
	  				
	  		    
	  	    

	  	    <div class="price">
			    <div class="price-wrapper discount promo-alert ">
				    <span class="reg-price  price-alert" aria-label="Regular Price: $2.47">
					    <span class="reg-price-text">$2.47</span>
					    
					    <sup class="reg-price-unit">ea</sup>
				    </span>
				    <span class="sale-price hidden" aria-label="Sale Price:">
					    <span class="sale-price-text"></span>
					    <sup class="sale-price-unit">ea</sup>
				    </span>
				    
					    <span class="old-price" aria-label="Original Price: $3.18">
						    <span class="old-price-text">$3.18</span>
					    </span>
				    
				    <span class="secondary-price hidden">
					    
					    <span class="secondary-price-text" aria-label="Secondary Price:"></span>
				    </span>
			    </div>
	  	    </div>

	  	    <div class="qty">
	  		    <span class="reg-qty  price-alert">
		
			
		  	
		  		<span class="sr-only">Sale Price Per Unit:</span>
        $1.03
        /
        100
        g
		  	
	  	
	</span>

	<span class="sale-qty hidden">
		
			
		  	
		  		<span class="sr-only">Sale Price Per Unit:</span>
        $1.03
        /
        100
        g
		  	
	  	
	</span>

	<span class="secondary-qty hidden">
		
	  	<span class="secondary-qty-text"></span>
	</span>
	  	    </div>
	    </div>


	    

	    
	</div>
	<form class="form-product  quickview-btn-simple"
	  data-product-id="21084975_EA"
	  data-min-qty="1.0"
	  data-max-qty="999.0"
	  data-unit-type="ea"
	  data-cart-qty="1"
	  data-default-qty="1"
	  novalidate="novalidate"
	  promoCode=""
	  promoNumber=""
	  data-is-customized="false"
	  data-cart-url="/cart/product/21084975_EA"
	  data-csrf-token="5582ec01-90c0-448b-b4f7-e2cf68d9f8a0"
	  data-is-weighted-product="false">

	<div class="module-add-to-cart " data-change-type="plus" data-auto-edit="true" data-auto-add="true"
		 data-cart-ajax-url="/cart/updateCart">
		<div class="wrapper-add-to-cart-btn">
					<div class="module-add-to-cart-button-small">
							<button type="button" class="btn btn-secondary btn-add-to-cart " data-auid="add-to-cart-button" data-has-pts-badge="false" aria-label="Add Wavy Potato Chips, Hickory BBQ to cart">
										<span class="icon-cart"></span>
										<span class="add-to-cart-text">
											Add</span>
									</button>
									<button type="button" class="btn btn-secondary btn-edit-cart hidden " aria-label="Edit Cart">
										<span class="qty-in-cart"></span>
										<span class="edit-cart-text">
											<spring code="product.edit.text" />"
										</span>
									</button>
								<div class="add-list-parent add-list-module  bottom-add-list-module ">
	<button class="btn btn-inline-link btn-save-to-list  dark is-btn-animated" 
	  data-login-url="/account/login?productCode=21084975_EA" 
	  data-ajax-url="/restful/lists/all?productCode=21084975_EA" 
	  data-user-guest="Y" 
	  data-user-guest="Y" data-product-code="21084975_EA" 
	  data-delete-item="false"
	  aria-label="Add Wavy Potato Chips, Hickory BBQ to a List">
	  <span class="glyphicon glyphicon-th-list"></span>
	  <div class="list-cta-text  is-btn-animated">Add to List</div>
	</button>
	 
	<!-- this is the list HTML   -->
	<div class="save-to-list-popup  is-btn-animated animation-up dark" 
	  data-save-to-list-error="Can not get lists at this time. Please try again later."
	  data-product-name="Wavy Potato Chips, Hickory BBQ">
	  <div class="inner-container">
	  </div>
	  
	</div>
</div>

</div>
				</div>
			</div>


	<div class="module-plus-minus-buttons small hidden ">
			<button type="button" class="btn cart-change-qty" data-change-type="minus" data-auid="decrease-product-quantity" alt="Minus" aria-label="Minus">
				<span class="icon-minimize"></span>
			</button>
			<div class="plus-minus-input-wrapper">
				<input class="input-qty cart-change-qty" aria-label="Enter manual quantity" type="text" name="qty" title="Change quantity in cart"
							data-unit-type="ea"
							value="1ea" data-change-type="equals"
							maxlength="7">

						<span class="input-qty-pretty">
							<span class="input-qty-pretty-value">1</span>
							<span class="input-qty-pretty-unit"></span>
						</span>
					</div>

			<button type="button" class="btn cart-change-qty" data-change-type="plus" data-auid="increase-product-quantity" alt="Plus" aria-label="Plus">
				<span class="icon-plus-sign"></span>
			</button>

			<p class="deal-limit-reached hidden">Deal Limit Reached</p>

			<div class="tooltip-qty-error tooltip-qty-limit hidden">
				<p>
					Limit to
					&nbsp;
					999
					&nbsp;each&nbsp;
					per customer.</p>
			</div>
			<div class="tooltip-qty-error tooltip-round-error hidden">
				<p>
					We do not have this in the weight you wanted. We've rounded your order to the nearest weight increment we stock.</p>
			</div>
		</div>
	</form>

<!-- End Template: AddToCartSmall -->

</div>
</div>
<div class="item">
		









































	
	
		
		
		
		
			
		
	





























<div class="module-grocery-product quickview-simple  clicked" data-quickview-ajax-url="/p/20340777_EA/quickViewProduct" data-product-id="20340777_EA"  data-product-price="$1.18">
    
	
	
		<span class="subtitle"></span>
	

	<div class="product-page-hotspot">
	    <div class="product-cell quickview-button">
	  	    <div class="product-image ">
                
	  		    <img src="https://assets.shop.loblaws.ca/products/20340777/b1/en/front/20340777_front_a01.png" onerror="this.src='https://assets.shop.loblaws.ca/products/NoImage/b1/en/front/NoImage_front_a01_@2.png';" alt="Potato Chips, Dill Pickle" />
                
	  			    
	  	        
                
                    
                

	  		    

	  		    

	  		    

	  		    <div class="hover-text-container">
	  			    <button href="#" tabindex="0" class="hover-text " aria-label="Quick View for Potato Chips, Dill Pickle.">Quick View</button>
	  		    </div>
	  	    </div>
	    </div>

	    <div class="product-in-cart">
	  	    <div class="wrapper-product-in-cart">
	  		    <span>
	  			    In Cart
	  		    </span>
	  	    </div>
	    </div>

	    <div class="product-info">
	  	    <div class="product-name-wrapper">
	  		    <a href="/Food/Pantry/Chips-%26-Salty-Snacks/Potato-Chips/Potato-Chips%2C-Dill-Pickle/p/20340777_EA" class="product-name" aria-label="Product page for Potato Chips, Dill Pickle" >
	  			    <span class="js-product-entry-brand">No Name&nbsp;</span>

	  			    

	  			    <span class="js-product-entry-name">Potato Chips, Dill Pickle</span>

	  			    <span class="js-product-entry-size-detail">(200 g)</span>

	  		    </a>
	  	    </div>
	  	    
	  	    
	  		    
	  		    
	  			    



	
	
		
		<span class="ad-match-badge  hidden">Ad Match</span>
	

	  				
	  			        
	  					
	  				        
	  					
	  				
	  		    
	  	    

	  	    <div class="price">
			    <div class="price-wrapper no-discount  ">
				    <span class="reg-price  " aria-label="Regular Price: $1.18">
					    <span class="reg-price-text">$1.18</span>
					    
					    <sup class="reg-price-unit">ea</sup>
				    </span>
				    <span class="sale-price hidden" aria-label="Sale Price:">
					    <span class="sale-price-text"></span>
					    <sup class="sale-price-unit">ea</sup>
				    </span>
				    
				    <span class="secondary-price hidden">
					    
					    <span class="secondary-price-text" aria-label="Secondary Price:"></span>
				    </span>
			    </div>
	  	    </div>

	  	    <div class="qty">
	  		    <span class="reg-qty  ">
		
			
		  	
		  		<span class="sr-only">Sale Price Per Unit:</span>
        $0.59
        /
        100
        g
		  	
	  	
	</span>

	<span class="sale-qty hidden">
		
			
		  	
		  		<span class="sr-only">Sale Price Per Unit:</span>
        $0.59
        /
        100
        g
		  	
	  	
	</span>

	<span class="secondary-qty hidden">
		
	  	<span class="secondary-qty-text"></span>
	</span>
	  	    </div>
	    </div>


	    

	    
	</div>
	<form class="form-product  quickview-btn-simple"
	  data-product-id="20340777_EA"
	  data-min-qty="1.0"
	  data-max-qty="999.0"
	  data-unit-type="ea"
	  data-cart-qty="1"
	  data-default-qty="1"
	  novalidate="novalidate"
	  promoCode=""
	  promoNumber=""
	  data-is-customized="false"
	  data-cart-url="/cart/product/20340777_EA"
	  data-csrf-token="5582ec01-90c0-448b-b4f7-e2cf68d9f8a0"
	  data-is-weighted-product="false">

	<div class="module-add-to-cart " data-change-type="plus" data-auto-edit="true" data-auto-add="true"
		 data-cart-ajax-url="/cart/updateCart">
		<div class="wrapper-add-to-cart-btn">
					<div class="module-add-to-cart-button-small">
							<button type="button" class="btn btn-secondary btn-add-to-cart " data-auid="add-to-cart-button" data-has-pts-badge="false" aria-label="Add Potato Chips, Dill Pickle to cart">
										<span class="icon-cart"></span>
										<span class="add-to-cart-text">
											Add</span>
									</button>
									<button type="button" class="btn btn-secondary btn-edit-cart hidden " aria-label="Edit Cart">
										<span class="qty-in-cart"></span>
										<span class="edit-cart-text">
											<spring code="product.edit.text" />"
										</span>
									</button>
								<div class="add-list-parent add-list-module  bottom-add-list-module ">
	<button class="btn btn-inline-link btn-save-to-list  dark is-btn-animated" 
	  data-login-url="/account/login?productCode=20340777_EA" 
	  data-ajax-url="/restful/lists/all?productCode=20340777_EA" 
	  data-user-guest="Y" 
	  data-user-guest="Y" data-product-code="20340777_EA" 
	  data-delete-item="false"
	  aria-label="Add Potato Chips, Dill Pickle to a List">
	  <span class="glyphicon glyphicon-th-list"></span>
	  <div class="list-cta-text  is-btn-animated">Add to List</div>
	</button>
	 
	<!-- this is the list HTML   -->
	<div class="save-to-list-popup  is-btn-animated animation-up dark" 
	  data-save-to-list-error="Can not get lists at this time. Please try again later."
	  data-product-name="Potato Chips, Dill Pickle">
	  <div class="inner-container">
	  </div>
	  
	</div>
</div>

</div>
				</div>
			</div>


	<div class="module-plus-minus-buttons small hidden ">
			<button type="button" class="btn cart-change-qty" data-change-type="minus" data-auid="decrease-product-quantity" alt="Minus" aria-label="Minus">
				<span class="icon-minimize"></span>
			</button>
			<div class="plus-minus-input-wrapper">
				<input class="input-qty cart-change-qty" aria-label="Enter manual quantity" type="text" name="qty" title="Change quantity in cart"
							data-unit-type="ea"
							value="1ea" data-change-type="equals"
							maxlength="7">

						<span class="input-qty-pretty">
							<span class="input-qty-pretty-value">1</span>
							<span class="input-qty-pretty-unit"></span>
						</span>
					</div>

			<button type="button" class="btn cart-change-qty" data-change-type="plus" data-auid="increase-product-quantity" alt="Plus" aria-label="Plus">
				<span class="icon-plus-sign"></span>
			</button>

			<p class="deal-limit-reached hidden">Deal Limit Reached</p>

			<div class="tooltip-qty-error tooltip-qty-limit hidden">
				<p>
					Limit to
					&nbsp;
					999
					&nbsp;each&nbsp;
					per customer.</p>
			</div>
			<div class="tooltip-qty-error tooltip-round-error hidden">
				<p>
					We do not have this in the weight you wanted. We've rounded your order to the nearest weight increment we stock.</p>
			</div>
		</div>
	</form>

<!-- End Template: AddToCartSmall -->

</div>
</div>
<div class="item">
		









































	
	
		
		
		
		
			
		
	





























<div class="module-grocery-product quickview-simple  clicked" data-quickview-ajax-url="/p/20944621_EA/quickViewProduct" data-product-id="20944621_EA"  data-product-price="$3.27">
    
	
	
		<span class="subtitle"></span>
	

	<div class="product-page-hotspot">
	    <div class="product-cell quickview-button">
	  	    <div class="product-image ">
                
	  		    <img src="https://assets.shop.loblaws.ca/products/20944621/b1/en/front/20944621_front_a01.png" onerror="this.src='https://assets.shop.loblaws.ca/products/NoImage/b1/en/front/NoImage_front_a01_@2.png';" alt="Crunchy Cheese Flavoured Snacks, Cheese" />
                
	  			    
	  	        
                
                    
                

	  		    

	  		    

	  		    

	  		    <div class="hover-text-container">
	  			    <button href="#" tabindex="0" class="hover-text " aria-label="Quick View for Crunchy Cheese Flavoured Snacks, Cheese.">Quick View</button>
	  		    </div>
	  	    </div>
	    </div>

	    <div class="product-in-cart">
	  	    <div class="wrapper-product-in-cart">
	  		    <span>
	  			    In Cart
	  		    </span>
	  	    </div>
	    </div>

	    <div class="product-info">
	  	    <div class="product-name-wrapper">
	  		    <a href="/Food/Pantry/Chips-%26-Salty-Snacks/Tortilla-Chips/Cheetos-CRUNCHY-Crunchy-Cheese-Flavoured-Snacks%2C-Cheese/p/20944621_EA" class="product-name" aria-label="Product page for Crunchy Cheese Flavoured Snacks, Cheese" >
	  			    

	  			    

	  			    <span class="js-product-entry-name">Crunchy Cheese Flavoured Snacks, Cheese</span>

	  			    <span class="js-product-entry-size-detail">(310 g)</span>

	  		    </a>
	  	    </div>
	  	    
	  	    
	  		    
	  		    
	  			    



	
	
		
		<span class="ad-match-badge  hidden">Ad Match</span>
	

	  				
	  			        
	  					
	  				        
	  					
	  				
	  		    
	  	    

	  	    <div class="price">
			    <div class="price-wrapper no-discount  ">
				    <span class="reg-price  " aria-label="Regular Price: $3.27">
					    <span class="reg-price-text">$3.27</span>
					    
					    <sup class="reg-price-unit">ea</sup>
				    </span>
				    <span class="sale-price hidden" aria-label="Sale Price:">
					    <span class="sale-price-text"></span>
					    <sup class="sale-price-unit">ea</sup>
				    </span>
				    
				    <span class="secondary-price hidden">
					    
					    <span class="secondary-price-text" aria-label="Secondary Price:"></span>
				    </span>
			    </div>
	  	    </div>

	  	    <div class="qty">
	  		    <span class="reg-qty  ">
		
			
		  	
		  		<span class="sr-only">Sale Price Per Unit:</span>
        $1.05
        /
        100
        g
		  	
	  	
	</span>

	<span class="sale-qty hidden">
		
			
		  	
		  		<span class="sr-only">Sale Price Per Unit:</span>
        $1.05
        /
        100
        g
		  	
	  	
	</span>

	<span class="secondary-qty hidden">
		
	  	<span class="secondary-qty-text"></span>
	</span>
	  	    </div>
	    </div>


	    

	    
	</div>
	<form class="form-product  quickview-btn-simple"
	  data-product-id="20944621_EA"
	  data-min-qty="1.0"
	  data-max-qty="999.0"
	  data-unit-type="ea"
	  data-cart-qty="1"
	  data-default-qty="1"
	  novalidate="novalidate"
	  promoCode=""
	  promoNumber=""
	  data-is-customized="false"
	  data-cart-url="/cart/product/20944621_EA"
	  data-csrf-token="5582ec01-90c0-448b-b4f7-e2cf68d9f8a0"
	  data-is-weighted-product="false">

	<div class="module-add-to-cart " data-change-type="plus" data-auto-edit="true" data-auto-add="true"
		 data-cart-ajax-url="/cart/updateCart">
		<div class="wrapper-add-to-cart-btn">
					<div class="module-add-to-cart-button-small">
							<button type="button" class="btn btn-secondary btn-add-to-cart " data-auid="add-to-cart-button" data-has-pts-badge="false" aria-label="Add Crunchy Cheese Flavoured Snacks, Cheese to cart">
										<span class="icon-cart"></span>
										<span class="add-to-cart-text">
											Add</span>
									</button>
									<button type="button" class="btn btn-secondary btn-edit-cart hidden " aria-label="Edit Cart">
										<span class="qty-in-cart"></span>
										<span class="edit-cart-text">
											<spring code="product.edit.text" />"
										</span>
									</button>
								<div class="add-list-parent add-list-module  bottom-add-list-module ">
	<button class="btn btn-inline-link btn-save-to-list  dark is-btn-animated" 
	  data-login-url="/account/login?productCode=20944621_EA" 
	  data-ajax-url="/restful/lists/all?productCode=20944621_EA" 
	  data-user-guest="Y" 
	  data-user-guest="Y" data-product-code="20944621_EA" 
	  data-delete-item="false"
	  aria-label="Add Crunchy Cheese Flavoured Snacks, Cheese to a List">
	  <span class="glyphicon glyphicon-th-list"></span>
	  <div class="list-cta-text  is-btn-animated">Add to List</div>
	</button>
	 
	<!-- this is the list HTML   -->
	<div class="save-to-list-popup  is-btn-animated animation-up dark" 
	  data-save-to-list-error="Can not get lists at this time. Please try again later."
	  data-product-name="Crunchy Cheese Flavoured Snacks, Cheese">
	  <div class="inner-container">
	  </div>
	  
	</div>
</div>

</div>
				</div>
			</div>


	<div class="module-plus-minus-buttons small hidden ">
			<button type="button" class="btn cart-change-qty" data-change-type="minus" data-auid="decrease-product-quantity" alt="Minus" aria-label="Minus">
				<span class="icon-minimize"></span>
			</button>
			<div class="plus-minus-input-wrapper">
				<input class="input-qty cart-change-qty" aria-label="Enter manual quantity" type="text" name="qty" title="Change quantity in cart"
							data-unit-type="ea"
							value="1ea" data-change-type="equals"
							maxlength="7">

						<span class="input-qty-pretty">
							<span class="input-qty-pretty-value">1</span>
							<span class="input-qty-pretty-unit"></span>
						</span>
					</div>

			<button type="button" class="btn cart-change-qty" data-change-type="plus" data-auid="increase-product-quantity" alt="Plus" aria-label="Plus">
				<span class="icon-plus-sign"></span>
			</button>

			<p class="deal-limit-reached hidden">Deal Limit Reached</p>

			<div class="tooltip-qty-error tooltip-qty-limit hidden">
				<p>
					Limit to
					&nbsp;
					999
					&nbsp;each&nbsp;
					per customer.</p>
			</div>
			<div class="tooltip-qty-error tooltip-round-error hidden">
				<p>
					We do not have this in the weight you wanted. We've rounded your order to the nearest weight increment we stock.</p>
			</div>
		</div>
	</form>

<!-- End Template: AddToCartSmall -->

</div>
</div>
<div class="item">
		









































	
	
		
		
		
		
			
		
	





























<div class="module-grocery-product quickview-simple  clicked" data-quickview-ajax-url="/p/21050577_EA/quickViewProduct" data-product-id="21050577_EA"  data-product-price="$2.97">
    
	
	
		<span class="subtitle"></span>
	

	<div class="product-page-hotspot">
	    <div class="product-cell quickview-button">
	  	    <div class="product-image ">
                
	  		    <img src="https://assets.shop.loblaws.ca/products/21050577/b1/en/front/21050577_front_a01.png" onerror="this.src='https://assets.shop.loblaws.ca/products/NoImage/b1/en/front/NoImage_front_a01_@2.png';" alt="Tortilla Chips, Hint of Jalapeño" />
                
	  			    
	  			        <span class="sticker deal">
	  				        <span class="deal-badge">
	  				            
	  			                
	  				            

	  				            <span class="module-deal-badge module-deal-badge-grid simple-save-unit "
	  						        data-deal-type="2 FOR $5.00"
	  						        data-ajax-promo-url="/simpleDeal/deals/product-tile?productCode=21050577_EA"
	  						        data-deal-id="21050577_EA">
	  						        <span class="deal-type">2 FOR $5.00</span>
	  						            








	<span class="deal-expiry">
		Exp. 12/19
	</span>

	  					                
	  				            </span>
	  			            </span>
	  		            </span>
	  			        
	  	            
	  	        
                
                    
                

	  		    

	  		    

	  		    

	  		    <div class="hover-text-container">
	  			    <button href="#" tabindex="0" class="hover-text " aria-label="Quick View for Tortilla Chips, Hint of Jalapeño.">Quick View</button>
	  		    </div>
	  	    </div>
	    </div>

	    <div class="product-in-cart">
	  	    <div class="wrapper-product-in-cart">
	  		    <span>
	  			    In Cart
	  		    </span>
	  	    </div>
	    </div>

	    <div class="product-info">
	  	    <div class="product-name-wrapper">
	  		    <a href="/Food/Pantry/Chips-%26-Salty-Snacks/Tortilla-Chips/Tostitos-ROLLS%21-Tortilla-Chips%2C-Hint-of-Jalape%C3%B1o/p/21050577_EA" class="product-name" aria-label="Product page for Tortilla Chips, Hint of Jalapeño" >
	  			    <span class="js-product-entry-brand">Tostitos&nbsp;</span>

	  			    

	  			    <span class="js-product-entry-name">Tortilla Chips, Hint of Jalapeño</span>

	  			    <span class="js-product-entry-size-detail">(275 g)</span>

	  		    </a>
	  	    </div>
	  	    
	  	    
	  		    
	  		    
	  			    



	
	
		
		<span class="ad-match-badge  hidden">Ad Match</span>
	

	  				
	  			        
	  					
	  				        
	  					
	  				
	  		    
	  	    

	  	    <div class="price">
			    <div class="price-wrapper no-discount  ">
				    <span class="reg-price  " aria-label="Regular Price: $2.97">
					    <span class="reg-price-text">$2.97</span>
					    
					    <sup class="reg-price-unit">ea</sup>
				    </span>
				    <span class="sale-price hidden" aria-label="Sale Price:">
					    <span class="sale-price-text"></span>
					    <sup class="sale-price-unit">ea</sup>
				    </span>
				    
				    <span class="secondary-price hidden">
					    
					    <span class="secondary-price-text" aria-label="Secondary Price:"></span>
				    </span>
			    </div>
	  	    </div>

	  	    <div class="qty">
	  		    <span class="reg-qty  ">
		
			
		  	
		  		<span class="sr-only">Sale Price Per Unit:</span>
        $1.08
        /
        100
        g
		  	
	  	
	</span>

	<span class="sale-qty hidden">
		
			
		  	
		  		<span class="sr-only">Sale Price Per Unit:</span>
        $1.08
        /
        100
        g
		  	
	  	
	</span>

	<span class="secondary-qty hidden">
		
	  	<span class="secondary-qty-text"></span>
	</span>
	  	    </div>
	    </div>


	    

	    
	</div>
	<form class="form-product  quickview-btn-simple"
	  data-product-id="21050577_EA"
	  data-min-qty="1.0"
	  data-max-qty="999.0"
	  data-unit-type="ea"
	  data-cart-qty="1"
	  data-default-qty="1"
	  novalidate="novalidate"
	  promoCode=""
	  promoNumber=""
	  data-is-customized="false"
	  data-cart-url="/cart/product/21050577_EA"
	  data-csrf-token="5582ec01-90c0-448b-b4f7-e2cf68d9f8a0"
	  data-is-weighted-product="false">

	<div class="module-add-to-cart " data-change-type="plus" data-auto-edit="true" data-auto-add="true"
		 data-cart-ajax-url="/cart/updateCart">
		<div class="wrapper-add-to-cart-btn">
					<div class="module-add-to-cart-button-small">
							<button type="button" class="btn btn-secondary btn-add-to-cart " data-auid="add-to-cart-button" data-has-pts-badge="false" aria-label="Add Tortilla Chips, Hint of Jalapeño to cart">
										<span class="icon-cart"></span>
										<span class="add-to-cart-text">
											Add</span>
									</button>
									<button type="button" class="btn btn-secondary btn-edit-cart hidden " aria-label="Edit Cart">
										<span class="qty-in-cart"></span>
										<span class="edit-cart-text">
											<spring code="product.edit.text" />"
										</span>
									</button>
								<div class="add-list-parent add-list-module  bottom-add-list-module ">
	<button class="btn btn-inline-link btn-save-to-list  dark is-btn-animated" 
	  data-login-url="/account/login?productCode=21050577_EA" 
	  data-ajax-url="/restful/lists/all?productCode=21050577_EA" 
	  data-user-guest="Y" 
	  data-user-guest="Y" data-product-code="21050577_EA" 
	  data-delete-item="false"
	  aria-label="Add Tortilla Chips, Hint of Jalapeño to a List">
	  <span class="glyphicon glyphicon-th-list"></span>
	  <div class="list-cta-text  is-btn-animated">Add to List</div>
	</button>
	 
	<!-- this is the list HTML   -->
	<div class="save-to-list-popup  is-btn-animated animation-up dark" 
	  data-save-to-list-error="Can not get lists at this time. Please try again later."
	  data-product-name="Tortilla Chips, Hint of Jalapeño">
	  <div class="inner-container">
	  </div>
	  
	</div>
</div>

</div>
				</div>
			</div>


	<div class="module-plus-minus-buttons small hidden ">
			<button type="button" class="btn cart-change-qty" data-change-type="minus" data-auid="decrease-product-quantity" alt="Minus" aria-label="Minus">
				<span class="icon-minimize"></span>
			</button>
			<div class="plus-minus-input-wrapper">
				<input class="input-qty cart-change-qty" aria-label="Enter manual quantity" type="text" name="qty" title="Change quantity in cart"
							data-unit-type="ea"
							value="1ea" data-change-type="equals"
							maxlength="7">

						<span class="input-qty-pretty">
							<span class="input-qty-pretty-value">1</span>
							<span class="input-qty-pretty-unit"></span>
						</span>
					</div>

			<button type="button" class="btn cart-change-qty" data-change-type="plus" data-auid="increase-product-quantity" alt="Plus" aria-label="Plus">
				<span class="icon-plus-sign"></span>
			</button>

			<p class="deal-limit-reached hidden">Deal Limit Reached</p>

			<div class="tooltip-qty-error tooltip-qty-limit hidden">
				<p>
					Limit to
					&nbsp;
					999
					&nbsp;each&nbsp;
					per customer.</p>
			</div>
			<div class="tooltip-qty-error tooltip-round-error hidden">
				<p>
					We do not have this in the weight you wanted. We've rounded your order to the nearest weight increment we stock.</p>
			</div>
		</div>
	</form>

<!-- End Template: AddToCartSmall -->

</div>
</div>
<div class="item">
		









































	
	
		
		
		
		
			
		
	





























<div class="module-grocery-product quickview-simple  clicked" data-quickview-ajax-url="/p/20117276_EA/quickViewProduct" data-product-id="20117276_EA"  data-product-price="$6.18">
    
	
	
		<span class="subtitle"></span>
	

	<div class="product-page-hotspot">
	    <div class="product-cell quickview-button">
	  	    <div class="product-image ">
                
	  		    <img src="https://assets.shop.loblaws.ca/products/20117276/b1/en/front/20117276_front_a01.png" onerror="this.src='https://assets.shop.loblaws.ca/products/NoImage/b1/en/front/NoImage_front_a01_@2.png';" alt="Cheezies" />
                
	  			    
	  	        
                
                    
                

	  		    

	  		    

	  		    

	  		    <div class="hover-text-container">
	  			    <button href="#" tabindex="0" class="hover-text " aria-label="Quick View for Cheezies.">Quick View</button>
	  		    </div>
	  	    </div>
	    </div>

	    <div class="product-in-cart">
	  	    <div class="wrapper-product-in-cart">
	  		    <span>
	  			    In Cart
	  		    </span>
	  	    </div>
	    </div>

	    <div class="product-info">
	  	    <div class="product-name-wrapper">
	  		    <a href="/Food/Pantry/Chips-%26-Salty-Snacks/Pretzels-%26-Snack-Mixes/Hawkins-Cheezies/p/20117276_EA" class="product-name" aria-label="Product page for Cheezies" >
	  			    <span class="js-product-entry-brand">Hawkins&nbsp;</span>

	  			    

	  			    <span class="js-product-entry-name">Cheezies</span>

	  			    <span class="js-product-entry-size-detail">(420 g)</span>

	  		    </a>
	  	    </div>
	  	    
	  	    
	  		    
	  		    
	  			    



	
	
		
		<span class="ad-match-badge  hidden">Ad Match</span>
	

	  				
	  			        
	  					
	  				        
	  					
	  				
	  		    
	  	    

	  	    <div class="price">
			    <div class="price-wrapper no-discount  ">
				    <span class="reg-price  " aria-label="Regular Price: $6.18">
					    <span class="reg-price-text">$6.18</span>
					    
					    <sup class="reg-price-unit">ea</sup>
				    </span>
				    <span class="sale-price hidden" aria-label="Sale Price:">
					    <span class="sale-price-text"></span>
					    <sup class="sale-price-unit">ea</sup>
				    </span>
				    
				    <span class="secondary-price hidden">
					    
					    <span class="secondary-price-text" aria-label="Secondary Price:"></span>
				    </span>
			    </div>
	  	    </div>

	  	    <div class="qty">
	  		    <span class="reg-qty  ">
		
			
		  	
		  		<span class="sr-only">Sale Price Per Unit:</span>
        $1.47
        /
        100
        g
		  	
	  	
	</span>

	<span class="sale-qty hidden">
		
			
		  	
		  		<span class="sr-only">Sale Price Per Unit:</span>
        $1.47
        /
        100
        g
		  	
	  	
	</span>

	<span class="secondary-qty hidden">
		
	  	<span class="secondary-qty-text"></span>
	</span>
	  	    </div>
	    </div>


	    

	    
	</div>
	<form class="form-product  quickview-btn-simple"
	  data-product-id="20117276_EA"
	  data-min-qty="1.0"
	  data-max-qty="999.0"
	  data-unit-type="ea"
	  data-cart-qty="1"
	  data-default-qty="1"
	  novalidate="novalidate"
	  promoCode=""
	  promoNumber=""
	  data-is-customized="false"
	  data-cart-url="/cart/product/20117276_EA"
	  data-csrf-token="5582ec01-90c0-448b-b4f7-e2cf68d9f8a0"
	  data-is-weighted-product="false">

	<div class="module-add-to-cart " data-change-type="plus" data-auto-edit="true" data-auto-add="true"
		 data-cart-ajax-url="/cart/updateCart">
		<div class="wrapper-add-to-cart-btn">
					<div class="module-add-to-cart-button-small">
							<button type="button" class="btn btn-secondary btn-add-to-cart " data-auid="add-to-cart-button" data-has-pts-badge="false" aria-label="Add Cheezies to cart">
										<span class="icon-cart"></span>
										<span class="add-to-cart-text">
											Add</span>
									</button>
									<button type="button" class="btn btn-secondary btn-edit-cart hidden " aria-label="Edit Cart">
										<span class="qty-in-cart"></span>
										<span class="edit-cart-text">
											<spring code="product.edit.text" />"
										</span>
									</button>
								<div class="add-list-parent add-list-module  bottom-add-list-module ">
	<button class="btn btn-inline-link btn-save-to-list  dark is-btn-animated" 
	  data-login-url="/account/login?productCode=20117276_EA" 
	  data-ajax-url="/restful/lists/all?productCode=20117276_EA" 
	  data-user-guest="Y" 
	  data-user-guest="Y" data-product-code="20117276_EA" 
	  data-delete-item="false"
	  aria-label="Add Cheezies to a List">
	  <span class="glyphicon glyphicon-th-list"></span>
	  <div class="list-cta-text  is-btn-animated">Add to List</div>
	</button>
	 
	<!-- this is the list HTML   -->
	<div class="save-to-list-popup  is-btn-animated animation-up dark" 
	  data-save-to-list-error="Can not get lists at this time. Please try again later."
	  data-product-name="Cheezies">
	  <div class="inner-container">
	  </div>
	  
	</div>
</div>

</div>
				</div>
			</div>


	<div class="module-plus-minus-buttons small hidden ">
			<button type="button" class="btn cart-change-qty" data-change-type="minus" data-auid="decrease-product-quantity" alt="Minus" aria-label="Minus">
				<span class="icon-minimize"></span>
			</button>
			<div class="plus-minus-input-wrapper">
				<input class="input-qty cart-change-qty" aria-label="Enter manual quantity" type="text" name="qty" title="Change quantity in cart"
							data-unit-type="ea"
							value="1ea" data-change-type="equals"
							maxlength="7">

						<span class="input-qty-pretty">
							<span class="input-qty-pretty-value">1</span>
							<span class="input-qty-pretty-unit"></span>
						</span>
					</div>

			<button type="button" class="btn cart-change-qty" data-change-type="plus" data-auid="increase-product-quantity" alt="Plus" aria-label="Plus">
				<span class="icon-plus-sign"></span>
			</button>

			<p class="deal-limit-reached hidden">Deal Limit Reached</p>

			<div class="tooltip-qty-error tooltip-qty-limit hidden">
				<p>
					Limit to
					&nbsp;
					999
					&nbsp;each&nbsp;
					per customer.</p>
			</div>
			<div class="tooltip-qty-error tooltip-round-error hidden">
				<p>
					We do not have this in the weight you wanted. We've rounded your order to the nearest weight increment we stock.</p>
			</div>
		</div>
	</form>

<!-- End Template: AddToCartSmall -->

</div>
</div>
<div class="item">
		









































	
	
		
		
		
		
			
		
	





























<div class="module-grocery-product quickview-simple  clicked" data-quickview-ajax-url="/p/20987276_EA/quickViewProduct" data-product-id="20987276_EA"  data-product-price="$5.98">
    
	
	
		<span class="subtitle"></span>
	

	<div class="product-page-hotspot">
	    <div class="product-cell quickview-button">
	  	    <div class="product-image ">
                
	  		    <img src="https://assets.shop.loblaws.ca/products/20987276/b1/en/front/20987276_front_a01.png" onerror="this.src='https://assets.shop.loblaws.ca/products/NoImage/b1/en/front/NoImage_front_a01_@2.png';" alt="Tortilla Chips, Nacho Cheese" />
                
	  			    
	  	        
                
                    
                

	  		    

	  		    

	  		    

	  		    <div class="hover-text-container">
	  			    <button href="#" tabindex="0" class="hover-text " aria-label="Quick View for Tortilla Chips, Nacho Cheese.">Quick View</button>
	  		    </div>
	  	    </div>
	    </div>

	    <div class="product-in-cart">
	  	    <div class="wrapper-product-in-cart">
	  		    <span>
	  			    In Cart
	  		    </span>
	  	    </div>
	    </div>

	    <div class="product-info">
	  	    <div class="product-name-wrapper">
	  		    <a href="/Food/Pantry/Chips-%26-Salty-Snacks/Potato-Chips/No-Name-Tortilla-Chips%2C-Nacho-Cheese/p/20987276_EA" class="product-name" aria-label="Product page for Tortilla Chips, Nacho Cheese" >
	  			    <span class="js-product-entry-brand">No Name&nbsp;</span>

	  			    

	  			    <span class="js-product-entry-name">Tortilla Chips, Nacho Cheese</span>

	  			    <span class="js-product-entry-size-detail">(908 g)</span>

	  		    </a>
	  	    </div>
	  	    
	  	    
	  		    
	  		    
	  			    



	
	
		
		<span class="ad-match-badge  hidden">Ad Match</span>
	

	  				
	  			        
	  					
	  				        
	  					
	  				
	  		    
	  	    

	  	    <div class="price">
			    <div class="price-wrapper no-discount  ">
				    <span class="reg-price  " aria-label="Regular Price: $5.98">
					    <span class="reg-price-text">$5.98</span>
					    
					    <sup class="reg-price-unit">ea</sup>
				    </span>
				    <span class="sale-price hidden" aria-label="Sale Price:">
					    <span class="sale-price-text"></span>
					    <sup class="sale-price-unit">ea</sup>
				    </span>
				    
				    <span class="secondary-price hidden">
					    
					    <span class="secondary-price-text" aria-label="Secondary Price:"></span>
				    </span>
			    </div>
	  	    </div>

	  	    <div class="qty">
	  		    <span class="reg-qty  ">
		
			
		  	
		  		<span class="sr-only">Sale Price Per Unit:</span>
        $0.66
        /
        100
        g
		  	
	  	
	</span>

	<span class="sale-qty hidden">
		
			
		  	
		  		<span class="sr-only">Sale Price Per Unit:</span>
        $0.66
        /
        100
        g
		  	
	  	
	</span>

	<span class="secondary-qty hidden">
		
	  	<span class="secondary-qty-text"></span>
	</span>
	  	    </div>
	    </div>


	    

	    
	</div>
	<form class="form-product  quickview-btn-simple"
	  data-product-id="20987276_EA"
	  data-min-qty="1.0"
	  data-max-qty="999.0"
	  data-unit-type="ea"
	  data-cart-qty="1"
	  data-default-qty="1"
	  novalidate="novalidate"
	  promoCode=""
	  promoNumber=""
	  data-is-customized="false"
	  data-cart-url="/cart/product/20987276_EA"
	  data-csrf-token="5582ec01-90c0-448b-b4f7-e2cf68d9f8a0"
	  data-is-weighted-product="false">

	<div class="module-add-to-cart " data-change-type="plus" data-auto-edit="true" data-auto-add="true"
		 data-cart-ajax-url="/cart/updateCart">
		<div class="wrapper-add-to-cart-btn">
					<div class="module-add-to-cart-button-small">
							<button type="button" class="btn btn-secondary btn-add-to-cart " data-auid="add-to-cart-button" data-has-pts-badge="false" aria-label="Add Tortilla Chips, Nacho Cheese to cart">
										<span class="icon-cart"></span>
										<span class="add-to-cart-text">
											Add</span>
									</button>
									<button type="button" class="btn btn-secondary btn-edit-cart hidden " aria-label="Edit Cart">
										<span class="qty-in-cart"></span>
										<span class="edit-cart-text">
											<spring code="product.edit.text" />"
										</span>
									</button>
								<div class="add-list-parent add-list-module  bottom-add-list-module ">
	<button class="btn btn-inline-link btn-save-to-list  dark is-btn-animated" 
	  data-login-url="/account/login?productCode=20987276_EA" 
	  data-ajax-url="/restful/lists/all?productCode=20987276_EA" 
	  data-user-guest="Y" 
	  data-user-guest="Y" data-product-code="20987276_EA" 
	  data-delete-item="false"
	  aria-label="Add Tortilla Chips, Nacho Cheese to a List">
	  <span class="glyphicon glyphicon-th-list"></span>
	  <div class="list-cta-text  is-btn-animated">Add to List</div>
	</button>
	 
	<!-- this is the list HTML   -->
	<div class="save-to-list-popup  is-btn-animated animation-up dark" 
	  data-save-to-list-error="Can not get lists at this time. Please try again later."
	  data-product-name="Tortilla Chips, Nacho Cheese">
	  <div class="inner-container">
	  </div>
	  
	</div>
</div>

</div>
				</div>
			</div>


	<div class="module-plus-minus-buttons small hidden ">
			<button type="button" class="btn cart-change-qty" data-change-type="minus" data-auid="decrease-product-quantity" alt="Minus" aria-label="Minus">
				<span class="icon-minimize"></span>
			</button>
			<div class="plus-minus-input-wrapper">
				<input class="input-qty cart-change-qty" aria-label="Enter manual quantity" type="text" name="qty" title="Change quantity in cart"
							data-unit-type="ea"
							value="1ea" data-change-type="equals"
							maxlength="7">

						<span class="input-qty-pretty">
							<span class="input-qty-pretty-value">1</span>
							<span class="input-qty-pretty-unit"></span>
						</span>
					</div>

			<button type="button" class="btn cart-change-qty" data-change-type="plus" data-auid="increase-product-quantity" alt="Plus" aria-label="Plus">
				<span class="icon-plus-sign"></span>
			</button>

			<p class="deal-limit-reached hidden">Deal Limit Reached</p>

			<div class="tooltip-qty-error tooltip-qty-limit hidden">
				<p>
					Limit to
					&nbsp;
					999
					&nbsp;each&nbsp;
					per customer.</p>
			</div>
			<div class="tooltip-qty-error tooltip-round-error hidden">
				<p>
					We do not have this in the weight you wanted. We've rounded your order to the nearest weight increment we stock.</p>
			</div>
		</div>
	</form>

<!-- End Template: AddToCartSmall -->

</div>
</div>
<div class="item">
		









































	
	
		
		
		
		
			
		
	





























<div class="module-grocery-product quickview-simple  clicked" data-quickview-ajax-url="/p/21074305_EA/quickViewProduct" data-product-id="21074305_EA"  data-product-price="$2.98">
    
	
	
		<span class="subtitle"></span>
	

	<div class="product-page-hotspot">
	    <div class="product-cell quickview-button">
	  	    <div class="product-image ">
                
	  		    <img src="https://assets.shop.loblaws.ca/products/21074305/b1/en/front/21074305_front_a01.png" onerror="this.src='https://assets.shop.loblaws.ca/products/NoImage/b1/en/front/NoImage_front_a01_@2.png';" alt="Mega Can BBQ Flavour" />
                
	  			    
	  	        
                
                    
                

	  		    

	  		    

	  		    

	  		    <div class="hover-text-container">
	  			    <button href="#" tabindex="0" class="hover-text " aria-label="Quick View for Mega Can BBQ Flavour.">Quick View</button>
	  		    </div>
	  	    </div>
	    </div>

	    <div class="product-in-cart">
	  	    <div class="wrapper-product-in-cart">
	  		    <span>
	  			    In Cart
	  		    </span>
	  	    </div>
	    </div>

	    <div class="product-info">
	  	    <div class="product-name-wrapper">
	  		    <a href="/Food/Pantry/Chips-%26-Salty-Snacks/Potato-Chips/Pringles-Mega-Can-BBQ-Flavour/p/21074305_EA" class="product-name" aria-label="Product page for Mega Can BBQ Flavour" >
	  			    <span class="js-product-entry-brand">Pringles&nbsp;</span>

	  			    

	  			    <span class="js-product-entry-name">Mega Can BBQ Flavour</span>

	  			    <span class="js-product-entry-size-detail">(202 g)</span>

	  		    </a>
	  	    </div>
	  	    
	  	    
	  		    
	  		    
	  			    



	
	
		
		<span class="ad-match-badge  hidden">Ad Match</span>
	

	  				
	  			        
	  					
	  				        
	  					
	  				
	  		    
	  	    

	  	    <div class="price">
			    <div class="price-wrapper no-discount  ">
				    <span class="reg-price  " aria-label="Regular Price: $2.98">
					    <span class="reg-price-text">$2.98</span>
					    
					    <sup class="reg-price-unit">ea</sup>
				    </span>
				    <span class="sale-price hidden" aria-label="Sale Price:">
					    <span class="sale-price-text"></span>
					    <sup class="sale-price-unit">ea</sup>
				    </span>
				    
				    <span class="secondary-price hidden">
					    
					    <span class="secondary-price-text" aria-label="Secondary Price:"></span>
				    </span>
			    </div>
	  	    </div>

	  	    <div class="qty">
	  		    <span class="reg-qty  ">
		
			
		  	
		  		<span class="sr-only">Sale Price Per Unit:</span>
        $1.48
        /
        100
        g
		  	
	  	
	</span>

	<span class="sale-qty hidden">
		
			
		  	
		  		<span class="sr-only">Sale Price Per Unit:</span>
        $1.48
        /
        100
        g
		  	
	  	
	</span>

	<span class="secondary-qty hidden">
		
	  	<span class="secondary-qty-text"></span>
	</span>
	  	    </div>
	    </div>


	    

	    
	</div>
	<form class="form-product  quickview-btn-simple"
	  data-product-id="21074305_EA"
	  data-min-qty="1.0"
	  data-max-qty="999.0"
	  data-unit-type="ea"
	  data-cart-qty="1"
	  data-default-qty="1"
	  novalidate="novalidate"
	  promoCode=""
	  promoNumber=""
	  data-is-customized="false"
	  data-cart-url="/cart/product/21074305_EA"
	  data-csrf-token="5582ec01-90c0-448b-b4f7-e2cf68d9f8a0"
	  data-is-weighted-product="false">

	<div class="module-add-to-cart " data-change-type="plus" data-auto-edit="true" data-auto-add="true"
		 data-cart-ajax-url="/cart/updateCart">
		<div class="wrapper-add-to-cart-btn">
					<div class="module-add-to-cart-button-small">
							<button type="button" class="btn btn-secondary btn-add-to-cart " data-auid="add-to-cart-button" data-has-pts-badge="false" aria-label="Add Mega Can BBQ Flavour to cart">
										<span class="icon-cart"></span>
										<span class="add-to-cart-text">
											Add</span>
									</button>
									<button type="button" class="btn btn-secondary btn-edit-cart hidden " aria-label="Edit Cart">
										<span class="qty-in-cart"></span>
										<span class="edit-cart-text">
											<spring code="product.edit.text" />"
										</span>
									</button>
								<div class="add-list-parent add-list-module  bottom-add-list-module ">
	<button class="btn btn-inline-link btn-save-to-list  dark is-btn-animated" 
	  data-login-url="/account/login?productCode=21074305_EA" 
	  data-ajax-url="/restful/lists/all?productCode=21074305_EA" 
	  data-user-guest="Y" 
	  data-user-guest="Y" data-product-code="21074305_EA" 
	  data-delete-item="false"
	  aria-label="Add Mega Can BBQ Flavour to a List">
	  <span class="glyphicon glyphicon-th-list"></span>
	  <div class="list-cta-text  is-btn-animated">Add to List</div>
	</button>
	 
	<!-- this is the list HTML   -->
	<div class="save-to-list-popup  is-btn-animated animation-up dark" 
	  data-save-to-list-error="Can not get lists at this time. Please try again later."
	  data-product-name="Mega Can BBQ Flavour">
	  <div class="inner-container">
	  </div>
	  
	</div>
</div>

</div>
				</div>
			</div>


	<div class="module-plus-minus-buttons small hidden ">
			<button type="button" class="btn cart-change-qty" data-change-type="minus" data-auid="decrease-product-quantity" alt="Minus" aria-label="Minus">
				<span class="icon-minimize"></span>
			</button>
			<div class="plus-minus-input-wrapper">
				<input class="input-qty cart-change-qty" aria-label="Enter manual quantity" type="text" name="qty" title="Change quantity in cart"
							data-unit-type="ea"
							value="1ea" data-change-type="equals"
							maxlength="7">

						<span class="input-qty-pretty">
							<span class="input-qty-pretty-value">1</span>
							<span class="input-qty-pretty-unit"></span>
						</span>
					</div>

			<button type="button" class="btn cart-change-qty" data-change-type="plus" data-auid="increase-product-quantity" alt="Plus" aria-label="Plus">
				<span class="icon-plus-sign"></span>
			</button>

			<p class="deal-limit-reached hidden">Deal Limit Reached</p>

			<div class="tooltip-qty-error tooltip-qty-limit hidden">
				<p>
					Limit to
					&nbsp;
					999
					&nbsp;each&nbsp;
					per customer.</p>
			</div>
			<div class="tooltip-qty-error tooltip-round-error hidden">
				<p>
					We do not have this in the weight you wanted. We've rounded your order to the nearest weight increment we stock.</p>
			</div>
		</div>
	</form>

<!-- End Template: AddToCartSmall -->

</div>
</div>
<div class="item">
		






































	


	



	
	
		
		
		
		
			
		
	





























<div class="module-grocery-product quickview-simple  clicked" data-quickview-ajax-url="/p/20810497004_EA/quickViewProduct" data-product-id="20810497004_EA"  data-product-price="$1.68">
    
	
	
		<span class="subtitle"></span>
	

	<div class="product-page-hotspot">
	    <div class="product-cell quickview-button">
	  	    <div class="product-image ">
                
	  		    <img src="https://assets.shop.loblaws.ca/products/20810497004/b1/en/front/20810497004_front_a01.png" onerror="this.src='https://assets.shop.loblaws.ca/products/NoImage/b1/en/front/NoImage_front_a01_@2.png';" alt="Kettle Cooked Potato Chips, Jalapeño" />
                
	  			    
	  			        <span class="sticker deal">
	  				        <span class="deal-badge">
	  				            
	  			                
	  				            

	  				            <span class="module-deal-badge module-deal-badge-grid simple-save-unit "
	  						        data-deal-type="SAVE $0.80"
	  						        data-ajax-promo-url="/simpleDeal/deals/product-tile?productCode=20810497004_EA"
	  						        data-deal-id="20810497004_EA">
	  						        <span class="deal-type">SAVE $0.80</span>
	  						            








	<span class="deal-expiry">
		Exp. 01/03
	</span>

	  					                
	  				            </span>
	  			            </span>
	  		            </span>
	  			        
	  	            
	  	        
                
                    
                

	  		    

	  		    

	  		    

	  		    <div class="hover-text-container">
	  			    <button href="#" tabindex="0" class="hover-text " aria-label="Quick View for Kettle Cooked Potato Chips, Jalapeño.">Quick View</button>
	  		    </div>
	  	    </div>
	    </div>

	    <div class="product-in-cart">
	  	    <div class="wrapper-product-in-cart">
	  		    <span>
	  			    In Cart
	  		    </span>
	  	    </div>
	    </div>

	    <div class="product-info">
	  	    <div class="product-name-wrapper">
	  		    <a href="/Food/Pantry/Chips-%26-Salty-Snacks/Potato-Chips/Kettle-Cooked-Potato-Chips%2C-Jalape%C3%B1o/p/20810497004_EA" class="product-name" aria-label="Product page for Kettle Cooked Potato Chips, Jalapeño" >
	  			    <span class="js-product-entry-brand">President's Choice&nbsp;</span>

	  			    

	  			    <span class="js-product-entry-name">Kettle Cooked Potato Chips, Jalapeño</span>

	  			    <span class="js-product-entry-size-detail">(220 g)</span>

	  		    </a>
	  	    </div>
	  	    
	  	    
	  		    
	  		    
	  			    



	
	
		
		<span class="ad-match-badge  hidden">Ad Match</span>
	

	  				
	  			        
	  					
	  				        
	  					
	  				
	  		    
	  	    

	  	    <div class="price">
			    <div class="price-wrapper discount promo-alert ">
				    <span class="reg-price  price-alert" aria-label="Regular Price: $1.68">
					    <span class="reg-price-text">$1.68</span>
					    
					    <sup class="reg-price-unit">ea</sup>
				    </span>
				    <span class="sale-price hidden" aria-label="Sale Price:">
					    <span class="sale-price-text"></span>
					    <sup class="sale-price-unit">ea</sup>
				    </span>
				    
					    <span class="old-price" aria-label="Original Price: $2.48">
						    <span class="old-price-text">$2.48</span>
					    </span>
				    
				    <span class="secondary-price hidden">
					    
					    <span class="secondary-price-text" aria-label="Secondary Price:"></span>
				    </span>
			    </div>
	  	    </div>

	  	    <div class="qty">
	  		    <span class="reg-qty  price-alert">
		
			
		  	
		  		<span class="sr-only">Sale Price Per Unit:</span>
        $0.76
        /
        100
        g
		  	
	  	
	</span>

	<span class="sale-qty hidden">
		
			
		  	
		  		<span class="sr-only">Sale Price Per Unit:</span>
        $0.76
        /
        100
        g
		  	
	  	
	</span>

	<span class="secondary-qty hidden">
		
	  	<span class="secondary-qty-text"></span>
	</span>
	  	    </div>
	    </div>


	    

	    
	</div>
	<form class="form-product  quickview-btn-simple"
	  data-product-id="20810497004_EA"
	  data-min-qty="1.0"
	  data-max-qty="999.0"
	  data-unit-type="ea"
	  data-cart-qty="1"
	  data-default-qty="1"
	  novalidate="novalidate"
	  promoCode=""
	  promoNumber=""
	  data-is-customized="false"
	  data-cart-url="/cart/product/20810497004_EA"
	  data-csrf-token="5582ec01-90c0-448b-b4f7-e2cf68d9f8a0"
	  data-is-weighted-product="false">

	<div class="module-add-to-cart " data-change-type="plus" data-auto-edit="true" data-auto-add="true"
		 data-cart-ajax-url="/cart/updateCart">
		<div class="wrapper-add-to-cart-btn">
					<div class="module-add-to-cart-button-small">
							<button type="button" class="btn btn-secondary btn-add-to-cart " data-auid="add-to-cart-button" data-has-pts-badge="false" aria-label="Add Kettle Cooked Potato Chips, Jalapeño to cart">
										<span class="icon-cart"></span>
										<span class="add-to-cart-text">
											Add</span>
									</button>
									<button type="button" class="btn btn-secondary btn-edit-cart hidden " aria-label="Edit Cart">
										<span class="qty-in-cart"></span>
										<span class="edit-cart-text">
											<spring code="product.edit.text" />"
										</span>
									</button>
								<div class="add-list-parent add-list-module  bottom-add-list-module ">
	<button class="btn btn-inline-link btn-save-to-list  dark is-btn-animated" 
	  data-login-url="/account/login?productCode=20810497004_EA" 
	  data-ajax-url="/restful/lists/all?productCode=20810497004_EA" 
	  data-user-guest="Y" 
	  data-user-guest="Y" data-product-code="20810497004_EA" 
	  data-delete-item="false"
	  aria-label="Add Kettle Cooked Potato Chips, Jalapeño to a List">
	  <span class="glyphicon glyphicon-th-list"></span>
	  <div class="list-cta-text  is-btn-animated">Add to List</div>
	</button>
	 
	<!-- this is the list HTML   -->
	<div class="save-to-list-popup  is-btn-animated animation-up dark" 
	  data-save-to-list-error="Can not get lists at this time. Please try again later."
	  data-product-name="Kettle Cooked Potato Chips, Jalapeño">
	  <div class="inner-container">
	  </div>
	  
	</div>
</div>

</div>
				</div>
			</div>


	<div class="module-plus-minus-buttons small hidden ">
			<button type="button" class="btn cart-change-qty" data-change-type="minus" data-auid="decrease-product-quantity" alt="Minus" aria-label="Minus">
				<span class="icon-minimize"></span>
			</button>
			<div class="plus-minus-input-wrapper">
				<input class="input-qty cart-change-qty" aria-label="Enter manual quantity" type="text" name="qty" title="Change quantity in cart"
							data-unit-type="ea"
							value="1ea" data-change-type="equals"
							maxlength="7">

						<span class="input-qty-pretty">
							<span class="input-qty-pretty-value">1</span>
							<span class="input-qty-pretty-unit"></span>
						</span>
					</div>

			<button type="button" class="btn cart-change-qty" data-change-type="plus" data-auid="increase-product-quantity" alt="Plus" aria-label="Plus">
				<span class="icon-plus-sign"></span>
			</button>

			<p class="deal-limit-reached hidden">Deal Limit Reached</p>

			<div class="tooltip-qty-error tooltip-qty-limit hidden">
				<p>
					Limit to
					&nbsp;
					999
					&nbsp;each&nbsp;
					per customer.</p>
			</div>
			<div class="tooltip-qty-error tooltip-round-error hidden">
				<p>
					We do not have this in the weight you wanted. We've rounded your order to the nearest weight increment we stock.</p>
			</div>
		</div>
	</form>

<!-- End Template: AddToCartSmall -->

</div>
</div>
<div class="item">
		









































	
	
		
		
		
		
			
		
	





























<div class="module-grocery-product quickview-simple  clicked" data-quickview-ajax-url="/p/20501492_EA/quickViewProduct" data-product-id="20501492_EA"  data-product-price="$1.18">
    
	
	
		<span class="subtitle"></span>
	

	<div class="product-page-hotspot">
	    <div class="product-cell quickview-button">
	  	    <div class="product-image ">
                
	  		    <img src="https://assets.shop.loblaws.ca/products/20501492/b1/en/front/20501492_front_a01.png" onerror="this.src='https://assets.shop.loblaws.ca/products/NoImage/b1/en/front/NoImage_front_a01_@2.png';" alt="Ripple Cut Potato Chips, Lightly Salted" />
                
	  			    
	  	        
                
                    
                

	  		    

	  		    

	  		    

	  		    <div class="hover-text-container">
	  			    <button href="#" tabindex="0" class="hover-text " aria-label="Quick View for Ripple Cut Potato Chips, Lightly Salted.">Quick View</button>
	  		    </div>
	  	    </div>
	    </div>

	    <div class="product-in-cart">
	  	    <div class="wrapper-product-in-cart">
	  		    <span>
	  			    In Cart
	  		    </span>
	  	    </div>
	    </div>

	    <div class="product-info">
	  	    <div class="product-name-wrapper">
	  		    <a href="/Food/Pantry/Chips-%26-Salty-Snacks/Potato-Chips/Ripple-Cut-Potato-Chips%2C-Lightly-Salted/p/20501492_EA" class="product-name" aria-label="Product page for Ripple Cut Potato Chips, Lightly Salted" >
	  			    <span class="js-product-entry-brand">No Name&nbsp;</span>

	  			    

	  			    <span class="js-product-entry-name">Ripple Cut Potato Chips, Lightly Salted</span>

	  			    <span class="js-product-entry-size-detail">(200 g)</span>

	  		    </a>
	  	    </div>
	  	    
	  	    
	  		    
	  		    
	  			    



	
	
		
		<span class="ad-match-badge  hidden">Ad Match</span>
	

	  				
	  			        
	  					
	  				        
	  					
	  				
	  		    
	  	    

	  	    <div class="price">
			    <div class="price-wrapper no-discount  ">
				    <span class="reg-price  " aria-label="Regular Price: $1.18">
					    <span class="reg-price-text">$1.18</span>
					    
					    <sup class="reg-price-unit">ea</sup>
				    </span>
				    <span class="sale-price hidden" aria-label="Sale Price:">
					    <span class="sale-price-text"></span>
					    <sup class="sale-price-unit">ea</sup>
				    </span>
				    
				    <span class="secondary-price hidden">
					    
					    <span class="secondary-price-text" aria-label="Secondary Price:"></span>
				    </span>
			    </div>
	  	    </div>

	  	    <div class="qty">
	  		    <span class="reg-qty  ">
		
			
		  	
		  		<span class="sr-only">Sale Price Per Unit:</span>
        $0.59
        /
        100
        g
		  	
	  	
	</span>

	<span class="sale-qty hidden">
		
			
		  	
		  		<span class="sr-only">Sale Price Per Unit:</span>
        $0.59
        /
        100
        g
		  	
	  	
	</span>

	<span class="secondary-qty hidden">
		
	  	<span class="secondary-qty-text"></span>
	</span>
	  	    </div>
	    </div>


	    

	    
	</div>
	<form class="form-product  quickview-btn-simple"
	  data-product-id="20501492_EA"
	  data-min-qty="1.0"
	  data-max-qty="999.0"
	  data-unit-type="ea"
	  data-cart-qty="1"
	  data-default-qty="1"
	  novalidate="novalidate"
	  promoCode=""
	  promoNumber=""
	  data-is-customized="false"
	  data-cart-url="/cart/product/20501492_EA"
	  data-csrf-token="5582ec01-90c0-448b-b4f7-e2cf68d9f8a0"
	  data-is-weighted-product="false">

	<div class="module-add-to-cart " data-change-type="plus" data-auto-edit="true" data-auto-add="true"
		 data-cart-ajax-url="/cart/updateCart">
		<div class="wrapper-add-to-cart-btn">
					<div class="module-add-to-cart-button-small">
							<button type="button" class="btn btn-secondary btn-add-to-cart " data-auid="add-to-cart-button" data-has-pts-badge="false" aria-label="Add Ripple Cut Potato Chips, Lightly Salted to cart">
										<span class="icon-cart"></span>
										<span class="add-to-cart-text">
											Add</span>
									</button>
									<button type="button" class="btn btn-secondary btn-edit-cart hidden " aria-label="Edit Cart">
										<span class="qty-in-cart"></span>
										<span class="edit-cart-text">
											<spring code="product.edit.text" />"
										</span>
									</button>
								<div class="add-list-parent add-list-module  bottom-add-list-module ">
	<button class="btn btn-inline-link btn-save-to-list  dark is-btn-animated" 
	  data-login-url="/account/login?productCode=20501492_EA" 
	  data-ajax-url="/restful/lists/all?productCode=20501492_EA" 
	  data-user-guest="Y" 
	  data-user-guest="Y" data-product-code="20501492_EA" 
	  data-delete-item="false"
	  aria-label="Add Ripple Cut Potato Chips, Lightly Salted to a List">
	  <span class="glyphicon glyphicon-th-list"></span>
	  <div class="list-cta-text  is-btn-animated">Add to List</div>
	</button>
	 
	<!-- this is the list HTML   -->
	<div class="save-to-list-popup  is-btn-animated animation-up dark" 
	  data-save-to-list-error="Can not get lists at this time. Please try again later."
	  data-product-name="Ripple Cut Potato Chips, Lightly Salted">
	  <div class="inner-container">
	  </div>
	  
	</div>
</div>

</div>
				</div>
			</div>


	<div class="module-plus-minus-buttons small hidden ">
			<button type="button" class="btn cart-change-qty" data-change-type="minus" data-auid="decrease-product-quantity" alt="Minus" aria-label="Minus">
				<span class="icon-minimize"></span>
			</button>
			<div class="plus-minus-input-wrapper">
				<input class="input-qty cart-change-qty" aria-label="Enter manual quantity" type="text" name="qty" title="Change quantity in cart"
							data-unit-type="ea"
							value="1ea" data-change-type="equals"
							maxlength="7">

						<span class="input-qty-pretty">
							<span class="input-qty-pretty-value">1</span>
							<span class="input-qty-pretty-unit"></span>
						</span>
					</div>

			<button type="button" class="btn cart-change-qty" data-change-type="plus" data-auid="increase-product-quantity" alt="Plus" aria-label="Plus">
				<span class="icon-plus-sign"></span>
			</button>

			<p class="deal-limit-reached hidden">Deal Limit Reached</p>

			<div class="tooltip-qty-error tooltip-qty-limit hidden">
				<p>
					Limit to
					&nbsp;
					999
					&nbsp;each&nbsp;
					per customer.</p>
			</div>
			<div class="tooltip-qty-error tooltip-round-error hidden">
				<p>
					We do not have this in the weight you wanted. We've rounded your order to the nearest weight increment we stock.</p>
			</div>
		</div>
	</form>

<!-- End Template: AddToCartSmall -->

</div>
</div>
<div class="item">
		









































	
	
		
		
		
		
			
		
	





























<div class="module-grocery-product quickview-simple  clicked" data-quickview-ajax-url="/p/20043910_EA/quickViewProduct" data-product-id="20043910_EA"  data-product-price="$0.98">
    
	
	
		<span class="subtitle"></span>
	

	<div class="product-page-hotspot">
	    <div class="product-cell quickview-button">
	  	    <div class="product-image ">
                
	  		    <img src="https://assets.shop.loblaws.ca/products/20043910/b1/en/front/20043910_front_a01.png" onerror="this.src='https://assets.shop.loblaws.ca/products/NoImage/b1/en/front/NoImage_front_a01_@2.png';" alt="Boy Bawang, Hot Garlic" />
                
	  			    
	  	        
                
                    
                

	  		    

	  		    

	  		    

	  		    <div class="hover-text-container">
	  			    <button href="#" tabindex="0" class="hover-text " aria-label="Quick View for Boy Bawang, Hot Garlic.">Quick View</button>
	  		    </div>
	  	    </div>
	    </div>

	    <div class="product-in-cart">
	  	    <div class="wrapper-product-in-cart">
	  		    <span>
	  			    In Cart
	  		    </span>
	  	    </div>
	    </div>

	    <div class="product-info">
	  	    <div class="product-name-wrapper">
	  		    <a href="/Food/Pantry/Chips-%26-Salty-Snacks/Pretzels-%26-Snack-Mixes/Bits-%26-Bites-BITS-%26-BITES-Boy-Bawang%2C-Hot-Garlic/p/20043910_EA" class="product-name" aria-label="Product page for Boy Bawang, Hot Garlic" >
	  			    <span class="js-product-entry-brand">Bits & Bites&nbsp;</span>

	  			    

	  			    <span class="js-product-entry-name">Boy Bawang, Hot Garlic</span>

	  			    <span class="js-product-entry-size-detail">(100 g)</span>

	  		    </a>
	  	    </div>
	  	    
	  	    
	  		    
	  		    
	  			    



	
	
		
		<span class="ad-match-badge  hidden">Ad Match</span>
	

	  				
	  			        
	  					
	  				        
	  					
	  				
	  		    
	  	    

	  	    <div class="price">
			    <div class="price-wrapper no-discount  ">
				    <span class="reg-price  " aria-label="Regular Price: $0.98">
					    <span class="reg-price-text">$0.98</span>
					    
					    <sup class="reg-price-unit">ea</sup>
				    </span>
				    <span class="sale-price hidden" aria-label="Sale Price:">
					    <span class="sale-price-text"></span>
					    <sup class="sale-price-unit">ea</sup>
				    </span>
				    
				    <span class="secondary-price hidden">
					    
					    <span class="secondary-price-text" aria-label="Secondary Price:"></span>
				    </span>
			    </div>
	  	    </div>

	  	    <div class="qty">
	  		    <span class="reg-qty  ">
		
			
		  	
		  		<span class="sr-only">Sale Price Per Unit:</span>
        $0.98
        /
        100
        g
		  	
	  	
	</span>

	<span class="sale-qty hidden">
		
			
		  	
		  		<span class="sr-only">Sale Price Per Unit:</span>
        $0.98
        /
        100
        g
		  	
	  	
	</span>

	<span class="secondary-qty hidden">
		
	  	<span class="secondary-qty-text"></span>
	</span>
	  	    </div>
	    </div>


	    

	    
	</div>
	<form class="form-product  quickview-btn-simple"
	  data-product-id="20043910_EA"
	  data-min-qty="1.0"
	  data-max-qty="999.0"
	  data-unit-type="ea"
	  data-cart-qty="1"
	  data-default-qty="1"
	  novalidate="novalidate"
	  promoCode=""
	  promoNumber=""
	  data-is-customized="false"
	  data-cart-url="/cart/product/20043910_EA"
	  data-csrf-token="5582ec01-90c0-448b-b4f7-e2cf68d9f8a0"
	  data-is-weighted-product="false">

	<div class="module-add-to-cart " data-change-type="plus" data-auto-edit="true" data-auto-add="true"
		 data-cart-ajax-url="/cart/updateCart">
		<div class="wrapper-add-to-cart-btn">
					<div class="module-add-to-cart-button-small">
							<button type="button" class="btn btn-secondary btn-add-to-cart " data-auid="add-to-cart-button" data-has-pts-badge="false" aria-label="Add Boy Bawang, Hot Garlic to cart">
										<span class="icon-cart"></span>
										<span class="add-to-cart-text">
											Add</span>
									</button>
									<button type="button" class="btn btn-secondary btn-edit-cart hidden " aria-label="Edit Cart">
										<span class="qty-in-cart"></span>
										<span class="edit-cart-text">
											<spring code="product.edit.text" />"
										</span>
									</button>
								<div class="add-list-parent add-list-module  bottom-add-list-module ">
	<button class="btn btn-inline-link btn-save-to-list  dark is-btn-animated" 
	  data-login-url="/account/login?productCode=20043910_EA" 
	  data-ajax-url="/restful/lists/all?productCode=20043910_EA" 
	  data-user-guest="Y" 
	  data-user-guest="Y" data-product-code="20043910_EA" 
	  data-delete-item="false"
	  aria-label="Add Boy Bawang, Hot Garlic to a List">
	  <span class="glyphicon glyphicon-th-list"></span>
	  <div class="list-cta-text  is-btn-animated">Add to List</div>
	</button>
	 
	<!-- this is the list HTML   -->
	<div class="save-to-list-popup  is-btn-animated animation-up dark" 
	  data-save-to-list-error="Can not get lists at this time. Please try again later."
	  data-product-name="Boy Bawang, Hot Garlic">
	  <div class="inner-container">
	  </div>
	  
	</div>
</div>

</div>
				</div>
			</div>


	<div class="module-plus-minus-buttons small hidden ">
			<button type="button" class="btn cart-change-qty" data-change-type="minus" data-auid="decrease-product-quantity" alt="Minus" aria-label="Minus">
				<span class="icon-minimize"></span>
			</button>
			<div class="plus-minus-input-wrapper">
				<input class="input-qty cart-change-qty" aria-label="Enter manual quantity" type="text" name="qty" title="Change quantity in cart"
							data-unit-type="ea"
							value="1ea" data-change-type="equals"
							maxlength="7">

						<span class="input-qty-pretty">
							<span class="input-qty-pretty-value">1</span>
							<span class="input-qty-pretty-unit"></span>
						</span>
					</div>

			<button type="button" class="btn cart-change-qty" data-change-type="plus" data-auid="increase-product-quantity" alt="Plus" aria-label="Plus">
				<span class="icon-plus-sign"></span>
			</button>

			<p class="deal-limit-reached hidden">Deal Limit Reached</p>

			<div class="tooltip-qty-error tooltip-qty-limit hidden">
				<p>
					Limit to
					&nbsp;
					999
					&nbsp;each&nbsp;
					per customer.</p>
			</div>
			<div class="tooltip-qty-error tooltip-round-error hidden">
				<p>
					We do not have this in the weight you wanted. We've rounded your order to the nearest weight increment we stock.</p>
			</div>
		</div>
	</form>

<!-- End Template: AddToCartSmall -->

</div>
</div>
<div class="item">
		









































	
	
		
		
		
		
			
		
	





























<div class="module-grocery-product quickview-simple  clicked" data-quickview-ajax-url="/p/20712036002_EA/quickViewProduct" data-product-id="20712036002_EA"  data-product-price="$2.88">
    
	
	
		<span class="subtitle"></span>
	

	<div class="product-page-hotspot">
	    <div class="product-cell quickview-button">
	  	    <div class="product-image ">
                
	  		    <img src="https://assets.shop.loblaws.ca/products/20712036002/b1/en/front/20712036002_front_a01.png" onerror="this.src='https://assets.shop.loblaws.ca/products/NoImage/b1/en/front/NoImage_front_a01_@2.png';" alt="Potato Chips, Ketchup" />
                
	  			    
	  	        
                
                    
                

	  		    

	  		    

	  		    

	  		    <div class="hover-text-container">
	  			    <button href="#" tabindex="0" class="hover-text " aria-label="Quick View for Potato Chips, Ketchup.">Quick View</button>
	  		    </div>
	  	    </div>
	    </div>

	    <div class="product-in-cart">
	  	    <div class="wrapper-product-in-cart">
	  		    <span>
	  			    In Cart
	  		    </span>
	  	    </div>
	    </div>

	    <div class="product-info">
	  	    <div class="product-name-wrapper">
	  		    <a href="/Food/Pantry/Chips-%26-Salty-Snacks/Potato-Chips/Old-Dutch-Potato-Chips%2C-Ketchup/p/20712036002_EA" class="product-name" aria-label="Product page for Potato Chips, Ketchup" >
	  			    <span class="js-product-entry-brand">Old Dutch&nbsp;</span>

	  			    

	  			    <span class="js-product-entry-name">Potato Chips, Ketchup</span>

	  			    <span class="js-product-entry-size-detail">(220 g)</span>

	  		    </a>
	  	    </div>
	  	    
	  	    
	  		    
	  		    
	  			    



	
	
		
		<span class="ad-match-badge  hidden">Ad Match</span>
	

	  				
	  			        
	  					
	  				        
	  					
	  				
	  		    
	  	    

	  	    <div class="price">
			    <div class="price-wrapper no-discount  ">
				    <span class="reg-price  " aria-label="Regular Price: $2.88">
					    <span class="reg-price-text">$2.88</span>
					    
					    <sup class="reg-price-unit">ea</sup>
				    </span>
				    <span class="sale-price hidden" aria-label="Sale Price:">
					    <span class="sale-price-text"></span>
					    <sup class="sale-price-unit">ea</sup>
				    </span>
				    
				    <span class="secondary-price hidden">
					    
					    <span class="secondary-price-text" aria-label="Secondary Price:"></span>
				    </span>
			    </div>
	  	    </div>

	  	    <div class="qty">
	  		    <span class="reg-qty  ">
		
			
		  	
		  		<span class="sr-only">Sale Price Per Unit:</span>
        $1.31
        /
        100
        g
		  	
	  	
	</span>

	<span class="sale-qty hidden">
		
			
		  	
		  		<span class="sr-only">Sale Price Per Unit:</span>
        $1.31
        /
        100
        g
		  	
	  	
	</span>

	<span class="secondary-qty hidden">
		
	  	<span class="secondary-qty-text"></span>
	</span>
	  	    </div>
	    </div>


	    

	    
	</div>
	<form class="form-product  quickview-btn-simple"
	  data-product-id="20712036002_EA"
	  data-min-qty="1.0"
	  data-max-qty="999.0"
	  data-unit-type="ea"
	  data-cart-qty="1"
	  data-default-qty="1"
	  novalidate="novalidate"
	  promoCode=""
	  promoNumber=""
	  data-is-customized="false"
	  data-cart-url="/cart/product/20712036002_EA"
	  data-csrf-token="5582ec01-90c0-448b-b4f7-e2cf68d9f8a0"
	  data-is-weighted-product="false">

	<div class="module-add-to-cart " data-change-type="plus" data-auto-edit="true" data-auto-add="true"
		 data-cart-ajax-url="/cart/updateCart">
		<div class="wrapper-add-to-cart-btn">
					<div class="module-add-to-cart-button-small">
							<button type="button" class="btn btn-secondary btn-add-to-cart " data-auid="add-to-cart-button" data-has-pts-badge="false" aria-label="Add Potato Chips, Ketchup to cart">
										<span class="icon-cart"></span>
										<span class="add-to-cart-text">
											Add</span>
									</button>
									<button type="button" class="btn btn-secondary btn-edit-cart hidden " aria-label="Edit Cart">
										<span class="qty-in-cart"></span>
										<span class="edit-cart-text">
											<spring code="product.edit.text" />"
										</span>
									</button>
								<div class="add-list-parent add-list-module  bottom-add-list-module ">
	<button class="btn btn-inline-link btn-save-to-list  dark is-btn-animated" 
	  data-login-url="/account/login?productCode=20712036002_EA" 
	  data-ajax-url="/restful/lists/all?productCode=20712036002_EA" 
	  data-user-guest="Y" 
	  data-user-guest="Y" data-product-code="20712036002_EA" 
	  data-delete-item="false"
	  aria-label="Add Potato Chips, Ketchup to a List">
	  <span class="glyphicon glyphicon-th-list"></span>
	  <div class="list-cta-text  is-btn-animated">Add to List</div>
	</button>
	 
	<!-- this is the list HTML   -->
	<div class="save-to-list-popup  is-btn-animated animation-up dark" 
	  data-save-to-list-error="Can not get lists at this time. Please try again later."
	  data-product-name="Potato Chips, Ketchup">
	  <div class="inner-container">
	  </div>
	  
	</div>
</div>

</div>
				</div>
			</div>


	<div class="module-plus-minus-buttons small hidden ">
			<button type="button" class="btn cart-change-qty" data-change-type="minus" data-auid="decrease-product-quantity" alt="Minus" aria-label="Minus">
				<span class="icon-minimize"></span>
			</button>
			<div class="plus-minus-input-wrapper">
				<input class="input-qty cart-change-qty" aria-label="Enter manual quantity" type="text" name="qty" title="Change quantity in cart"
							data-unit-type="ea"
							value="1ea" data-change-type="equals"
							maxlength="7">

						<span class="input-qty-pretty">
							<span class="input-qty-pretty-value">1</span>
							<span class="input-qty-pretty-unit"></span>
						</span>
					</div>

			<button type="button" class="btn cart-change-qty" data-change-type="plus" data-auid="increase-product-quantity" alt="Plus" aria-label="Plus">
				<span class="icon-plus-sign"></span>
			</button>

			<p class="deal-limit-reached hidden">Deal Limit Reached</p>

			<div class="tooltip-qty-error tooltip-qty-limit hidden">
				<p>
					Limit to
					&nbsp;
					999
					&nbsp;each&nbsp;
					per customer.</p>
			</div>
			<div class="tooltip-qty-error tooltip-round-error hidden">
				<p>
					We do not have this in the weight you wanted. We've rounded your order to the nearest weight increment we stock.</p>
			</div>
		</div>
	</form>

<!-- End Template: AddToCartSmall -->

</div>
</div>
<div class="item">
		









































	
	
		
		
		
		
			
		
	





























<div class="module-grocery-product quickview-simple  clicked" data-quickview-ajax-url="/p/20860418_EA/quickViewProduct" data-product-id="20860418_EA"  data-product-price="$3.28">
    
	
	
		<span class="subtitle"></span>
	

	<div class="product-page-hotspot">
	    <div class="product-cell quickview-button">
	  	    <div class="product-image ">
                
	  		    <img src="https://assets.shop.loblaws.ca/products/20860418/b1/en/front/20860418_front_a01.png" onerror="this.src='https://assets.shop.loblaws.ca/products/NoImage/b1/en/front/NoImage_front_a01_@2.png';" alt="Cheese Pleesers" />
                
	  			    
	  	        
                
                    
                

	  		    

	  		    

	  		    

	  		    <div class="hover-text-container">
	  			    <button href="#" tabindex="0" class="hover-text " aria-label="Quick View for Cheese Pleesers.">Quick View</button>
	  		    </div>
	  	    </div>
	    </div>

	    <div class="product-in-cart">
	  	    <div class="wrapper-product-in-cart">
	  		    <span>
	  			    In Cart
	  		    </span>
	  	    </div>
	    </div>

	    <div class="product-info">
	  	    <div class="product-name-wrapper">
	  		    <a href="/Food/Pantry/Chips-%26-Salty-Snacks/Potato-Chips/Old-Dutch-Cheese-Pleesers/p/20860418_EA" class="product-name" aria-label="Product page for Cheese Pleesers" >
	  			    <span class="js-product-entry-brand">Old Dutch&nbsp;</span>

	  			    

	  			    <span class="js-product-entry-name">Cheese Pleesers</span>

	  			    <span class="js-product-entry-size-detail">(265 g)</span>

	  		    </a>
	  	    </div>
	  	    
	  	    
	  		    
	  		    
	  			    



	
	
		
		<span class="ad-match-badge  hidden">Ad Match</span>
	

	  				
	  			        
	  					
	  				        
	  					
	  				
	  		    
	  	    

	  	    <div class="price">
			    <div class="price-wrapper no-discount  ">
				    <span class="reg-price  " aria-label="Regular Price: $3.28">
					    <span class="reg-price-text">$3.28</span>
					    
					    <sup class="reg-price-unit">ea</sup>
				    </span>
				    <span class="sale-price hidden" aria-label="Sale Price:">
					    <span class="sale-price-text"></span>
					    <sup class="sale-price-unit">ea</sup>
				    </span>
				    
				    <span class="secondary-price hidden">
					    
					    <span class="secondary-price-text" aria-label="Secondary Price:"></span>
				    </span>
			    </div>
	  	    </div>

	  	    <div class="qty">
	  		    <span class="reg-qty  ">
		
			
		  	
		  		<span class="sr-only">Sale Price Per Unit:</span>
        $1.13
        /
        100
        g
		  	
	  	
	</span>

	<span class="sale-qty hidden">
		
			
		  	
		  		<span class="sr-only">Sale Price Per Unit:</span>
        $1.13
        /
        100
        g
		  	
	  	
	</span>

	<span class="secondary-qty hidden">
		
	  	<span class="secondary-qty-text"></span>
	</span>
	  	    </div>
	    </div>


	    

	    
	</div>
	<form class="form-product  quickview-btn-simple"
	  data-product-id="20860418_EA"
	  data-min-qty="1.0"
	  data-max-qty="999.0"
	  data-unit-type="ea"
	  data-cart-qty="1"
	  data-default-qty="1"
	  novalidate="novalidate"
	  promoCode=""
	  promoNumber=""
	  data-is-customized="false"
	  data-cart-url="/cart/product/20860418_EA"
	  data-csrf-token="5582ec01-90c0-448b-b4f7-e2cf68d9f8a0"
	  data-is-weighted-product="false">

	<div class="module-add-to-cart " data-change-type="plus" data-auto-edit="true" data-auto-add="true"
		 data-cart-ajax-url="/cart/updateCart">
		<div class="wrapper-add-to-cart-btn">
					<div class="module-add-to-cart-button-small">
							<button type="button" class="btn btn-secondary btn-add-to-cart " data-auid="add-to-cart-button" data-has-pts-badge="false" aria-label="Add Cheese Pleesers to cart">
										<span class="icon-cart"></span>
										<span class="add-to-cart-text">
											Add</span>
									</button>
									<button type="button" class="btn btn-secondary btn-edit-cart hidden " aria-label="Edit Cart">
										<span class="qty-in-cart"></span>
										<span class="edit-cart-text">
											<spring code="product.edit.text" />"
										</span>
									</button>
								<div class="add-list-parent add-list-module  bottom-add-list-module ">
	<button class="btn btn-inline-link btn-save-to-list  dark is-btn-animated" 
	  data-login-url="/account/login?productCode=20860418_EA" 
	  data-ajax-url="/restful/lists/all?productCode=20860418_EA" 
	  data-user-guest="Y" 
	  data-user-guest="Y" data-product-code="20860418_EA" 
	  data-delete-item="false"
	  aria-label="Add Cheese Pleesers to a List">
	  <span class="glyphicon glyphicon-th-list"></span>
	  <div class="list-cta-text  is-btn-animated">Add to List</div>
	</button>
	 
	<!-- this is the list HTML   -->
	<div class="save-to-list-popup  is-btn-animated animation-up dark" 
	  data-save-to-list-error="Can not get lists at this time. Please try again later."
	  data-product-name="Cheese Pleesers">
	  <div class="inner-container">
	  </div>
	  
	</div>
</div>

</div>
				</div>
			</div>


	<div class="module-plus-minus-buttons small hidden ">
			<button type="button" class="btn cart-change-qty" data-change-type="minus" data-auid="decrease-product-quantity" alt="Minus" aria-label="Minus">
				<span class="icon-minimize"></span>
			</button>
			<div class="plus-minus-input-wrapper">
				<input class="input-qty cart-change-qty" aria-label="Enter manual quantity" type="text" name="qty" title="Change quantity in cart"
							data-unit-type="ea"
							value="1ea" data-change-type="equals"
							maxlength="7">

						<span class="input-qty-pretty">
							<span class="input-qty-pretty-value">1</span>
							<span class="input-qty-pretty-unit"></span>
						</span>
					</div>

			<button type="button" class="btn cart-change-qty" data-change-type="plus" data-auid="increase-product-quantity" alt="Plus" aria-label="Plus">
				<span class="icon-plus-sign"></span>
			</button>

			<p class="deal-limit-reached hidden">Deal Limit Reached</p>

			<div class="tooltip-qty-error tooltip-qty-limit hidden">
				<p>
					Limit to
					&nbsp;
					999
					&nbsp;each&nbsp;
					per customer.</p>
			</div>
			<div class="tooltip-qty-error tooltip-round-error hidden">
				<p>
					We do not have this in the weight you wanted. We've rounded your order to the nearest weight increment we stock.</p>
			</div>
		</div>
	</form>

<!-- End Template: AddToCartSmall -->

</div>
</div>
<div class="item">
		









































	
	
		
		
		
		
			
		
	





























<div class="module-grocery-product quickview-simple  clicked" data-quickview-ajax-url="/p/20857803003_EA/quickViewProduct" data-product-id="20857803003_EA"  data-product-price="$3.28">
    
	
	
		<span class="subtitle"></span>
	

	<div class="product-page-hotspot">
	    <div class="product-cell quickview-button">
	  	    <div class="product-image ">
                
	  		    <img src="https://assets.shop.loblaws.ca/products/20857803003/b1/en/front/20857803003_front_a01.png" onerror="this.src='https://assets.shop.loblaws.ca/products/NoImage/b1/en/front/NoImage_front_a01_@2.png';" alt="Party Mix, Cheesy" />
                
	  			    
	  	        
                
                    
                

	  		    

	  		    

	  		    

	  		    <div class="hover-text-container">
	  			    <button href="#" tabindex="0" class="hover-text " aria-label="Quick View for Party Mix, Cheesy.">Quick View</button>
	  		    </div>
	  	    </div>
	    </div>

	    <div class="product-in-cart">
	  	    <div class="wrapper-product-in-cart">
	  		    <span>
	  			    In Cart
	  		    </span>
	  	    </div>
	    </div>

	    <div class="product-info">
	  	    <div class="product-name-wrapper">
	  		    <a href="/Food/Pantry/Chips-%26-Salty-Snacks/Potato-Chips/Humpty-Dumpty-Party-Mix%2C-Cheesy/p/20857803003_EA" class="product-name" aria-label="Product page for Party Mix, Cheesy" >
	  			    <span class="js-product-entry-brand">Humpty Dumpty&nbsp;</span>

	  			    

	  			    <span class="js-product-entry-name">Party Mix, Cheesy</span>

	  			    <span class="js-product-entry-size-detail">(280 g)</span>

	  		    </a>
	  	    </div>
	  	    
	  	    
	  		    
	  		    
	  			    



	
	
		
		<span class="ad-match-badge  hidden">Ad Match</span>
	

	  				
	  			        
	  					
	  				        
	  					
	  				
	  		    
	  	    

	  	    <div class="price">
			    <div class="price-wrapper no-discount  ">
				    <span class="reg-price  " aria-label="Regular Price: $3.28">
					    <span class="reg-price-text">$3.28</span>
					    
					    <sup class="reg-price-unit">ea</sup>
				    </span>
				    <span class="sale-price hidden" aria-label="Sale Price:">
					    <span class="sale-price-text"></span>
					    <sup class="sale-price-unit">ea</sup>
				    </span>
				    
				    <span class="secondary-price hidden">
					    
					    <span class="secondary-price-text" aria-label="Secondary Price:"></span>
				    </span>
			    </div>
	  	    </div>

	  	    <div class="qty">
	  		    <span class="reg-qty  ">
		
			
		  	
		  		<span class="sr-only">Sale Price Per Unit:</span>
        $1.17
        /
        100
        g
		  	
	  	
	</span>

	<span class="sale-qty hidden">
		
			
		  	
		  		<span class="sr-only">Sale Price Per Unit:</span>
        $1.17
        /
        100
        g
		  	
	  	
	</span>

	<span class="secondary-qty hidden">
		
	  	<span class="secondary-qty-text"></span>
	</span>
	  	    </div>
	    </div>


	    

	    
	</div>
	<form class="form-product  quickview-btn-simple"
	  data-product-id="20857803003_EA"
	  data-min-qty="1.0"
	  data-max-qty="999.0"
	  data-unit-type="ea"
	  data-cart-qty="1"
	  data-default-qty="1"
	  novalidate="novalidate"
	  promoCode=""
	  promoNumber=""
	  data-is-customized="false"
	  data-cart-url="/cart/product/20857803003_EA"
	  data-csrf-token="5582ec01-90c0-448b-b4f7-e2cf68d9f8a0"
	  data-is-weighted-product="false">

	<div class="module-add-to-cart " data-change-type="plus" data-auto-edit="true" data-auto-add="true"
		 data-cart-ajax-url="/cart/updateCart">
		<div class="wrapper-add-to-cart-btn">
					<div class="module-add-to-cart-button-small">
							<button type="button" class="btn btn-secondary btn-add-to-cart " data-auid="add-to-cart-button" data-has-pts-badge="false" aria-label="Add Party Mix, Cheesy to cart">
										<span class="icon-cart"></span>
										<span class="add-to-cart-text">
											Add</span>
									</button>
									<button type="button" class="btn btn-secondary btn-edit-cart hidden " aria-label="Edit Cart">
										<span class="qty-in-cart"></span>
										<span class="edit-cart-text">
											<spring code="product.edit.text" />"
										</span>
									</button>
								<div class="add-list-parent add-list-module  bottom-add-list-module ">
	<button class="btn btn-inline-link btn-save-to-list  dark is-btn-animated" 
	  data-login-url="/account/login?productCode=20857803003_EA" 
	  data-ajax-url="/restful/lists/all?productCode=20857803003_EA" 
	  data-user-guest="Y" 
	  data-user-guest="Y" data-product-code="20857803003_EA" 
	  data-delete-item="false"
	  aria-label="Add Party Mix, Cheesy to a List">
	  <span class="glyphicon glyphicon-th-list"></span>
	  <div class="list-cta-text  is-btn-animated">Add to List</div>
	</button>
	 
	<!-- this is the list HTML   -->
	<div class="save-to-list-popup  is-btn-animated animation-up dark" 
	  data-save-to-list-error="Can not get lists at this time. Please try again later."
	  data-product-name="Party Mix, Cheesy">
	  <div class="inner-container">
	  </div>
	  
	</div>
</div>

</div>
				</div>
			</div>


	<div class="module-plus-minus-buttons small hidden ">
			<button type="button" class="btn cart-change-qty" data-change-type="minus" data-auid="decrease-product-quantity" alt="Minus" aria-label="Minus">
				<span class="icon-minimize"></span>
			</button>
			<div class="plus-minus-input-wrapper">
				<input class="input-qty cart-change-qty" aria-label="Enter manual quantity" type="text" name="qty" title="Change quantity in cart"
							data-unit-type="ea"
							value="1ea" data-change-type="equals"
							maxlength="7">

						<span class="input-qty-pretty">
							<span class="input-qty-pretty-value">1</span>
							<span class="input-qty-pretty-unit"></span>
						</span>
					</div>

			<button type="button" class="btn cart-change-qty" data-change-type="plus" data-auid="increase-product-quantity" alt="Plus" aria-label="Plus">
				<span class="icon-plus-sign"></span>
			</button>

			<p class="deal-limit-reached hidden">Deal Limit Reached</p>

			<div class="tooltip-qty-error tooltip-qty-limit hidden">
				<p>
					Limit to
					&nbsp;
					999
					&nbsp;each&nbsp;
					per customer.</p>
			</div>
			<div class="tooltip-qty-error tooltip-round-error hidden">
				<p>
					We do not have this in the weight you wanted. We've rounded your order to the nearest weight increment we stock.</p>
			</div>
		</div>
	</form>

<!-- End Template: AddToCartSmall -->

</div>
</div>
<div class="item">
		









































	
	
		
		
		
		
			
		
	





























<div class="module-grocery-product quickview-simple  clicked" data-quickview-ajax-url="/p/20899063003_EA/quickViewProduct" data-product-id="20899063003_EA"  data-product-price="$4.98">
    
	
	
		<span class="subtitle"></span>
	

	<div class="product-page-hotspot">
	    <div class="product-cell quickview-button">
	  	    <div class="product-image ">
                
	  		    <img src="https://assets.shop.loblaws.ca/products/20899063003/b1/en/front/20899063003_front_a01.png" onerror="this.src='https://assets.shop.loblaws.ca/products/NoImage/b1/en/front/NoImage_front_a01_@2.png';" alt="Chili & Lime Chick Peas Snack" />
                
	  			    
	  	        
                
                    
                

	  		    

	  		    

	  		    

	  		    <div class="hover-text-container">
	  			    <button href="#" tabindex="0" class="hover-text " aria-label="Quick View for Chili & Lime Chick Peas Snack.">Quick View</button>
	  		    </div>
	  	    </div>
	    </div>

	    <div class="product-in-cart">
	  	    <div class="wrapper-product-in-cart">
	  		    <span>
	  			    In Cart
	  		    </span>
	  	    </div>
	    </div>

	    <div class="product-info">
	  	    <div class="product-name-wrapper">
	  		    <a href="/Food/Pantry/Chips-%26-Salty-Snacks/Potato-Chips/The-Good-Bean-Chili-%26-Lime-Chick-Peas-Snack/p/20899063003_EA" class="product-name" aria-label="Product page for Chili & Lime Chick Peas Snack" >
	  			    <span class="js-product-entry-brand">The Good Bean&nbsp;</span>

	  			    

	  			    <span class="js-product-entry-name">Chili & Lime Chick Peas Snack</span>

	  			    <span class="js-product-entry-size-detail">(170 g)</span>

	  		    </a>
	  	    </div>
	  	    
	  	    
	  		    
	  		    
	  			    



	
	
		
		<span class="ad-match-badge  hidden">Ad Match</span>
	

	  				
	  			        
	  					
	  				        
	  					
	  				
	  		    
	  	    

	  	    <div class="price">
			    <div class="price-wrapper no-discount  ">
				    <span class="reg-price  " aria-label="Regular Price: $4.98">
					    <span class="reg-price-text">$4.98</span>
					    
					    <sup class="reg-price-unit">ea</sup>
				    </span>
				    <span class="sale-price hidden" aria-label="Sale Price:">
					    <span class="sale-price-text"></span>
					    <sup class="sale-price-unit">ea</sup>
				    </span>
				    
				    <span class="secondary-price hidden">
					    
					    <span class="secondary-price-text" aria-label="Secondary Price:"></span>
				    </span>
			    </div>
	  	    </div>

	  	    <div class="qty">
	  		    <span class="reg-qty  ">
		
			
		  	
		  		<span class="sr-only">Sale Price Per Unit:</span>
        $2.93
        /
        100
        g
		  	
	  	
	</span>

	<span class="sale-qty hidden">
		
			
		  	
		  		<span class="sr-only">Sale Price Per Unit:</span>
        $2.93
        /
        100
        g
		  	
	  	
	</span>

	<span class="secondary-qty hidden">
		
	  	<span class="secondary-qty-text"></span>
	</span>
	  	    </div>
	    </div>


	    

	    
	</div>
	<form class="form-product  quickview-btn-simple"
	  data-product-id="20899063003_EA"
	  data-min-qty="1.0"
	  data-max-qty="999.0"
	  data-unit-type="ea"
	  data-cart-qty="1"
	  data-default-qty="1"
	  novalidate="novalidate"
	  promoCode=""
	  promoNumber=""
	  data-is-customized="false"
	  data-cart-url="/cart/product/20899063003_EA"
	  data-csrf-token="5582ec01-90c0-448b-b4f7-e2cf68d9f8a0"
	  data-is-weighted-product="false">

	<div class="module-add-to-cart " data-change-type="plus" data-auto-edit="true" data-auto-add="true"
		 data-cart-ajax-url="/cart/updateCart">
		<div class="wrapper-add-to-cart-btn">
					<div class="module-add-to-cart-button-small">
							<button type="button" class="btn btn-secondary btn-add-to-cart " data-auid="add-to-cart-button" data-has-pts-badge="false" aria-label="Add Chili & Lime Chick Peas Snack to cart">
										<span class="icon-cart"></span>
										<span class="add-to-cart-text">
											Add</span>
									</button>
									<button type="button" class="btn btn-secondary btn-edit-cart hidden " aria-label="Edit Cart">
										<span class="qty-in-cart"></span>
										<span class="edit-cart-text">
											<spring code="product.edit.text" />"
										</span>
									</button>
								<div class="add-list-parent add-list-module  bottom-add-list-module ">
	<button class="btn btn-inline-link btn-save-to-list  dark is-btn-animated" 
	  data-login-url="/account/login?productCode=20899063003_EA" 
	  data-ajax-url="/restful/lists/all?productCode=20899063003_EA" 
	  data-user-guest="Y" 
	  data-user-guest="Y" data-product-code="20899063003_EA" 
	  data-delete-item="false"
	  aria-label="Add Chili & Lime Chick Peas Snack to a List">
	  <span class="glyphicon glyphicon-th-list"></span>
	  <div class="list-cta-text  is-btn-animated">Add to List</div>
	</button>
	 
	<!-- this is the list HTML   -->
	<div class="save-to-list-popup  is-btn-animated animation-up dark" 
	  data-save-to-list-error="Can not get lists at this time. Please try again later."
	  data-product-name="Chili & Lime Chick Peas Snack">
	  <div class="inner-container">
	  </div>
	  
	</div>
</div>

</div>
				</div>
			</div>


	<div class="module-plus-minus-buttons small hidden ">
			<button type="button" class="btn cart-change-qty" data-change-type="minus" data-auid="decrease-product-quantity" alt="Minus" aria-label="Minus">
				<span class="icon-minimize"></span>
			</button>
			<div class="plus-minus-input-wrapper">
				<input class="input-qty cart-change-qty" aria-label="Enter manual quantity" type="text" name="qty" title="Change quantity in cart"
							data-unit-type="ea"
							value="1ea" data-change-type="equals"
							maxlength="7">

						<span class="input-qty-pretty">
							<span class="input-qty-pretty-value">1</span>
							<span class="input-qty-pretty-unit"></span>
						</span>
					</div>

			<button type="button" class="btn cart-change-qty" data-change-type="plus" data-auid="increase-product-quantity" alt="Plus" aria-label="Plus">
				<span class="icon-plus-sign"></span>
			</button>

			<p class="deal-limit-reached hidden">Deal Limit Reached</p>

			<div class="tooltip-qty-error tooltip-qty-limit hidden">
				<p>
					Limit to
					&nbsp;
					999
					&nbsp;each&nbsp;
					per customer.</p>
			</div>
			<div class="tooltip-qty-error tooltip-round-error hidden">
				<p>
					We do not have this in the weight you wanted. We've rounded your order to the nearest weight increment we stock.</p>
			</div>
		</div>
	</form>

<!-- End Template: AddToCartSmall -->

</div>
</div>
<div class="item">
		






































	


	



	
	
		
		
		
		
			
		
	





























<div class="module-grocery-product quickview-simple  clicked" data-quickview-ajax-url="/p/20840911004_EA/quickViewProduct" data-product-id="20840911004_EA"  data-product-price="$1.68">
    
	
	
		<span class="subtitle">New</span>
	

	<div class="product-page-hotspot">
	    <div class="product-cell quickview-button">
	  	    <div class="product-image ">
                
	  		    <img src="https://assets.shop.loblaws.ca/products/20840911004/b1/en/front/20840911004_front_a01.png" onerror="this.src='https://assets.shop.loblaws.ca/products/NoImage/b1/en/front/NoImage_front_a01_@2.png';" alt="Loads Of All Dressed Flavour Rippled Potato Chips" />
                
	  			    
	  			        <span class="sticker deal">
	  				        <span class="deal-badge">
	  				            
	  			                
	  				            

	  				            <span class="module-deal-badge module-deal-badge-grid simple-save-unit "
	  						        data-deal-type="SAVE $0.20"
	  						        data-ajax-promo-url="/simpleDeal/deals/product-tile?productCode=20840911004_EA"
	  						        data-deal-id="20840911004_EA">
	  						        <span class="deal-type">SAVE $0.20</span>
	  						            








	<span class="deal-expiry">
		Exp. 01/03
	</span>

	  					                
	  				            </span>
	  			            </span>
	  		            </span>
	  			        
	  	            
	  	        
                
                    
                

	  		    

	  		    

	  		    

	  		    <div class="hover-text-container">
	  			    <button href="#" tabindex="0" class="hover-text " aria-label="Quick View for Loads Of All Dressed Flavour Rippled Potato Chips.">Quick View</button>
	  		    </div>
	  	    </div>
	    </div>

	    <div class="product-in-cart">
	  	    <div class="wrapper-product-in-cart">
	  		    <span>
	  			    In Cart
	  		    </span>
	  	    </div>
	    </div>

	    <div class="product-info">
	  	    <div class="product-name-wrapper">
	  		    <a href="/Food/Pantry/Chips-%26-Salty-Snacks/Potato-Chips/President%27s-Choice-Loads-Of-All-Dressed-Flavour-Rippled-Potato-Chips/p/20840911004_EA" class="product-name" aria-label="Product page for Loads Of All Dressed Flavour Rippled Potato Chips" >
	  			    <span class="js-product-entry-brand">President's Choice&nbsp;</span>

	  			    

	  			    <span class="js-product-entry-name">Loads Of All Dressed Flavour Rippled Potato Chips</span>

	  			    <span class="js-product-entry-size-detail">(200 g)</span>

	  		    </a>
	  	    </div>
	  	    
	  	    
	  		    
	  		    
	  			    



	
	
		
		<span class="ad-match-badge  hidden">Ad Match</span>
	

	  				
	  			        
	  					
	  				        
	  					
	  				
	  		    
	  	    

	  	    <div class="price">
			    <div class="price-wrapper discount promo-alert ">
				    <span class="reg-price  price-alert" aria-label="Regular Price: $1.68">
					    <span class="reg-price-text">$1.68</span>
					    
					    <sup class="reg-price-unit">ea</sup>
				    </span>
				    <span class="sale-price hidden" aria-label="Sale Price:">
					    <span class="sale-price-text"></span>
					    <sup class="sale-price-unit">ea</sup>
				    </span>
				    
					    <span class="old-price" aria-label="Original Price: $1.88">
						    <span class="old-price-text">$1.88</span>
					    </span>
				    
				    <span class="secondary-price hidden">
					    
					    <span class="secondary-price-text" aria-label="Secondary Price:"></span>
				    </span>
			    </div>
	  	    </div>

	  	    <div class="qty">
	  		    <span class="reg-qty  price-alert">
		
			
		  	
		  		<span class="sr-only">Sale Price Per Unit:</span>
        $0.84
        /
        100
        g
		  	
	  	
	</span>

	<span class="sale-qty hidden">
		
			
		  	
		  		<span class="sr-only">Sale Price Per Unit:</span>
        $0.84
        /
        100
        g
		  	
	  	
	</span>

	<span class="secondary-qty hidden">
		
	  	<span class="secondary-qty-text"></span>
	</span>
	  	    </div>
	    </div>


	    

	    
	</div>
	<form class="form-product  quickview-btn-simple"
	  data-product-id="20840911004_EA"
	  data-min-qty="1.0"
	  data-max-qty="999.0"
	  data-unit-type="ea"
	  data-cart-qty="1"
	  data-default-qty="1"
	  novalidate="novalidate"
	  promoCode=""
	  promoNumber=""
	  data-is-customized="false"
	  data-cart-url="/cart/product/20840911004_EA"
	  data-csrf-token="5582ec01-90c0-448b-b4f7-e2cf68d9f8a0"
	  data-is-weighted-product="false">

	<div class="module-add-to-cart " data-change-type="plus" data-auto-edit="true" data-auto-add="true"
		 data-cart-ajax-url="/cart/updateCart">
		<div class="wrapper-add-to-cart-btn">
					<div class="module-add-to-cart-button-small">
							<button type="button" class="btn btn-secondary btn-add-to-cart " data-auid="add-to-cart-button" data-has-pts-badge="false" aria-label="Add Loads Of All Dressed Flavour Rippled Potato Chips to cart">
										<span class="icon-cart"></span>
										<span class="add-to-cart-text">
											Add</span>
									</button>
									<button type="button" class="btn btn-secondary btn-edit-cart hidden " aria-label="Edit Cart">
										<span class="qty-in-cart"></span>
										<span class="edit-cart-text">
											<spring code="product.edit.text" />"
										</span>
									</button>
								<div class="add-list-parent add-list-module  bottom-add-list-module ">
	<button class="btn btn-inline-link btn-save-to-list  dark is-btn-animated" 
	  data-login-url="/account/login?productCode=20840911004_EA" 
	  data-ajax-url="/restful/lists/all?productCode=20840911004_EA" 
	  data-user-guest="Y" 
	  data-user-guest="Y" data-product-code="20840911004_EA" 
	  data-delete-item="false"
	  aria-label="Add Loads Of All Dressed Flavour Rippled Potato Chips to a List">
	  <span class="glyphicon glyphicon-th-list"></span>
	  <div class="list-cta-text  is-btn-animated">Add to List</div>
	</button>
	 
	<!-- this is the list HTML   -->
	<div class="save-to-list-popup  is-btn-animated animation-up dark" 
	  data-save-to-list-error="Can not get lists at this time. Please try again later."
	  data-product-name="Loads Of All Dressed Flavour Rippled Potato Chips">
	  <div class="inner-container">
	  </div>
	  
	</div>
</div>

</div>
				</div>
			</div>


	<div class="module-plus-minus-buttons small hidden ">
			<button type="button" class="btn cart-change-qty" data-change-type="minus" data-auid="decrease-product-quantity" alt="Minus" aria-label="Minus">
				<span class="icon-minimize"></span>
			</button>
			<div class="plus-minus-input-wrapper">
				<input class="input-qty cart-change-qty" aria-label="Enter manual quantity" type="text" name="qty" title="Change quantity in cart"
							data-unit-type="ea"
							value="1ea" data-change-type="equals"
							maxlength="7">

						<span class="input-qty-pretty">
							<span class="input-qty-pretty-value">1</span>
							<span class="input-qty-pretty-unit"></span>
						</span>
					</div>

			<button type="button" class="btn cart-change-qty" data-change-type="plus" data-auid="increase-product-quantity" alt="Plus" aria-label="Plus">
				<span class="icon-plus-sign"></span>
			</button>

			<p class="deal-limit-reached hidden">Deal Limit Reached</p>

			<div class="tooltip-qty-error tooltip-qty-limit hidden">
				<p>
					Limit to
					&nbsp;
					999
					&nbsp;each&nbsp;
					per customer.</p>
			</div>
			<div class="tooltip-qty-error tooltip-round-error hidden">
				<p>
					We do not have this in the weight you wanted. We've rounded your order to the nearest weight increment we stock.</p>
			</div>
		</div>
	</form>

<!-- End Template: AddToCartSmall -->

</div>
</div>
<div class="item">
		









































	
	
		
		
		
		
			
		
	





























<div class="module-grocery-product quickview-simple  clicked" data-quickview-ajax-url="/p/20346629_EA/quickViewProduct" data-product-id="20346629_EA"  data-product-price="$1.97">
    
	
	
		<span class="subtitle"></span>
	

	<div class="product-page-hotspot">
	    <div class="product-cell quickview-button">
	  	    <div class="product-image ">
                
	  		    <img src="https://assets.shop.loblaws.ca/products/20346629/b1/en/front/20346629_front_a01.png" onerror="this.src='https://assets.shop.loblaws.ca/products/NoImage/b1/en/front/NoImage_front_a01_@2.png';" alt="Chippy Corn Chips, Barbecue" />
                
	  			    
	  			        <span class="sticker deal">
	  				        <span class="deal-badge">
	  				            
	  			                
	  				            

	  				            <span class="module-deal-badge module-deal-badge-grid simple-save-unit "
	  						        data-deal-type="2 FOR $3.54"
	  						        data-ajax-promo-url="/simpleDeal/deals/product-tile?productCode=20346629_EA"
	  						        data-deal-id="20346629_EA">
	  						        <span class="deal-type">2 FOR $3.54</span>
	  						            








	<span class="deal-expiry">
		Exp. 12/31
	</span>

	  					                
	  				            </span>
	  			            </span>
	  		            </span>
	  			        
	  	            
	  	        
                
                    
                

	  		    

	  		    

	  		    

	  		    <div class="hover-text-container">
	  			    <button href="#" tabindex="0" class="hover-text " aria-label="Quick View for Chippy Corn Chips, Barbecue.">Quick View</button>
	  		    </div>
	  	    </div>
	    </div>

	    <div class="product-in-cart">
	  	    <div class="wrapper-product-in-cart">
	  		    <span>
	  			    In Cart
	  		    </span>
	  	    </div>
	    </div>

	    <div class="product-info">
	  	    <div class="product-name-wrapper">
	  		    <a href="/Food/Pantry/Chips-%26-Salty-Snacks/Potato-Chips/Chippy-Corn-Chips%2C-Barbecue/p/20346629_EA" class="product-name" aria-label="Product page for Chippy Corn Chips, Barbecue" >
	  			    <span class="js-product-entry-brand">Jack n' Jill&nbsp;</span>

	  			    

	  			    <span class="js-product-entry-name">Chippy Corn Chips, Barbecue</span>

	  			    <span class="js-product-entry-size-detail">(200 g)</span>

	  		    </a>
	  	    </div>
	  	    
	  	    
	  		    
	  		    
	  			    



	
	
		
		<span class="ad-match-badge  hidden">Ad Match</span>
	

	  				
	  			        
	  					
	  				        
	  					
	  				
	  		    
	  	    

	  	    <div class="price">
			    <div class="price-wrapper no-discount  ">
				    <span class="reg-price  " aria-label="Regular Price: $1.97">
					    <span class="reg-price-text">$1.97</span>
					    
					    <sup class="reg-price-unit">ea</sup>
				    </span>
				    <span class="sale-price hidden" aria-label="Sale Price:">
					    <span class="sale-price-text"></span>
					    <sup class="sale-price-unit">ea</sup>
				    </span>
				    
				    <span class="secondary-price hidden">
					    
					    <span class="secondary-price-text" aria-label="Secondary Price:"></span>
				    </span>
			    </div>
	  	    </div>

	  	    <div class="qty">
	  		    <span class="reg-qty  ">
		
			
		  	
		  		<span class="sr-only">Sale Price Per Unit:</span>
        $0.99
        /
        100
        g
		  	
	  	
	</span>

	<span class="sale-qty hidden">
		
			
		  	
		  		<span class="sr-only">Sale Price Per Unit:</span>
        $0.99
        /
        100
        g
		  	
	  	
	</span>

	<span class="secondary-qty hidden">
		
	  	<span class="secondary-qty-text"></span>
	</span>
	  	    </div>
	    </div>


	    

	    
	</div>
	<form class="form-product  quickview-btn-simple"
	  data-product-id="20346629_EA"
	  data-min-qty="1.0"
	  data-max-qty="999.0"
	  data-unit-type="ea"
	  data-cart-qty="1"
	  data-default-qty="1"
	  novalidate="novalidate"
	  promoCode=""
	  promoNumber=""
	  data-is-customized="false"
	  data-cart-url="/cart/product/20346629_EA"
	  data-csrf-token="5582ec01-90c0-448b-b4f7-e2cf68d9f8a0"
	  data-is-weighted-product="false">

	<div class="module-add-to-cart " data-change-type="plus" data-auto-edit="true" data-auto-add="true"
		 data-cart-ajax-url="/cart/updateCart">
		<div class="wrapper-add-to-cart-btn">
					<div class="module-add-to-cart-button-small">
							<button type="button" class="btn btn-secondary btn-add-to-cart " data-auid="add-to-cart-button" data-has-pts-badge="false" aria-label="Add Chippy Corn Chips, Barbecue to cart">
										<span class="icon-cart"></span>
										<span class="add-to-cart-text">
											Add</span>
									</button>
									<button type="button" class="btn btn-secondary btn-edit-cart hidden " aria-label="Edit Cart">
										<span class="qty-in-cart"></span>
										<span class="edit-cart-text">
											<spring code="product.edit.text" />"
										</span>
									</button>
								<div class="add-list-parent add-list-module  bottom-add-list-module ">
	<button class="btn btn-inline-link btn-save-to-list  dark is-btn-animated" 
	  data-login-url="/account/login?productCode=20346629_EA" 
	  data-ajax-url="/restful/lists/all?productCode=20346629_EA" 
	  data-user-guest="Y" 
	  data-user-guest="Y" data-product-code="20346629_EA" 
	  data-delete-item="false"
	  aria-label="Add Chippy Corn Chips, Barbecue to a List">
	  <span class="glyphicon glyphicon-th-list"></span>
	  <div class="list-cta-text  is-btn-animated">Add to List</div>
	</button>
	 
	<!-- this is the list HTML   -->
	<div class="save-to-list-popup  is-btn-animated animation-up dark" 
	  data-save-to-list-error="Can not get lists at this time. Please try again later."
	  data-product-name="Chippy Corn Chips, Barbecue">
	  <div class="inner-container">
	  </div>
	  
	</div>
</div>

</div>
				</div>
			</div>


	<div class="module-plus-minus-buttons small hidden ">
			<button type="button" class="btn cart-change-qty" data-change-type="minus" data-auid="decrease-product-quantity" alt="Minus" aria-label="Minus">
				<span class="icon-minimize"></span>
			</button>
			<div class="plus-minus-input-wrapper">
				<input class="input-qty cart-change-qty" aria-label="Enter manual quantity" type="text" name="qty" title="Change quantity in cart"
							data-unit-type="ea"
							value="1ea" data-change-type="equals"
							maxlength="7">

						<span class="input-qty-pretty">
							<span class="input-qty-pretty-value">1</span>
							<span class="input-qty-pretty-unit"></span>
						</span>
					</div>

			<button type="button" class="btn cart-change-qty" data-change-type="plus" data-auid="increase-product-quantity" alt="Plus" aria-label="Plus">
				<span class="icon-plus-sign"></span>
			</button>

			<p class="deal-limit-reached hidden">Deal Limit Reached</p>

			<div class="tooltip-qty-error tooltip-qty-limit hidden">
				<p>
					Limit to
					&nbsp;
					999
					&nbsp;each&nbsp;
					per customer.</p>
			</div>
			<div class="tooltip-qty-error tooltip-round-error hidden">
				<p>
					We do not have this in the weight you wanted. We've rounded your order to the nearest weight increment we stock.</p>
			</div>
		</div>
	</form>

<!-- End Template: AddToCartSmall -->

</div>
</div>
<div class="item">
		









































	
	
		
		
		
		
			
		
	





























<div class="module-grocery-product quickview-simple  clicked" data-quickview-ajax-url="/p/20868465009_EA/quickViewProduct" data-product-id="20868465009_EA"  data-product-price="$3.48">
    
	
	
		<span class="subtitle"></span>
	

	<div class="product-page-hotspot">
	    <div class="product-cell quickview-button">
	  	    <div class="product-image ">
                
	  		    <img src="https://assets.shop.loblaws.ca/products/20868465009/b1/en/front/20868465009_front_a01.png" onerror="this.src='https://assets.shop.loblaws.ca/products/NoImage/b1/en/front/NoImage_front_a01_@2.png';" alt="Rip-L Potato Chips, Original" />
                
	  			    
	  			        <span class="sticker deal">
	  				        <span class="deal-badge">
	  				            
	  			                
	  				            

	  				            <span class="module-deal-badge module-deal-badge-grid simple-save-unit "
	  						        data-deal-type="2 FOR $5.00"
	  						        data-ajax-promo-url="/simpleDeal/deals/product-tile?productCode=20868465009_EA"
	  						        data-deal-id="20868465009_EA">
	  						        <span class="deal-type">2 FOR $5.00</span>
	  						            








	<span class="deal-expiry">
		Exp. 12/19
	</span>

	  					                
	  				            </span>
	  			            </span>
	  		            </span>
	  			        
	  	            
	  	        
                
                    
                

	  		    

	  		    

	  		    

	  		    <div class="hover-text-container">
	  			    <button href="#" tabindex="0" class="hover-text " aria-label="Quick View for Rip-L Potato Chips, Original.">Quick View</button>
	  		    </div>
	  	    </div>
	    </div>

	    <div class="product-in-cart">
	  	    <div class="wrapper-product-in-cart">
	  		    <span>
	  			    In Cart
	  		    </span>
	  	    </div>
	    </div>

	    <div class="product-info">
	  	    <div class="product-name-wrapper">
	  		    <a href="/Food/Pantry/Chips-%26-Salty-Snacks/Potato-Chips/Old-Dutch-RIP-L-Rip-L-Potato-Chips%2C-Original/p/20868465009_EA" class="product-name" aria-label="Product page for Rip-L Potato Chips, Original" >
	  			    <span class="js-product-entry-brand">Old Dutch&nbsp;</span>

	  			    

	  			    <span class="js-product-entry-name">Rip-L Potato Chips, Original</span>

	  			    <span class="js-product-entry-size-detail">(255 g)</span>

	  		    </a>
	  	    </div>
	  	    
	  	    
	  		    
	  		    
	  			    



	
	
		
		<span class="ad-match-badge  hidden">Ad Match</span>
	

	  				
	  			        
	  					
	  				        
	  					
	  				
	  		    
	  	    

	  	    <div class="price">
			    <div class="price-wrapper no-discount  ">
				    <span class="reg-price  " aria-label="Regular Price: $3.48">
					    <span class="reg-price-text">$3.48</span>
					    
					    <sup class="reg-price-unit">ea</sup>
				    </span>
				    <span class="sale-price hidden" aria-label="Sale Price:">
					    <span class="sale-price-text"></span>
					    <sup class="sale-price-unit">ea</sup>
				    </span>
				    
				    <span class="secondary-price hidden">
					    
					    <span class="secondary-price-text" aria-label="Secondary Price:"></span>
				    </span>
			    </div>
	  	    </div>

	  	    <div class="qty">
	  		    <span class="reg-qty  ">
		
			
		  	
		  		<span class="sr-only">Sale Price Per Unit:</span>
        $1.36
        /
        100
        g
		  	
	  	
	</span>

	<span class="sale-qty hidden">
		
			
		  	
		  		<span class="sr-only">Sale Price Per Unit:</span>
        $1.36
        /
        100
        g
		  	
	  	
	</span>

	<span class="secondary-qty hidden">
		
	  	<span class="secondary-qty-text"></span>
	</span>
	  	    </div>
	    </div>


	    

	    
	</div>
	<form class="form-product  quickview-btn-simple"
	  data-product-id="20868465009_EA"
	  data-min-qty="1.0"
	  data-max-qty="999.0"
	  data-unit-type="ea"
	  data-cart-qty="1"
	  data-default-qty="1"
	  novalidate="novalidate"
	  promoCode=""
	  promoNumber=""
	  data-is-customized="false"
	  data-cart-url="/cart/product/20868465009_EA"
	  data-csrf-token="5582ec01-90c0-448b-b4f7-e2cf68d9f8a0"
	  data-is-weighted-product="false">

	<div class="module-add-to-cart " data-change-type="plus" data-auto-edit="true" data-auto-add="true"
		 data-cart-ajax-url="/cart/updateCart">
		<div class="wrapper-add-to-cart-btn">
					<div class="module-add-to-cart-button-small">
							<button type="button" class="btn btn-secondary btn-add-to-cart " data-auid="add-to-cart-button" data-has-pts-badge="false" aria-label="Add Rip-L Potato Chips, Original to cart">
										<span class="icon-cart"></span>
										<span class="add-to-cart-text">
											Add</span>
									</button>
									<button type="button" class="btn btn-secondary btn-edit-cart hidden " aria-label="Edit Cart">
										<span class="qty-in-cart"></span>
										<span class="edit-cart-text">
											<spring code="product.edit.text" />"
										</span>
									</button>
								<div class="add-list-parent add-list-module  bottom-add-list-module ">
	<button class="btn btn-inline-link btn-save-to-list  dark is-btn-animated" 
	  data-login-url="/account/login?productCode=20868465009_EA" 
	  data-ajax-url="/restful/lists/all?productCode=20868465009_EA" 
	  data-user-guest="Y" 
	  data-user-guest="Y" data-product-code="20868465009_EA" 
	  data-delete-item="false"
	  aria-label="Add Rip-L Potato Chips, Original to a List">
	  <span class="glyphicon glyphicon-th-list"></span>
	  <div class="list-cta-text  is-btn-animated">Add to List</div>
	</button>
	 
	<!-- this is the list HTML   -->
	<div class="save-to-list-popup  is-btn-animated animation-up dark" 
	  data-save-to-list-error="Can not get lists at this time. Please try again later."
	  data-product-name="Rip-L Potato Chips, Original">
	  <div class="inner-container">
	  </div>
	  
	</div>
</div>

</div>
				</div>
			</div>


	<div class="module-plus-minus-buttons small hidden ">
			<button type="button" class="btn cart-change-qty" data-change-type="minus" data-auid="decrease-product-quantity" alt="Minus" aria-label="Minus">
				<span class="icon-minimize"></span>
			</button>
			<div class="plus-minus-input-wrapper">
				<input class="input-qty cart-change-qty" aria-label="Enter manual quantity" type="text" name="qty" title="Change quantity in cart"
							data-unit-type="ea"
							value="1ea" data-change-type="equals"
							maxlength="7">

						<span class="input-qty-pretty">
							<span class="input-qty-pretty-value">1</span>
							<span class="input-qty-pretty-unit"></span>
						</span>
					</div>

			<button type="button" class="btn cart-change-qty" data-change-type="plus" data-auid="increase-product-quantity" alt="Plus" aria-label="Plus">
				<span class="icon-plus-sign"></span>
			</button>

			<p class="deal-limit-reached hidden">Deal Limit Reached</p>

			<div class="tooltip-qty-error tooltip-qty-limit hidden">
				<p>
					Limit to
					&nbsp;
					999
					&nbsp;each&nbsp;
					per customer.</p>
			</div>
			<div class="tooltip-qty-error tooltip-round-error hidden">
				<p>
					We do not have this in the weight you wanted. We've rounded your order to the nearest weight increment we stock.</p>
			</div>
		</div>
	</form>

<!-- End Template: AddToCartSmall -->

</div>
</div>
<div class="item">
		









































	
	
		
		
		
		
			
		
	





























<div class="module-grocery-product quickview-simple  clicked" data-quickview-ajax-url="/p/20340531_EA/quickViewProduct" data-product-id="20340531_EA"  data-product-price="$1.18">
    
	
	
		<span class="subtitle"></span>
	

	<div class="product-page-hotspot">
	    <div class="product-cell quickview-button">
	  	    <div class="product-image ">
                
	  		    <img src="https://assets.shop.loblaws.ca/products/20340531/b1/en/front/20340531_front_a01.png" onerror="this.src='https://assets.shop.loblaws.ca/products/NoImage/b1/en/front/NoImage_front_a01_@2.png';" alt="Potato Chips, Barbecue" />
                
	  			    
	  	        
                
                    
                

	  		    

	  		    

	  		    

	  		    <div class="hover-text-container">
	  			    <button href="#" tabindex="0" class="hover-text " aria-label="Quick View for Potato Chips, Barbecue.">Quick View</button>
	  		    </div>
	  	    </div>
	    </div>

	    <div class="product-in-cart">
	  	    <div class="wrapper-product-in-cart">
	  		    <span>
	  			    In Cart
	  		    </span>
	  	    </div>
	    </div>

	    <div class="product-info">
	  	    <div class="product-name-wrapper">
	  		    <a href="/Food/Pantry/Chips-%26-Salty-Snacks/Potato-Chips/Potato-Chips%2C-Barbecue/p/20340531_EA" class="product-name" aria-label="Product page for Potato Chips, Barbecue" >
	  			    <span class="js-product-entry-brand">No Name&nbsp;</span>

	  			    

	  			    <span class="js-product-entry-name">Potato Chips, Barbecue</span>

	  			    <span class="js-product-entry-size-detail">(200 g)</span>

	  		    </a>
	  	    </div>
	  	    
	  	    
	  		    
	  		    
	  			    



	
	
		
		<span class="ad-match-badge  hidden">Ad Match</span>
	

	  				
	  			        
	  					
	  				        
	  					
	  				
	  		    
	  	    

	  	    <div class="price">
			    <div class="price-wrapper no-discount  ">
				    <span class="reg-price  " aria-label="Regular Price: $1.18">
					    <span class="reg-price-text">$1.18</span>
					    
					    <sup class="reg-price-unit">ea</sup>
				    </span>
				    <span class="sale-price hidden" aria-label="Sale Price:">
					    <span class="sale-price-text"></span>
					    <sup class="sale-price-unit">ea</sup>
				    </span>
				    
				    <span class="secondary-price hidden">
					    
					    <span class="secondary-price-text" aria-label="Secondary Price:"></span>
				    </span>
			    </div>
	  	    </div>

	  	    <div class="qty">
	  		    <span class="reg-qty  ">
		
			
		  	
		  		<span class="sr-only">Sale Price Per Unit:</span>
        $0.59
        /
        100
        g
		  	
	  	
	</span>

	<span class="sale-qty hidden">
		
			
		  	
		  		<span class="sr-only">Sale Price Per Unit:</span>
        $0.59
        /
        100
        g
		  	
	  	
	</span>

	<span class="secondary-qty hidden">
		
	  	<span class="secondary-qty-text"></span>
	</span>
	  	    </div>
	    </div>


	    

	    
	</div>
	<form class="form-product  quickview-btn-simple"
	  data-product-id="20340531_EA"
	  data-min-qty="1.0"
	  data-max-qty="999.0"
	  data-unit-type="ea"
	  data-cart-qty="1"
	  data-default-qty="1"
	  novalidate="novalidate"
	  promoCode=""
	  promoNumber=""
	  data-is-customized="false"
	  data-cart-url="/cart/product/20340531_EA"
	  data-csrf-token="5582ec01-90c0-448b-b4f7-e2cf68d9f8a0"
	  data-is-weighted-product="false">

	<div class="module-add-to-cart " data-change-type="plus" data-auto-edit="true" data-auto-add="true"
		 data-cart-ajax-url="/cart/updateCart">
		<div class="wrapper-add-to-cart-btn">
					<div class="module-add-to-cart-button-small">
							<button type="button" class="btn btn-secondary btn-add-to-cart " data-auid="add-to-cart-button" data-has-pts-badge="false" aria-label="Add Potato Chips, Barbecue to cart">
										<span class="icon-cart"></span>
										<span class="add-to-cart-text">
											Add</span>
									</button>
									<button type="button" class="btn btn-secondary btn-edit-cart hidden " aria-label="Edit Cart">
										<span class="qty-in-cart"></span>
										<span class="edit-cart-text">
											<spring code="product.edit.text" />"
										</span>
									</button>
								<div class="add-list-parent add-list-module  bottom-add-list-module ">
	<button class="btn btn-inline-link btn-save-to-list  dark is-btn-animated" 
	  data-login-url="/account/login?productCode=20340531_EA" 
	  data-ajax-url="/restful/lists/all?productCode=20340531_EA" 
	  data-user-guest="Y" 
	  data-user-guest="Y" data-product-code="20340531_EA" 
	  data-delete-item="false"
	  aria-label="Add Potato Chips, Barbecue to a List">
	  <span class="glyphicon glyphicon-th-list"></span>
	  <div class="list-cta-text  is-btn-animated">Add to List</div>
	</button>
	 
	<!-- this is the list HTML   -->
	<div class="save-to-list-popup  is-btn-animated animation-up dark" 
	  data-save-to-list-error="Can not get lists at this time. Please try again later."
	  data-product-name="Potato Chips, Barbecue">
	  <div class="inner-container">
	  </div>
	  
	</div>
</div>

</div>
				</div>
			</div>


	<div class="module-plus-minus-buttons small hidden ">
			<button type="button" class="btn cart-change-qty" data-change-type="minus" data-auid="decrease-product-quantity" alt="Minus" aria-label="Minus">
				<span class="icon-minimize"></span>
			</button>
			<div class="plus-minus-input-wrapper">
				<input class="input-qty cart-change-qty" aria-label="Enter manual quantity" type="text" name="qty" title="Change quantity in cart"
							data-unit-type="ea"
							value="1ea" data-change-type="equals"
							maxlength="7">

						<span class="input-qty-pretty">
							<span class="input-qty-pretty-value">1</span>
							<span class="input-qty-pretty-unit"></span>
						</span>
					</div>

			<button type="button" class="btn cart-change-qty" data-change-type="plus" data-auid="increase-product-quantity" alt="Plus" aria-label="Plus">
				<span class="icon-plus-sign"></span>
			</button>

			<p class="deal-limit-reached hidden">Deal Limit Reached</p>

			<div class="tooltip-qty-error tooltip-qty-limit hidden">
				<p>
					Limit to
					&nbsp;
					999
					&nbsp;each&nbsp;
					per customer.</p>
			</div>
			<div class="tooltip-qty-error tooltip-round-error hidden">
				<p>
					We do not have this in the weight you wanted. We've rounded your order to the nearest weight increment we stock.</p>
			</div>
		</div>
	</form>

<!-- End Template: AddToCartSmall -->

</div>
</div>
<div class="item">
		









































	
	
		
		
		
		
			
		
	





























<div class="module-grocery-product quickview-simple  clicked" data-quickview-ajax-url="/p/21084990_EA/quickViewProduct" data-product-id="21084990_EA"  data-product-price="$3.97">
    
	
	
		<span class="subtitle"></span>
	

	<div class="product-page-hotspot">
	    <div class="product-cell quickview-button">
	  	    <div class="product-image ">
                
	  		    <img src="https://assets.shop.loblaws.ca/products/21084990/b1/en/front/21084990_front_a01.png" onerror="this.src='https://assets.shop.loblaws.ca/products/NoImage/b1/en/front/NoImage_front_a01_@2.png';" alt="Vickie's Kettle Cooked Potato Chips, Sweet Southern BBQ" />
                
	  			    
	  	        
                
                    
                

	  		    

	  		    

	  		    

	  		    <div class="hover-text-container">
	  			    <button href="#" tabindex="0" class="hover-text " aria-label="Quick View for Vickie's Kettle Cooked Potato Chips, Sweet Southern BBQ.">Quick View</button>
	  		    </div>
	  	    </div>
	    </div>

	    <div class="product-in-cart">
	  	    <div class="wrapper-product-in-cart">
	  		    <span>
	  			    In Cart
	  		    </span>
	  	    </div>
	    </div>

	    <div class="product-info">
	  	    <div class="product-name-wrapper">
	  		    <a href="/Food/Pantry/Chips-%26-Salty-Snacks/Potato-Chips/Miss-Vickies-Vickie%27s-Kettle-Cooked-Potato-Chips%2C-Sweet-Southern-BBQ/p/21084990_EA" class="product-name" aria-label="Product page for Vickie's Kettle Cooked Potato Chips, Sweet Southern BBQ" >
	  			    <span class="js-product-entry-brand">Miss Vickies&nbsp;</span>

	  			    

	  			    <span class="js-product-entry-name">Vickie's Kettle Cooked Potato Chips, Sweet Southern BBQ</span>

	  			    <span class="js-product-entry-size-detail">(220 g)</span>

	  		    </a>
	  	    </div>
	  	    
	  	    
	  		    
	  		    
	  			    



	
	
		
		<span class="ad-match-badge  hidden">Ad Match</span>
	

	  				
	  			        
	  					
	  				        
	  					
	  				
	  		    
	  	    

	  	    <div class="price">
			    <div class="price-wrapper no-discount  ">
				    <span class="reg-price  " aria-label="Regular Price: $3.97">
					    <span class="reg-price-text">$3.97</span>
					    
					    <sup class="reg-price-unit">ea</sup>
				    </span>
				    <span class="sale-price hidden" aria-label="Sale Price:">
					    <span class="sale-price-text"></span>
					    <sup class="sale-price-unit">ea</sup>
				    </span>
				    
				    <span class="secondary-price hidden">
					    
					    <span class="secondary-price-text" aria-label="Secondary Price:"></span>
				    </span>
			    </div>
	  	    </div>

	  	    <div class="qty">
	  		    <span class="reg-qty  ">
		
			
		  	
		  		<span class="sr-only">Sale Price Per Unit:</span>
        $1.80
        /
        100
        g
		  	
	  	
	</span>

	<span class="sale-qty hidden">
		
			
		  	
		  		<span class="sr-only">Sale Price Per Unit:</span>
        $1.80
        /
        100
        g
		  	
	  	
	</span>

	<span class="secondary-qty hidden">
		
	  	<span class="secondary-qty-text"></span>
	</span>
	  	    </div>
	    </div>


	    

	    
	</div>
	<form class="form-product  quickview-btn-simple"
	  data-product-id="21084990_EA"
	  data-min-qty="1.0"
	  data-max-qty="999.0"
	  data-unit-type="ea"
	  data-cart-qty="1"
	  data-default-qty="1"
	  novalidate="novalidate"
	  promoCode=""
	  promoNumber=""
	  data-is-customized="false"
	  data-cart-url="/cart/product/21084990_EA"
	  data-csrf-token="5582ec01-90c0-448b-b4f7-e2cf68d9f8a0"
	  data-is-weighted-product="false">

	<div class="module-add-to-cart " data-change-type="plus" data-auto-edit="true" data-auto-add="true"
		 data-cart-ajax-url="/cart/updateCart">
		<div class="wrapper-add-to-cart-btn">
					<div class="module-add-to-cart-button-small">
							<button type="button" class="btn btn-secondary btn-add-to-cart " data-auid="add-to-cart-button" data-has-pts-badge="false" aria-label="Add Vickie's Kettle Cooked Potato Chips, Sweet Southern BBQ to cart">
										<span class="icon-cart"></span>
										<span class="add-to-cart-text">
											Add</span>
									</button>
									<button type="button" class="btn btn-secondary btn-edit-cart hidden " aria-label="Edit Cart">
										<span class="qty-in-cart"></span>
										<span class="edit-cart-text">
											<spring code="product.edit.text" />"
										</span>
									</button>
								<div class="add-list-parent add-list-module  bottom-add-list-module ">
	<button class="btn btn-inline-link btn-save-to-list  dark is-btn-animated" 
	  data-login-url="/account/login?productCode=21084990_EA" 
	  data-ajax-url="/restful/lists/all?productCode=21084990_EA" 
	  data-user-guest="Y" 
	  data-user-guest="Y" data-product-code="21084990_EA" 
	  data-delete-item="false"
	  aria-label="Add Vickie's Kettle Cooked Potato Chips, Sweet Southern BBQ to a List">
	  <span class="glyphicon glyphicon-th-list"></span>
	  <div class="list-cta-text  is-btn-animated">Add to List</div>
	</button>
	 
	<!-- this is the list HTML   -->
	<div class="save-to-list-popup  is-btn-animated animation-up dark" 
	  data-save-to-list-error="Can not get lists at this time. Please try again later."
	  data-product-name="Vickie's Kettle Cooked Potato Chips, Sweet Southern BBQ">
	  <div class="inner-container">
	  </div>
	  
	</div>
</div>

</div>
				</div>
			</div>


	<div class="module-plus-minus-buttons small hidden ">
			<button type="button" class="btn cart-change-qty" data-change-type="minus" data-auid="decrease-product-quantity" alt="Minus" aria-label="Minus">
				<span class="icon-minimize"></span>
			</button>
			<div class="plus-minus-input-wrapper">
				<input class="input-qty cart-change-qty" aria-label="Enter manual quantity" type="text" name="qty" title="Change quantity in cart"
							data-unit-type="ea"
							value="1ea" data-change-type="equals"
							maxlength="7">

						<span class="input-qty-pretty">
							<span class="input-qty-pretty-value">1</span>
							<span class="input-qty-pretty-unit"></span>
						</span>
					</div>

			<button type="button" class="btn cart-change-qty" data-change-type="plus" data-auid="increase-product-quantity" alt="Plus" aria-label="Plus">
				<span class="icon-plus-sign"></span>
			</button>

			<p class="deal-limit-reached hidden">Deal Limit Reached</p>

			<div class="tooltip-qty-error tooltip-qty-limit hidden">
				<p>
					Limit to
					&nbsp;
					999
					&nbsp;each&nbsp;
					per customer.</p>
			</div>
			<div class="tooltip-qty-error tooltip-round-error hidden">
				<p>
					We do not have this in the weight you wanted. We've rounded your order to the nearest weight increment we stock.</p>
			</div>
		</div>
	</form>

<!-- End Template: AddToCartSmall -->

</div>
</div>
<div class="item">
		






































	




	
	
		
		
		
		
			
		
	





























<div class="module-grocery-product quickview-simple  clicked" data-quickview-ajax-url="/p/20978995_EA/quickViewProduct" data-product-id="20978995_EA"  data-product-price="$3.98">
    
	
	
		<span class="subtitle"></span>
	

	<div class="product-page-hotspot">
	    <div class="product-cell quickview-button">
	  	    <div class="product-image ">
                
	  		    <img src="https://assets.shop.loblaws.ca/products/20978995/b1/en/front/20978995_front_a01.png" onerror="this.src='https://assets.shop.loblaws.ca/products/NoImage/b1/en/front/NoImage_front_a01_@2.png';" alt="Tortilla Chips, Thin & Crispy, Twist of Lime" />
                
	  			    
	  			        <span class="sticker deal">
	  				        <span class="deal-badge">
	  				            
	  			                
	  				            

	  				            <span class="module-deal-badge module-deal-badge-grid simple-save-unit "
	  						        data-deal-type="$3.98 LIMIT 4"
	  						        data-ajax-promo-url="/simpleDeal/deals/product-tile?productCode=20978995_EA"
	  						        data-deal-id="20978995_EA">
	  						        <span class="deal-type">$3.98 LIMIT 4</span>
	  						            








	<span class="deal-expiry">
		Exp. 12/27
	</span>

	  					                
	  				            </span>
	  			            </span>
	  		            </span>
	  			        
	  	            
	  	        
                
                    
                

	  		    

	  		    

	  		    

	  		    <div class="hover-text-container">
	  			    <button href="#" tabindex="0" class="hover-text " aria-label="Quick View for Tortilla Chips, Thin & Crispy, Twist of Lime.">Quick View</button>
	  		    </div>
	  	    </div>
	    </div>

	    <div class="product-in-cart">
	  	    <div class="wrapper-product-in-cart">
	  		    <span>
	  			    In Cart
	  		    </span>
	  	    </div>
	    </div>

	    <div class="product-info">
	  	    <div class="product-name-wrapper">
	  		    <a href="/Food/Pantry/Chips-%26-Salty-Snacks/Potato-Chips/Que-Pasa-Tortilla-Chips%2C-Thin-%26-Crispy%2C-Twist-of-Lime/p/20978995_EA" class="product-name" aria-label="Product page for Tortilla Chips, Thin & Crispy, Twist of Lime" >
	  			    <span class="js-product-entry-brand">Que Pasa&nbsp;</span>

	  			    

	  			    <span class="js-product-entry-name">Tortilla Chips, Thin & Crispy, Twist of Lime</span>

	  			    <span class="js-product-entry-size-detail">(300 g)</span>

	  		    </a>
	  	    </div>
	  	    
	  	    
	  		    
	  		    
	  			    



	
	
		
		<span class="ad-match-badge  hidden">Ad Match</span>
	

	  				
	  			        
	  					
	  				        
	  					
	  				
	  		    
	  	    

	  	    <div class="price">
			    <div class="price-wrapper no-discount promo-alert ">
				    <span class="reg-price  price-alert" aria-label="Regular Price: $3.98">
					    <span class="reg-price-text">$3.98</span>
					    
					    <sup class="reg-price-unit">ea</sup>
				    </span>
				    <span class="sale-price hidden" aria-label="Sale Price:">
					    <span class="sale-price-text"></span>
					    <sup class="sale-price-unit">ea</sup>
				    </span>
				    
				    <span class="secondary-price hidden">
					    
					    <span class="secondary-price-text" aria-label="Secondary Price:"></span>
				    </span>
			    </div>
	  	    </div>

	  	    <div class="qty">
	  		    <span class="reg-qty  price-alert">
		
			
		  	
		  		<span class="sr-only">Sale Price Per Unit:</span>
        $1.33
        /
        100
        g
		  	
	  	
	</span>

	<span class="sale-qty hidden">
		
			
		  	
		  		<span class="sr-only">Sale Price Per Unit:</span>
        $1.33
        /
        100
        g
		  	
	  	
	</span>

	<span class="secondary-qty hidden">
		
	  	<span class="secondary-qty-text"></span>
	</span>
	  	    </div>
	    </div>


	    

	    
	</div>
	<form class="form-product  quickview-btn-simple"
	  data-product-id="20978995_EA"
	  data-min-qty="1.0"
	  data-max-qty="999.0"
	  data-unit-type="ea"
	  data-cart-qty="1"
	  data-default-qty="1"
	  novalidate="novalidate"
	  promoCode=""
	  promoNumber=""
	  data-is-customized="false"
	  data-cart-url="/cart/product/20978995_EA"
	  data-csrf-token="5582ec01-90c0-448b-b4f7-e2cf68d9f8a0"
	  data-is-weighted-product="false">

	<div class="module-add-to-cart " data-change-type="plus" data-auto-edit="true" data-auto-add="true"
		 data-cart-ajax-url="/cart/updateCart">
		<div class="wrapper-add-to-cart-btn">
					<div class="module-add-to-cart-button-small">
							<button type="button" class="btn btn-secondary btn-add-to-cart " data-auid="add-to-cart-button" data-has-pts-badge="false" aria-label="Add Tortilla Chips, Thin & Crispy, Twist of Lime to cart">
										<span class="icon-cart"></span>
										<span class="add-to-cart-text">
											Add</span>
									</button>
									<button type="button" class="btn btn-secondary btn-edit-cart hidden " aria-label="Edit Cart">
										<span class="qty-in-cart"></span>
										<span class="edit-cart-text">
											<spring code="product.edit.text" />"
										</span>
									</button>
								<div class="add-list-parent add-list-module  bottom-add-list-module ">
	<button class="btn btn-inline-link btn-save-to-list  dark is-btn-animated" 
	  data-login-url="/account/login?productCode=20978995_EA" 
	  data-ajax-url="/restful/lists/all?productCode=20978995_EA" 
	  data-user-guest="Y" 
	  data-user-guest="Y" data-product-code="20978995_EA" 
	  data-delete-item="false"
	  aria-label="Add Tortilla Chips, Thin & Crispy, Twist of Lime to a List">
	  <span class="glyphicon glyphicon-th-list"></span>
	  <div class="list-cta-text  is-btn-animated">Add to List</div>
	</button>
	 
	<!-- this is the list HTML   -->
	<div class="save-to-list-popup  is-btn-animated animation-up dark" 
	  data-save-to-list-error="Can not get lists at this time. Please try again later."
	  data-product-name="Tortilla Chips, Thin & Crispy, Twist of Lime">
	  <div class="inner-container">
	  </div>
	  
	</div>
</div>

</div>
				</div>
			</div>


	<div class="module-plus-minus-buttons small hidden ">
			<button type="button" class="btn cart-change-qty" data-change-type="minus" data-auid="decrease-product-quantity" alt="Minus" aria-label="Minus">
				<span class="icon-minimize"></span>
			</button>
			<div class="plus-minus-input-wrapper">
				<input class="input-qty cart-change-qty" aria-label="Enter manual quantity" type="text" name="qty" title="Change quantity in cart"
							data-unit-type="ea"
							value="1ea" data-change-type="equals"
							maxlength="7">

						<span class="input-qty-pretty">
							<span class="input-qty-pretty-value">1</span>
							<span class="input-qty-pretty-unit"></span>
						</span>
					</div>

			<button type="button" class="btn cart-change-qty" data-change-type="plus" data-auid="increase-product-quantity" alt="Plus" aria-label="Plus">
				<span class="icon-plus-sign"></span>
			</button>

			<p class="deal-limit-reached hidden">Deal Limit Reached</p>

			<div class="tooltip-qty-error tooltip-qty-limit hidden">
				<p>
					Limit to
					&nbsp;
					999
					&nbsp;each&nbsp;
					per customer.</p>
			</div>
			<div class="tooltip-qty-error tooltip-round-error hidden">
				<p>
					We do not have this in the weight you wanted. We've rounded your order to the nearest weight increment we stock.</p>
			</div>
		</div>
	</form>

<!-- End Template: AddToCartSmall -->

</div>
</div>
<div class="item">
		









































	
	
		
		
		
		
			
		
	





























<div class="module-grocery-product quickview-simple  clicked" data-quickview-ajax-url="/p/20839412001_EA/quickViewProduct" data-product-id="20839412001_EA"  data-product-price="$1.88">
    
	
	
		<span class="subtitle"></span>
	

	<div class="product-page-hotspot">
	    <div class="product-cell quickview-button">
	  	    <div class="product-image ">
                
	  		    <img src="https://assets.shop.loblaws.ca/products/20839412001/b1/en/front/20839412001_front_a01.png" onerror="this.src='https://assets.shop.loblaws.ca/products/NoImage/b1/en/front/NoImage_front_a01_@2.png';" alt="Buffalo Wings And Blue Cheese Chips" />
                
	  			    
	  	        
                
                    
                

	  		    

	  		    

	  		    

	  		    <div class="hover-text-container">
	  			    <button href="#" tabindex="0" class="hover-text " aria-label="Quick View for Buffalo Wings And Blue Cheese Chips.">Quick View</button>
	  		    </div>
	  	    </div>
	    </div>

	    <div class="product-in-cart">
	  	    <div class="wrapper-product-in-cart">
	  		    <span>
	  			    In Cart
	  		    </span>
	  	    </div>
	    </div>

	    <div class="product-info">
	  	    <div class="product-name-wrapper">
	  		    <a href="/Food/Pantry/Chips-%26-Salty-Snacks/Potato-Chips/President%27s-Choice-Buffalo-Wings-And-Blue-Cheese-Chips/p/20839412001_EA" class="product-name" aria-label="Product page for Buffalo Wings And Blue Cheese Chips" >
	  			    <span class="js-product-entry-brand">President's Choice&nbsp;</span>

	  			    

	  			    <span class="js-product-entry-name">Buffalo Wings And Blue Cheese Chips</span>

	  			    <span class="js-product-entry-size-detail">(200 g)</span>

	  		    </a>
	  	    </div>
	  	    
	  	    
	  		    
	  		    
	  			    



	
	
		
		<span class="ad-match-badge  hidden">Ad Match</span>
	

	  				
	  			        
	  					
	  				        
	  					
	  				
	  		    
	  	    

	  	    <div class="price">
			    <div class="price-wrapper no-discount  ">
				    <span class="reg-price  " aria-label="Regular Price: $1.88">
					    <span class="reg-price-text">$1.88</span>
					    
					    <sup class="reg-price-unit">ea</sup>
				    </span>
				    <span class="sale-price hidden" aria-label="Sale Price:">
					    <span class="sale-price-text"></span>
					    <sup class="sale-price-unit">ea</sup>
				    </span>
				    
				    <span class="secondary-price hidden">
					    
					    <span class="secondary-price-text" aria-label="Secondary Price:"></span>
				    </span>
			    </div>
	  	    </div>

	  	    <div class="qty">
	  		    <span class="reg-qty  ">
		
			
		  	
		  		<span class="sr-only">Sale Price Per Unit:</span>
        $0.94
        /
        100
        g
		  	
	  	
	</span>

	<span class="sale-qty hidden">
		
			
		  	
		  		<span class="sr-only">Sale Price Per Unit:</span>
        $0.94
        /
        100
        g
		  	
	  	
	</span>

	<span class="secondary-qty hidden">
		
	  	<span class="secondary-qty-text"></span>
	</span>
	  	    </div>
	    </div>


	    

	    
	</div>
	<form class="form-product  quickview-btn-simple"
	  data-product-id="20839412001_EA"
	  data-min-qty="1.0"
	  data-max-qty="999.0"
	  data-unit-type="ea"
	  data-cart-qty="1"
	  data-default-qty="1"
	  novalidate="novalidate"
	  promoCode=""
	  promoNumber=""
	  data-is-customized="false"
	  data-cart-url="/cart/product/20839412001_EA"
	  data-csrf-token="5582ec01-90c0-448b-b4f7-e2cf68d9f8a0"
	  data-is-weighted-product="false">

	<div class="module-add-to-cart " data-change-type="plus" data-auto-edit="true" data-auto-add="true"
		 data-cart-ajax-url="/cart/updateCart">
		<div class="wrapper-add-to-cart-btn">
					<div class="module-add-to-cart-button-small">
							<button type="button" class="btn btn-secondary btn-add-to-cart " data-auid="add-to-cart-button" data-has-pts-badge="false" aria-label="Add Buffalo Wings And Blue Cheese Chips to cart">
										<span class="icon-cart"></span>
										<span class="add-to-cart-text">
											Add</span>
									</button>
									<button type="button" class="btn btn-secondary btn-edit-cart hidden " aria-label="Edit Cart">
										<span class="qty-in-cart"></span>
										<span class="edit-cart-text">
											<spring code="product.edit.text" />"
										</span>
									</button>
								<div class="add-list-parent add-list-module  bottom-add-list-module ">
	<button class="btn btn-inline-link btn-save-to-list  dark is-btn-animated" 
	  data-login-url="/account/login?productCode=20839412001_EA" 
	  data-ajax-url="/restful/lists/all?productCode=20839412001_EA" 
	  data-user-guest="Y" 
	  data-user-guest="Y" data-product-code="20839412001_EA" 
	  data-delete-item="false"
	  aria-label="Add Buffalo Wings And Blue Cheese Chips to a List">
	  <span class="glyphicon glyphicon-th-list"></span>
	  <div class="list-cta-text  is-btn-animated">Add to List</div>
	</button>
	 
	<!-- this is the list HTML   -->
	<div class="save-to-list-popup  is-btn-animated animation-up dark" 
	  data-save-to-list-error="Can not get lists at this time. Please try again later."
	  data-product-name="Buffalo Wings And Blue Cheese Chips">
	  <div class="inner-container">
	  </div>
	  
	</div>
</div>

</div>
				</div>
			</div>


	<div class="module-plus-minus-buttons small hidden ">
			<button type="button" class="btn cart-change-qty" data-change-type="minus" data-auid="decrease-product-quantity" alt="Minus" aria-label="Minus">
				<span class="icon-minimize"></span>
			</button>
			<div class="plus-minus-input-wrapper">
				<input class="input-qty cart-change-qty" aria-label="Enter manual quantity" type="text" name="qty" title="Change quantity in cart"
							data-unit-type="ea"
							value="1ea" data-change-type="equals"
							maxlength="7">

						<span class="input-qty-pretty">
							<span class="input-qty-pretty-value">1</span>
							<span class="input-qty-pretty-unit"></span>
						</span>
					</div>

			<button type="button" class="btn cart-change-qty" data-change-type="plus" data-auid="increase-product-quantity" alt="Plus" aria-label="Plus">
				<span class="icon-plus-sign"></span>
			</button>

			<p class="deal-limit-reached hidden">Deal Limit Reached</p>

			<div class="tooltip-qty-error tooltip-qty-limit hidden">
				<p>
					Limit to
					&nbsp;
					999
					&nbsp;each&nbsp;
					per customer.</p>
			</div>
			<div class="tooltip-qty-error tooltip-round-error hidden">
				<p>
					We do not have this in the weight you wanted. We've rounded your order to the nearest weight increment we stock.</p>
			</div>
		</div>
	</form>

<!-- End Template: AddToCartSmall -->

</div>
</div>
<div class="item">
		









































	
	
		
		
		
		
			
		
	





























<div class="module-grocery-product quickview-simple  clicked" data-quickview-ajax-url="/p/21050581_EA/quickViewProduct" data-product-id="21050581_EA"  data-product-price="$2.97">
    
	
	
		<span class="subtitle"></span>
	

	<div class="product-page-hotspot">
	    <div class="product-cell quickview-button">
	  	    <div class="product-image ">
                
	  		    <img src="https://assets.shop.loblaws.ca/products/21050581/b1/en/front/21050581_front_a01.png" onerror="this.src='https://assets.shop.loblaws.ca/products/NoImage/b1/en/front/NoImage_front_a01_@2.png';" alt="Tortilla Chips, Rounds" />
                
	  			    
	  			        <span class="sticker deal">
	  				        <span class="deal-badge">
	  				            
	  			                
	  				            

	  				            <span class="module-deal-badge module-deal-badge-grid simple-save-unit "
	  						        data-deal-type="2 FOR $5.00"
	  						        data-ajax-promo-url="/simpleDeal/deals/product-tile?productCode=21050581_EA"
	  						        data-deal-id="21050581_EA">
	  						        <span class="deal-type">2 FOR $5.00</span>
	  						            








	<span class="deal-expiry">
		Exp. 12/19
	</span>

	  					                
	  				            </span>
	  			            </span>
	  		            </span>
	  			        
	  	            
	  	        
                
                    
                

	  		    

	  		    

	  		    

	  		    <div class="hover-text-container">
	  			    <button href="#" tabindex="0" class="hover-text " aria-label="Quick View for Tortilla Chips, Rounds.">Quick View</button>
	  		    </div>
	  	    </div>
	    </div>

	    <div class="product-in-cart">
	  	    <div class="wrapper-product-in-cart">
	  		    <span>
	  			    In Cart
	  		    </span>
	  	    </div>
	    </div>

	    <div class="product-info">
	  	    <div class="product-name-wrapper">
	  		    <a href="/Food/Pantry/Chips-%26-Salty-Snacks/Tortilla-Chips/Tostitos-Tortilla-Chips%2C-Rounds/p/21050581_EA" class="product-name" aria-label="Product page for Tortilla Chips, Rounds" >
	  			    <span class="js-product-entry-brand">Tostitos&nbsp;</span>

	  			    

	  			    <span class="js-product-entry-name">Tortilla Chips, Rounds</span>

	  			    <span class="js-product-entry-size-detail">(295 g)</span>

	  		    </a>
	  	    </div>
	  	    
	  	    
	  		    
	  		    
	  			    



	
	
		
		<span class="ad-match-badge  hidden">Ad Match</span>
	

	  				
	  			        
	  					
	  				        
	  					
	  				
	  		    
	  	    

	  	    <div class="price">
			    <div class="price-wrapper no-discount  ">
				    <span class="reg-price  " aria-label="Regular Price: $2.97">
					    <span class="reg-price-text">$2.97</span>
					    
					    <sup class="reg-price-unit">ea</sup>
				    </span>
				    <span class="sale-price hidden" aria-label="Sale Price:">
					    <span class="sale-price-text"></span>
					    <sup class="sale-price-unit">ea</sup>
				    </span>
				    
				    <span class="secondary-price hidden">
					    
					    <span class="secondary-price-text" aria-label="Secondary Price:"></span>
				    </span>
			    </div>
	  	    </div>

	  	    <div class="qty">
	  		    <span class="reg-qty  ">
		
			
		  	
		  		<span class="sr-only">Sale Price Per Unit:</span>
        $1.01
        /
        100
        g
		  	
	  	
	</span>

	<span class="sale-qty hidden">
		
			
		  	
		  		<span class="sr-only">Sale Price Per Unit:</span>
        $1.01
        /
        100
        g
		  	
	  	
	</span>

	<span class="secondary-qty hidden">
		
	  	<span class="secondary-qty-text"></span>
	</span>
	  	    </div>
	    </div>


	    

	    
	</div>
	<form class="form-product  quickview-btn-simple"
	  data-product-id="21050581_EA"
	  data-min-qty="1.0"
	  data-max-qty="999.0"
	  data-unit-type="ea"
	  data-cart-qty="1"
	  data-default-qty="1"
	  novalidate="novalidate"
	  promoCode=""
	  promoNumber=""
	  data-is-customized="false"
	  data-cart-url="/cart/product/21050581_EA"
	  data-csrf-token="5582ec01-90c0-448b-b4f7-e2cf68d9f8a0"
	  data-is-weighted-product="false">

	<div class="module-add-to-cart " data-change-type="plus" data-auto-edit="true" data-auto-add="true"
		 data-cart-ajax-url="/cart/updateCart">
		<div class="wrapper-add-to-cart-btn">
					<div class="module-add-to-cart-button-small">
							<button type="button" class="btn btn-secondary btn-add-to-cart " data-auid="add-to-cart-button" data-has-pts-badge="false" aria-label="Add Tortilla Chips, Rounds to cart">
										<span class="icon-cart"></span>
										<span class="add-to-cart-text">
											Add</span>
									</button>
									<button type="button" class="btn btn-secondary btn-edit-cart hidden " aria-label="Edit Cart">
										<span class="qty-in-cart"></span>
										<span class="edit-cart-text">
											<spring code="product.edit.text" />"
										</span>
									</button>
								<div class="add-list-parent add-list-module  bottom-add-list-module ">
	<button class="btn btn-inline-link btn-save-to-list  dark is-btn-animated" 
	  data-login-url="/account/login?productCode=21050581_EA" 
	  data-ajax-url="/restful/lists/all?productCode=21050581_EA" 
	  data-user-guest="Y" 
	  data-user-guest="Y" data-product-code="21050581_EA" 
	  data-delete-item="false"
	  aria-label="Add Tortilla Chips, Rounds to a List">
	  <span class="glyphicon glyphicon-th-list"></span>
	  <div class="list-cta-text  is-btn-animated">Add to List</div>
	</button>
	 
	<!-- this is the list HTML   -->
	<div class="save-to-list-popup  is-btn-animated animation-up dark" 
	  data-save-to-list-error="Can not get lists at this time. Please try again later."
	  data-product-name="Tortilla Chips, Rounds">
	  <div class="inner-container">
	  </div>
	  
	</div>
</div>

</div>
				</div>
			</div>


	<div class="module-plus-minus-buttons small hidden ">
			<button type="button" class="btn cart-change-qty" data-change-type="minus" data-auid="decrease-product-quantity" alt="Minus" aria-label="Minus">
				<span class="icon-minimize"></span>
			</button>
			<div class="plus-minus-input-wrapper">
				<input class="input-qty cart-change-qty" aria-label="Enter manual quantity" type="text" name="qty" title="Change quantity in cart"
							data-unit-type="ea"
							value="1ea" data-change-type="equals"
							maxlength="7">

						<span class="input-qty-pretty">
							<span class="input-qty-pretty-value">1</span>
							<span class="input-qty-pretty-unit"></span>
						</span>
					</div>

			<button type="button" class="btn cart-change-qty" data-change-type="plus" data-auid="increase-product-quantity" alt="Plus" aria-label="Plus">
				<span class="icon-plus-sign"></span>
			</button>

			<p class="deal-limit-reached hidden">Deal Limit Reached</p>

			<div class="tooltip-qty-error tooltip-qty-limit hidden">
				<p>
					Limit to
					&nbsp;
					999
					&nbsp;each&nbsp;
					per customer.</p>
			</div>
			<div class="tooltip-qty-error tooltip-round-error hidden">
				<p>
					We do not have this in the weight you wanted. We've rounded your order to the nearest weight increment we stock.</p>
			</div>
		</div>
	</form>

<!-- End Template: AddToCartSmall -->

</div>
</div>
<div class="item">
		









































	
	
		
		
		
		
			
		
	





























<div class="module-grocery-product quickview-simple  clicked" data-quickview-ajax-url="/p/20839369_EA/quickViewProduct" data-product-id="20839369_EA"  data-product-price="$3.17">
    
	
	
		<span class="subtitle"></span>
	

	<div class="product-page-hotspot">
	    <div class="product-cell quickview-button">
	  	    <div class="product-image ">
                
	  		    <img src="https://assets.shop.loblaws.ca/products/20839369/b1/en/front/20839369_front_a01.png" onerror="this.src='https://assets.shop.loblaws.ca/products/NoImage/b1/en/front/NoImage_front_a01_@2.png';" alt="Wavy Potato Chips, Jalapeno Mac n' Cheese" />
                
	  			    
	  	        
                
                    
                

	  		    

	  		    
	  			    <span class="sticker deal">
	  				    <span class="deal-badge">
	  					    <span class="module-deal-badge module-deal-badge-feature flyer expires undefined">
	  						    <span class="deal-type">
								    Flyer<br />
	  							    Item
	  						    </span>
	  						    








	<span class="deal-expiry">
		Exp. 12/19
	</span>

	  					    </span>
	  				    </span>
	  			    </span>
	  			    
	  		    

	  		    

	  		    <div class="hover-text-container">
	  			    <button href="#" tabindex="0" class="hover-text " aria-label="Quick View for Wavy Potato Chips, Jalapeno Mac n' Cheese.">Quick View</button>
	  		    </div>
	  	    </div>
	    </div>

	    <div class="product-in-cart">
	  	    <div class="wrapper-product-in-cart">
	  		    <span>
	  			    In Cart
	  		    </span>
	  	    </div>
	    </div>

	    <div class="product-info">
	  	    <div class="product-name-wrapper">
	  		    <a href="/Food/Pantry/Chips-%26-Salty-Snacks/Potato-Chips/Lay%27s-WAVY-Wavy-Potato-Chips%2C-Jalapeno-Mac-n%27-Cheese/p/20839369_EA" class="product-name" aria-label="Product page for Wavy Potato Chips, Jalapeno Mac n' Cheese" >
	  			    <span class="js-product-entry-brand">Lay's&nbsp;</span>

	  			    

	  			    <span class="js-product-entry-name">Wavy Potato Chips, Jalapeno Mac n' Cheese</span>

	  			    <span class="js-product-entry-size-detail">(255 g)</span>

	  		    </a>
	  	    </div>
	  	    
	  	    
	  		    
	  		    
	  			    



	
	
		
		<span class="ad-match-badge  hidden">Ad Match</span>
	

	  				
	  			        
	  					
	  				        
	  					
	  				
	  		    
	  	    

	  	    <div class="price">
			    <div class="price-wrapper no-discount  ">
				    <span class="reg-price  " aria-label="Regular Price: $3.17">
					    <span class="reg-price-text">$3.17</span>
					    
					    <sup class="reg-price-unit">ea</sup>
				    </span>
				    <span class="sale-price hidden" aria-label="Sale Price:">
					    <span class="sale-price-text"></span>
					    <sup class="sale-price-unit">ea</sup>
				    </span>
				    
				    <span class="secondary-price hidden">
					    
					    <span class="secondary-price-text" aria-label="Secondary Price:"></span>
				    </span>
			    </div>
	  	    </div>

	  	    <div class="qty">
	  		    <span class="reg-qty  ">
		
			
		  	
		  		<span class="sr-only">Sale Price Per Unit:</span>
        $1.24
        /
        100
        g
		  	
	  	
	</span>

	<span class="sale-qty hidden">
		
			
		  	
		  		<span class="sr-only">Sale Price Per Unit:</span>
        $1.24
        /
        100
        g
		  	
	  	
	</span>

	<span class="secondary-qty hidden">
		
	  	<span class="secondary-qty-text"></span>
	</span>
	  	    </div>
	    </div>


	    

	    
	</div>
	<form class="form-product  quickview-btn-simple"
	  data-product-id="20839369_EA"
	  data-min-qty="1.0"
	  data-max-qty="999.0"
	  data-unit-type="ea"
	  data-cart-qty="1"
	  data-default-qty="1"
	  novalidate="novalidate"
	  promoCode=""
	  promoNumber=""
	  data-is-customized="false"
	  data-cart-url="/cart/product/20839369_EA"
	  data-csrf-token="5582ec01-90c0-448b-b4f7-e2cf68d9f8a0"
	  data-is-weighted-product="false">

	<div class="module-add-to-cart " data-change-type="plus" data-auto-edit="true" data-auto-add="true"
		 data-cart-ajax-url="/cart/updateCart">
		<div class="wrapper-add-to-cart-btn">
					<div class="module-add-to-cart-button-small">
							<button type="button" class="btn btn-secondary btn-add-to-cart " data-auid="add-to-cart-button" data-has-pts-badge="false" aria-label="Add Wavy Potato Chips, Jalapeno Mac n' Cheese to cart">
										<span class="icon-cart"></span>
										<span class="add-to-cart-text">
											Add</span>
									</button>
									<button type="button" class="btn btn-secondary btn-edit-cart hidden " aria-label="Edit Cart">
										<span class="qty-in-cart"></span>
										<span class="edit-cart-text">
											<spring code="product.edit.text" />"
										</span>
									</button>
								<div class="add-list-parent add-list-module  bottom-add-list-module ">
	<button class="btn btn-inline-link btn-save-to-list  dark is-btn-animated" 
	  data-login-url="/account/login?productCode=20839369_EA" 
	  data-ajax-url="/restful/lists/all?productCode=20839369_EA" 
	  data-user-guest="Y" 
	  data-user-guest="Y" data-product-code="20839369_EA" 
	  data-delete-item="false"
	  aria-label="Add Wavy Potato Chips, Jalapeno Mac n' Cheese to a List">
	  <span class="glyphicon glyphicon-th-list"></span>
	  <div class="list-cta-text  is-btn-animated">Add to List</div>
	</button>
	 
	<!-- this is the list HTML   -->
	<div class="save-to-list-popup  is-btn-animated animation-up dark" 
	  data-save-to-list-error="Can not get lists at this time. Please try again later."
	  data-product-name="Wavy Potato Chips, Jalapeno Mac n' Cheese">
	  <div class="inner-container">
	  </div>
	  
	</div>
</div>

</div>
				</div>
			</div>


	<div class="module-plus-minus-buttons small hidden ">
			<button type="button" class="btn cart-change-qty" data-change-type="minus" data-auid="decrease-product-quantity" alt="Minus" aria-label="Minus">
				<span class="icon-minimize"></span>
			</button>
			<div class="plus-minus-input-wrapper">
				<input class="input-qty cart-change-qty" aria-label="Enter manual quantity" type="text" name="qty" title="Change quantity in cart"
							data-unit-type="ea"
							value="1ea" data-change-type="equals"
							maxlength="7">

						<span class="input-qty-pretty">
							<span class="input-qty-pretty-value">1</span>
							<span class="input-qty-pretty-unit"></span>
						</span>
					</div>

			<button type="button" class="btn cart-change-qty" data-change-type="plus" data-auid="increase-product-quantity" alt="Plus" aria-label="Plus">
				<span class="icon-plus-sign"></span>
			</button>

			<p class="deal-limit-reached hidden">Deal Limit Reached</p>

			<div class="tooltip-qty-error tooltip-qty-limit hidden">
				<p>
					Limit to
					&nbsp;
					999
					&nbsp;each&nbsp;
					per customer.</p>
			</div>
			<div class="tooltip-qty-error tooltip-round-error hidden">
				<p>
					We do not have this in the weight you wanted. We've rounded your order to the nearest weight increment we stock.</p>
			</div>
		</div>
	</form>

<!-- End Template: AddToCartSmall -->

</div>
</div>
<div class="item">
		






































	




	
	
		
		
		
		
			
		
	





























<div class="module-grocery-product quickview-simple  clicked" data-quickview-ajax-url="/p/21056023_EA/quickViewProduct" data-product-id="21056023_EA"  data-product-price="$2.48">
    
	
	
		<span class="subtitle"></span>
	

	<div class="product-page-hotspot">
	    <div class="product-cell quickview-button">
	  	    <div class="product-image ">
                
	  		    <img src="https://assets.shop.loblaws.ca/products/21056023/b1/en/front/21056023_front_a01.png" onerror="this.src='https://assets.shop.loblaws.ca/products/NoImage/b1/en/front/NoImage_front_a01_@2.png';" alt="Chips, Pepperoncini" />
                
	  			    
	  			        <span class="sticker deal">
	  				        <span class="deal-badge">
	  				            
	  			                
	  				            

	  				            <span class="module-deal-badge module-deal-badge-grid simple-save-unit "
	  						        data-deal-type="$2.48 LIMIT 4"
	  						        data-ajax-promo-url="/simpleDeal/deals/product-tile?productCode=21056023_EA"
	  						        data-deal-id="21056023_EA">
	  						        <span class="deal-type">$2.48 LIMIT 4</span>
	  						            








	<span class="deal-expiry">
		Exp. 12/20
	</span>

	  					                
	  				            </span>
	  			            </span>
	  		            </span>
	  			        
	  	            
	  	        
                
                    
                

	  		    

	  		    

	  		    

	  		    <div class="hover-text-container">
	  			    <button href="#" tabindex="0" class="hover-text " aria-label="Quick View for Chips, Pepperoncini.">Quick View</button>
	  		    </div>
	  	    </div>
	    </div>

	    <div class="product-in-cart">
	  	    <div class="wrapper-product-in-cart">
	  		    <span>
	  			    In Cart
	  		    </span>
	  	    </div>
	    </div>

	    <div class="product-info">
	  	    <div class="product-name-wrapper">
	  		    <a href="/Food/Pantry/Chips-%26-Salty-Snacks/Potato-Chips/Kettle-Chips%2C-Pepperoncini/p/21056023_EA" class="product-name" aria-label="Product page for Chips, Pepperoncini" >
	  			    <span class="js-product-entry-brand">Kettle&nbsp;</span>

	  			    

	  			    <span class="js-product-entry-name">Chips, Pepperoncini</span>

	  			    <span class="js-product-entry-size-detail">(220 g)</span>

	  		    </a>
	  	    </div>
	  	    
	  	    
	  		    
	  		    
	  			    



	
	
		
		<span class="ad-match-badge  hidden">Ad Match</span>
	

	  				
	  			        
	  					
	  				        
	  					
	  				
	  		    
	  	    

	  	    <div class="price">
			    <div class="price-wrapper no-discount promo-alert ">
				    <span class="reg-price  price-alert" aria-label="Regular Price: $2.48">
					    <span class="reg-price-text">$2.48</span>
					    
					    <sup class="reg-price-unit">ea</sup>
				    </span>
				    <span class="sale-price hidden" aria-label="Sale Price:">
					    <span class="sale-price-text"></span>
					    <sup class="sale-price-unit">ea</sup>
				    </span>
				    
				    <span class="secondary-price hidden">
					    
					    <span class="secondary-price-text" aria-label="Secondary Price:"></span>
				    </span>
			    </div>
	  	    </div>

	  	    <div class="qty">
	  		    <span class="reg-qty  price-alert">
		
			
		  	
		  		<span class="sr-only">Sale Price Per Unit:</span>
        $1.13
        /
        100
        g
		  	
	  	
	</span>

	<span class="sale-qty hidden">
		
			
		  	
		  		<span class="sr-only">Sale Price Per Unit:</span>
        $1.13
        /
        100
        g
		  	
	  	
	</span>

	<span class="secondary-qty hidden">
		
	  	<span class="secondary-qty-text"></span>
	</span>
	  	    </div>
	    </div>


	    

	    
	</div>
	<form class="form-product  quickview-btn-simple"
	  data-product-id="21056023_EA"
	  data-min-qty="1.0"
	  data-max-qty="999.0"
	  data-unit-type="ea"
	  data-cart-qty="1"
	  data-default-qty="1"
	  novalidate="novalidate"
	  promoCode=""
	  promoNumber=""
	  data-is-customized="false"
	  data-cart-url="/cart/product/21056023_EA"
	  data-csrf-token="5582ec01-90c0-448b-b4f7-e2cf68d9f8a0"
	  data-is-weighted-product="false">

	<div class="module-add-to-cart " data-change-type="plus" data-auto-edit="true" data-auto-add="true"
		 data-cart-ajax-url="/cart/updateCart">
		<div class="wrapper-add-to-cart-btn">
					<div class="module-add-to-cart-button-small">
							<button type="button" class="btn btn-secondary btn-add-to-cart " data-auid="add-to-cart-button" data-has-pts-badge="false" aria-label="Add Chips, Pepperoncini to cart">
										<span class="icon-cart"></span>
										<span class="add-to-cart-text">
											Add</span>
									</button>
									<button type="button" class="btn btn-secondary btn-edit-cart hidden " aria-label="Edit Cart">
										<span class="qty-in-cart"></span>
										<span class="edit-cart-text">
											<spring code="product.edit.text" />"
										</span>
									</button>
								<div class="add-list-parent add-list-module  bottom-add-list-module ">
	<button class="btn btn-inline-link btn-save-to-list  dark is-btn-animated" 
	  data-login-url="/account/login?productCode=21056023_EA" 
	  data-ajax-url="/restful/lists/all?productCode=21056023_EA" 
	  data-user-guest="Y" 
	  data-user-guest="Y" data-product-code="21056023_EA" 
	  data-delete-item="false"
	  aria-label="Add Chips, Pepperoncini to a List">
	  <span class="glyphicon glyphicon-th-list"></span>
	  <div class="list-cta-text  is-btn-animated">Add to List</div>
	</button>
	 
	<!-- this is the list HTML   -->
	<div class="save-to-list-popup  is-btn-animated animation-up dark" 
	  data-save-to-list-error="Can not get lists at this time. Please try again later."
	  data-product-name="Chips, Pepperoncini">
	  <div class="inner-container">
	  </div>
	  
	</div>
</div>

</div>
				</div>
			</div>


	<div class="module-plus-minus-buttons small hidden ">
			<button type="button" class="btn cart-change-qty" data-change-type="minus" data-auid="decrease-product-quantity" alt="Minus" aria-label="Minus">
				<span class="icon-minimize"></span>
			</button>
			<div class="plus-minus-input-wrapper">
				<input class="input-qty cart-change-qty" aria-label="Enter manual quantity" type="text" name="qty" title="Change quantity in cart"
							data-unit-type="ea"
							value="1ea" data-change-type="equals"
							maxlength="7">

						<span class="input-qty-pretty">
							<span class="input-qty-pretty-value">1</span>
							<span class="input-qty-pretty-unit"></span>
						</span>
					</div>

			<button type="button" class="btn cart-change-qty" data-change-type="plus" data-auid="increase-product-quantity" alt="Plus" aria-label="Plus">
				<span class="icon-plus-sign"></span>
			</button>

			<p class="deal-limit-reached hidden">Deal Limit Reached</p>

			<div class="tooltip-qty-error tooltip-qty-limit hidden">
				<p>
					Limit to
					&nbsp;
					999
					&nbsp;each&nbsp;
					per customer.</p>
			</div>
			<div class="tooltip-qty-error tooltip-round-error hidden">
				<p>
					We do not have this in the weight you wanted. We've rounded your order to the nearest weight increment we stock.</p>
			</div>
		</div>
	</form>

<!-- End Template: AddToCartSmall -->

</div>
</div>
<div class="item">
		









































	
	
		
		
		
		
			
		
	





























<div class="module-grocery-product quickview-simple  clicked" data-quickview-ajax-url="/p/21013349_EA/quickViewProduct" data-product-id="21013349_EA"  data-product-price="$1.98">
    
	
	
		<span class="subtitle"></span>
	

	<div class="product-page-hotspot">
	    <div class="product-cell quickview-button">
	  	    <div class="product-image ">
                
	  		    <img src="https://assets.shop.loblaws.ca/products/21013349/b1/en/front/21013349_front_a01.png" onerror="this.src='https://assets.shop.loblaws.ca/products/NoImage/b1/en/front/NoImage_front_a01_@2.png';" alt="Tortilla Chips, Nacho Cheese" />
                
	  			    
	  			        <span class="sticker deal">
	  				        <span class="deal-badge">
	  				            
	  			                
	  				            

	  				            <span class="module-deal-badge module-deal-badge-grid simple-save-unit "
	  						        data-deal-type="3 FOR $5.31"
	  						        data-ajax-promo-url="/simpleDeal/deals/product-tile?productCode=21013349_EA"
	  						        data-deal-id="21013349_EA">
	  						        <span class="deal-type">3 FOR $5.31</span>
	  						            








	<span class="deal-expiry">
		Exp. 12/31
	</span>

	  					                
	  				            </span>
	  			            </span>
	  		            </span>
	  			        
	  	            
	  	        
                
                    
                

	  		    

	  		    

	  		    

	  		    <div class="hover-text-container">
	  			    <button href="#" tabindex="0" class="hover-text " aria-label="Quick View for Tortilla Chips, Nacho Cheese.">Quick View</button>
	  		    </div>
	  	    </div>
	    </div>

	    <div class="product-in-cart">
	  	    <div class="wrapper-product-in-cart">
	  		    <span>
	  			    In Cart
	  		    </span>
	  	    </div>
	    </div>

	    <div class="product-info">
	  	    <div class="product-name-wrapper">
	  		    <a href="/Food/Pantry/Chips-%26-Salty-Snacks/Potato-Chips/No-Name-Tortilla-Chips%2C-Nacho-Cheese/p/21013349_EA" class="product-name" aria-label="Product page for Tortilla Chips, Nacho Cheese" >
	  			    <span class="js-product-entry-brand">No Name&nbsp;</span>

	  			    

	  			    <span class="js-product-entry-name">Tortilla Chips, Nacho Cheese</span>

	  			    <span class="js-product-entry-size-detail">(200 g)</span>

	  		    </a>
	  	    </div>
	  	    
	  	    
	  		    
	  		    
	  			    



	
	
		
		<span class="ad-match-badge  hidden">Ad Match</span>
	

	  				
	  			        
	  					
	  				        
	  					
	  				
	  		    
	  	    

	  	    <div class="price">
			    <div class="price-wrapper no-discount  ">
				    <span class="reg-price  " aria-label="Regular Price: $1.98">
					    <span class="reg-price-text">$1.98</span>
					    
					    <sup class="reg-price-unit">ea</sup>
				    </span>
				    <span class="sale-price hidden" aria-label="Sale Price:">
					    <span class="sale-price-text"></span>
					    <sup class="sale-price-unit">ea</sup>
				    </span>
				    
				    <span class="secondary-price hidden">
					    
					    <span class="secondary-price-text" aria-label="Secondary Price:"></span>
				    </span>
			    </div>
	  	    </div>

	  	    <div class="qty">
	  		    <span class="reg-qty  ">
		
			
		  	
		  		<span class="sr-only">Sale Price Per Unit:</span>
        $0.99
        /
        100
        g
		  	
	  	
	</span>

	<span class="sale-qty hidden">
		
			
		  	
		  		<span class="sr-only">Sale Price Per Unit:</span>
        $0.99
        /
        100
        g
		  	
	  	
	</span>

	<span class="secondary-qty hidden">
		
	  	<span class="secondary-qty-text"></span>
	</span>
	  	    </div>
	    </div>


	    

	    
	</div>
	<form class="form-product  quickview-btn-simple"
	  data-product-id="21013349_EA"
	  data-min-qty="1.0"
	  data-max-qty="999.0"
	  data-unit-type="ea"
	  data-cart-qty="1"
	  data-default-qty="1"
	  novalidate="novalidate"
	  promoCode=""
	  promoNumber=""
	  data-is-customized="false"
	  data-cart-url="/cart/product/21013349_EA"
	  data-csrf-token="5582ec01-90c0-448b-b4f7-e2cf68d9f8a0"
	  data-is-weighted-product="false">

	<div class="module-add-to-cart " data-change-type="plus" data-auto-edit="true" data-auto-add="true"
		 data-cart-ajax-url="/cart/updateCart">
		<div class="wrapper-add-to-cart-btn">
					<div class="module-add-to-cart-button-small">
							<button type="button" class="btn btn-secondary btn-add-to-cart " data-auid="add-to-cart-button" data-has-pts-badge="false" aria-label="Add Tortilla Chips, Nacho Cheese to cart">
										<span class="icon-cart"></span>
										<span class="add-to-cart-text">
											Add</span>
									</button>
									<button type="button" class="btn btn-secondary btn-edit-cart hidden " aria-label="Edit Cart">
										<span class="qty-in-cart"></span>
										<span class="edit-cart-text">
											<spring code="product.edit.text" />"
										</span>
									</button>
								<div class="add-list-parent add-list-module  bottom-add-list-module ">
	<button class="btn btn-inline-link btn-save-to-list  dark is-btn-animated" 
	  data-login-url="/account/login?productCode=21013349_EA" 
	  data-ajax-url="/restful/lists/all?productCode=21013349_EA" 
	  data-user-guest="Y" 
	  data-user-guest="Y" data-product-code="21013349_EA" 
	  data-delete-item="false"
	  aria-label="Add Tortilla Chips, Nacho Cheese to a List">
	  <span class="glyphicon glyphicon-th-list"></span>
	  <div class="list-cta-text  is-btn-animated">Add to List</div>
	</button>
	 
	<!-- this is the list HTML   -->
	<div class="save-to-list-popup  is-btn-animated animation-up dark" 
	  data-save-to-list-error="Can not get lists at this time. Please try again later."
	  data-product-name="Tortilla Chips, Nacho Cheese">
	  <div class="inner-container">
	  </div>
	  
	</div>
</div>

</div>
				</div>
			</div>


	<div class="module-plus-minus-buttons small hidden ">
			<button type="button" class="btn cart-change-qty" data-change-type="minus" data-auid="decrease-product-quantity" alt="Minus" aria-label="Minus">
				<span class="icon-minimize"></span>
			</button>
			<div class="plus-minus-input-wrapper">
				<input class="input-qty cart-change-qty" aria-label="Enter manual quantity" type="text" name="qty" title="Change quantity in cart"
							data-unit-type="ea"
							value="1ea" data-change-type="equals"
							maxlength="7">

						<span class="input-qty-pretty">
							<span class="input-qty-pretty-value">1</span>
							<span class="input-qty-pretty-unit"></span>
						</span>
					</div>

			<button type="button" class="btn cart-change-qty" data-change-type="plus" data-auid="increase-product-quantity" alt="Plus" aria-label="Plus">
				<span class="icon-plus-sign"></span>
			</button>

			<p class="deal-limit-reached hidden">Deal Limit Reached</p>

			<div class="tooltip-qty-error tooltip-qty-limit hidden">
				<p>
					Limit to
					&nbsp;
					999
					&nbsp;each&nbsp;
					per customer.</p>
			</div>
			<div class="tooltip-qty-error tooltip-round-error hidden">
				<p>
					We do not have this in the weight you wanted. We've rounded your order to the nearest weight increment we stock.</p>
			</div>
		</div>
	</form>

<!-- End Template: AddToCartSmall -->

</div>
</div>
<div class="item">
		









































	
	
		
		
		
		
			
		
	





























<div class="module-grocery-product quickview-simple  clicked" data-quickview-ajax-url="/p/20962493_EA/quickViewProduct" data-product-id="20962493_EA"  data-product-price="$1.98">
    
	
	
		<span class="subtitle"></span>
	

	<div class="product-page-hotspot">
	    <div class="product-cell quickview-button">
	  	    <div class="product-image ">
                
	  		    <img src="https://assets.shop.loblaws.ca/products/20962493/b1/en/front/20962493_front_a01.png" onerror="this.src='https://assets.shop.loblaws.ca/products/NoImage/b1/en/front/NoImage_front_a01_@2.png';" alt="Crunchy Cheddar Snacks" />
                
	  			    
	  			        <span class="sticker deal">
	  				        <span class="deal-badge">
	  				            
	  			                
	  				            

	  				            <span class="module-deal-badge module-deal-badge-grid simple-save-unit "
	  						        data-deal-type="2 FOR $3.56"
	  						        data-ajax-promo-url="/simpleDeal/deals/product-tile?productCode=20962493_EA"
	  						        data-deal-id="20962493_EA">
	  						        <span class="deal-type">2 FOR $3.56</span>
	  						            








	<span class="deal-expiry">
		Exp. 12/31
	</span>

	  					                
	  				            </span>
	  			            </span>
	  		            </span>
	  			        
	  	            
	  	        
                
                    
                

	  		    

	  		    

	  		    

	  		    <div class="hover-text-container">
	  			    <button href="#" tabindex="0" class="hover-text " aria-label="Quick View for Crunchy Cheddar Snacks.">Quick View</button>
	  		    </div>
	  	    </div>
	    </div>

	    <div class="product-in-cart">
	  	    <div class="wrapper-product-in-cart">
	  		    <span>
	  			    In Cart
	  		    </span>
	  	    </div>
	    </div>

	    <div class="product-info">
	  	    <div class="product-name-wrapper">
	  		    <a href="/Food/Pantry/Chips-%26-Salty-Snacks/Potato-Chips/No-Name-Crunchy-Cheddar-Snacks/p/20962493_EA" class="product-name" aria-label="Product page for Crunchy Cheddar Snacks" >
	  			    <span class="js-product-entry-brand">No Name&nbsp;</span>

	  			    

	  			    <span class="js-product-entry-name">Crunchy Cheddar Snacks</span>

	  			    <span class="js-product-entry-size-detail">(200 g)</span>

	  		    </a>
	  	    </div>
	  	    
	  	    
	  		    
	  		    
	  			    



	
	
		
		<span class="ad-match-badge  hidden">Ad Match</span>
	

	  				
	  			        
	  					
	  				        
	  					
	  				
	  		    
	  	    

	  	    <div class="price">
			    <div class="price-wrapper no-discount  ">
				    <span class="reg-price  " aria-label="Regular Price: $1.98">
					    <span class="reg-price-text">$1.98</span>
					    
					    <sup class="reg-price-unit">ea</sup>
				    </span>
				    <span class="sale-price hidden" aria-label="Sale Price:">
					    <span class="sale-price-text"></span>
					    <sup class="sale-price-unit">ea</sup>
				    </span>
				    
				    <span class="secondary-price hidden">
					    
					    <span class="secondary-price-text" aria-label="Secondary Price:"></span>
				    </span>
			    </div>
	  	    </div>

	  	    <div class="qty">
	  		    <span class="reg-qty  ">
		
			
		  	
		  		<span class="sr-only">Sale Price Per Unit:</span>
        $0.99
        /
        100
        g
		  	
	  	
	</span>

	<span class="sale-qty hidden">
		
			
		  	
		  		<span class="sr-only">Sale Price Per Unit:</span>
        $0.99
        /
        100
        g
		  	
	  	
	</span>

	<span class="secondary-qty hidden">
		
	  	<span class="secondary-qty-text"></span>
	</span>
	  	    </div>
	    </div>


	    

	    
	</div>
	<form class="form-product  quickview-btn-simple"
	  data-product-id="20962493_EA"
	  data-min-qty="1.0"
	  data-max-qty="999.0"
	  data-unit-type="ea"
	  data-cart-qty="1"
	  data-default-qty="1"
	  novalidate="novalidate"
	  promoCode=""
	  promoNumber=""
	  data-is-customized="false"
	  data-cart-url="/cart/product/20962493_EA"
	  data-csrf-token="5582ec01-90c0-448b-b4f7-e2cf68d9f8a0"
	  data-is-weighted-product="false">

	<div class="module-add-to-cart " data-change-type="plus" data-auto-edit="true" data-auto-add="true"
		 data-cart-ajax-url="/cart/updateCart">
		<div class="wrapper-add-to-cart-btn">
					<div class="module-add-to-cart-button-small">
							<button type="button" class="btn btn-secondary btn-add-to-cart " data-auid="add-to-cart-button" data-has-pts-badge="false" aria-label="Add Crunchy Cheddar Snacks to cart">
										<span class="icon-cart"></span>
										<span class="add-to-cart-text">
											Add</span>
									</button>
									<button type="button" class="btn btn-secondary btn-edit-cart hidden " aria-label="Edit Cart">
										<span class="qty-in-cart"></span>
										<span class="edit-cart-text">
											<spring code="product.edit.text" />"
										</span>
									</button>
								<div class="add-list-parent add-list-module  bottom-add-list-module ">
	<button class="btn btn-inline-link btn-save-to-list  dark is-btn-animated" 
	  data-login-url="/account/login?productCode=20962493_EA" 
	  data-ajax-url="/restful/lists/all?productCode=20962493_EA" 
	  data-user-guest="Y" 
	  data-user-guest="Y" data-product-code="20962493_EA" 
	  data-delete-item="false"
	  aria-label="Add Crunchy Cheddar Snacks to a List">
	  <span class="glyphicon glyphicon-th-list"></span>
	  <div class="list-cta-text  is-btn-animated">Add to List</div>
	</button>
	 
	<!-- this is the list HTML   -->
	<div class="save-to-list-popup  is-btn-animated animation-up dark" 
	  data-save-to-list-error="Can not get lists at this time. Please try again later."
	  data-product-name="Crunchy Cheddar Snacks">
	  <div class="inner-container">
	  </div>
	  
	</div>
</div>

</div>
				</div>
			</div>


	<div class="module-plus-minus-buttons small hidden ">
			<button type="button" class="btn cart-change-qty" data-change-type="minus" data-auid="decrease-product-quantity" alt="Minus" aria-label="Minus">
				<span class="icon-minimize"></span>
			</button>
			<div class="plus-minus-input-wrapper">
				<input class="input-qty cart-change-qty" aria-label="Enter manual quantity" type="text" name="qty" title="Change quantity in cart"
							data-unit-type="ea"
							value="1ea" data-change-type="equals"
							maxlength="7">

						<span class="input-qty-pretty">
							<span class="input-qty-pretty-value">1</span>
							<span class="input-qty-pretty-unit"></span>
						</span>
					</div>

			<button type="button" class="btn cart-change-qty" data-change-type="plus" data-auid="increase-product-quantity" alt="Plus" aria-label="Plus">
				<span class="icon-plus-sign"></span>
			</button>

			<p class="deal-limit-reached hidden">Deal Limit Reached</p>

			<div class="tooltip-qty-error tooltip-qty-limit hidden">
				<p>
					Limit to
					&nbsp;
					999
					&nbsp;each&nbsp;
					per customer.</p>
			</div>
			<div class="tooltip-qty-error tooltip-round-error hidden">
				<p>
					We do not have this in the weight you wanted. We've rounded your order to the nearest weight increment we stock.</p>
			</div>
		</div>
	</form>

<!-- End Template: AddToCartSmall -->

</div>
</div>
<div class="item">
		









































	
	
		
		
		
		
			
		
	





























<div class="module-grocery-product quickview-simple  clicked" data-quickview-ajax-url="/p/20128214_EA/quickViewProduct" data-product-id="20128214_EA"  data-product-price="$2.78">
    
	
	
		<span class="subtitle"></span>
	

	<div class="product-page-hotspot">
	    <div class="product-cell quickview-button">
	  	    <div class="product-image ">
                
	  		    <img src="https://assets.shop.loblaws.ca/products/20128214/b1/en/front/20128214_front_a01.png" onerror="this.src='https://assets.shop.loblaws.ca/products/NoImage/b1/en/front/NoImage_front_a01_@2.png';" alt="Murukku" />
                
	  			    
	  	        
                
                    
                

	  		    

	  		    

	  		    

	  		    <div class="hover-text-container">
	  			    <button href="#" tabindex="0" class="hover-text " aria-label="Quick View for Murukku.">Quick View</button>
	  		    </div>
	  	    </div>
	    </div>

	    <div class="product-in-cart">
	  	    <div class="wrapper-product-in-cart">
	  		    <span>
	  			    In Cart
	  		    </span>
	  	    </div>
	    </div>

	    <div class="product-info">
	  	    <div class="product-name-wrapper">
	  		    <a href="/Food/Pantry/Condiments-%26-Toppings/Salsa-%26-Guacamole/Murukku/p/20128214_EA" class="product-name" aria-label="Product page for Murukku" >
	  			    <span class="js-product-entry-brand">Haldiram&nbsp;</span>

	  			    

	  			    <span class="js-product-entry-name">Murukku</span>

	  			    <span class="js-product-entry-size-detail">(200 g)</span>

	  		    </a>
	  	    </div>
	  	    
	  	    
	  		    
	  		    
	  			    



	
	
		
		<span class="ad-match-badge  hidden">Ad Match</span>
	

	  				
	  			        
	  					
	  				        
	  					
	  				
	  		    
	  	    

	  	    <div class="price">
			    <div class="price-wrapper no-discount  ">
				    <span class="reg-price  " aria-label="Regular Price: $2.78">
					    <span class="reg-price-text">$2.78</span>
					    
					    <sup class="reg-price-unit">ea</sup>
				    </span>
				    <span class="sale-price hidden" aria-label="Sale Price:">
					    <span class="sale-price-text"></span>
					    <sup class="sale-price-unit">ea</sup>
				    </span>
				    
				    <span class="secondary-price hidden">
					    
					    <span class="secondary-price-text" aria-label="Secondary Price:"></span>
				    </span>
			    </div>
	  	    </div>

	  	    <div class="qty">
	  		    <span class="reg-qty  ">
		
			
		  	
		  		<span class="sr-only">Sale Price Per Unit:</span>
        $1.39
        /
        100
        g
		  	
	  	
	</span>

	<span class="sale-qty hidden">
		
			
		  	
		  		<span class="sr-only">Sale Price Per Unit:</span>
        $1.39
        /
        100
        g
		  	
	  	
	</span>

	<span class="secondary-qty hidden">
		
	  	<span class="secondary-qty-text"></span>
	</span>
	  	    </div>
	    </div>


	    

	    
	</div>
	<form class="form-product  quickview-btn-simple"
	  data-product-id="20128214_EA"
	  data-min-qty="1.0"
	  data-max-qty="999.0"
	  data-unit-type="ea"
	  data-cart-qty="1"
	  data-default-qty="1"
	  novalidate="novalidate"
	  promoCode=""
	  promoNumber=""
	  data-is-customized="false"
	  data-cart-url="/cart/product/20128214_EA"
	  data-csrf-token="5582ec01-90c0-448b-b4f7-e2cf68d9f8a0"
	  data-is-weighted-product="false">

	<div class="module-add-to-cart " data-change-type="plus" data-auto-edit="true" data-auto-add="true"
		 data-cart-ajax-url="/cart/updateCart">
		<div class="wrapper-add-to-cart-btn">
					<div class="module-add-to-cart-button-small">
							<button type="button" class="btn btn-secondary btn-add-to-cart " data-auid="add-to-cart-button" data-has-pts-badge="false" aria-label="Add Murukku to cart">
										<span class="icon-cart"></span>
										<span class="add-to-cart-text">
											Add</span>
									</button>
									<button type="button" class="btn btn-secondary btn-edit-cart hidden " aria-label="Edit Cart">
										<span class="qty-in-cart"></span>
										<span class="edit-cart-text">
											<spring code="product.edit.text" />"
										</span>
									</button>
								<div class="add-list-parent add-list-module  bottom-add-list-module ">
	<button class="btn btn-inline-link btn-save-to-list  dark is-btn-animated" 
	  data-login-url="/account/login?productCode=20128214_EA" 
	  data-ajax-url="/restful/lists/all?productCode=20128214_EA" 
	  data-user-guest="Y" 
	  data-user-guest="Y" data-product-code="20128214_EA" 
	  data-delete-item="false"
	  aria-label="Add Murukku to a List">
	  <span class="glyphicon glyphicon-th-list"></span>
	  <div class="list-cta-text  is-btn-animated">Add to List</div>
	</button>
	 
	<!-- this is the list HTML   -->
	<div class="save-to-list-popup  is-btn-animated animation-up dark" 
	  data-save-to-list-error="Can not get lists at this time. Please try again later."
	  data-product-name="Murukku">
	  <div class="inner-container">
	  </div>
	  
	</div>
</div>

</div>
				</div>
			</div>


	<div class="module-plus-minus-buttons small hidden ">
			<button type="button" class="btn cart-change-qty" data-change-type="minus" data-auid="decrease-product-quantity" alt="Minus" aria-label="Minus">
				<span class="icon-minimize"></span>
			</button>
			<div class="plus-minus-input-wrapper">
				<input class="input-qty cart-change-qty" aria-label="Enter manual quantity" type="text" name="qty" title="Change quantity in cart"
							data-unit-type="ea"
							value="1ea" data-change-type="equals"
							maxlength="7">

						<span class="input-qty-pretty">
							<span class="input-qty-pretty-value">1</span>
							<span class="input-qty-pretty-unit"></span>
						</span>
					</div>

			<button type="button" class="btn cart-change-qty" data-change-type="plus" data-auid="increase-product-quantity" alt="Plus" aria-label="Plus">
				<span class="icon-plus-sign"></span>
			</button>

			<p class="deal-limit-reached hidden">Deal Limit Reached</p>

			<div class="tooltip-qty-error tooltip-qty-limit hidden">
				<p>
					Limit to
					&nbsp;
					999
					&nbsp;each&nbsp;
					per customer.</p>
			</div>
			<div class="tooltip-qty-error tooltip-round-error hidden">
				<p>
					We do not have this in the weight you wanted. We've rounded your order to the nearest weight increment we stock.</p>
			</div>
		</div>
	</form>

<!-- End Template: AddToCartSmall -->

</div>
</div>
<div class="item">
		









































	
	
		
		
		
		
			
		
	





























<div class="module-grocery-product quickview-simple  clicked" data-quickview-ajax-url="/p/20945417_EA/quickViewProduct" data-product-id="20945417_EA"  data-product-price="$3.97">
    
	
	
		<span class="subtitle"></span>
	

	<div class="product-page-hotspot">
	    <div class="product-cell quickview-button">
	  	    <div class="product-image ">
                
	  		    <img src="https://assets.shop.loblaws.ca/products/20945417/b1/en/front/20945417_front_a01.png" onerror="this.src='https://assets.shop.loblaws.ca/products/NoImage/b1/en/front/NoImage_front_a01_@2.png';" alt="Kettle Cooked Potato Chips, Sour Cream & Caramelized Onion" />
                
	  			    
	  	        
                
                    
                

	  		    

	  		    

	  		    

	  		    <div class="hover-text-container">
	  			    <button href="#" tabindex="0" class="hover-text " aria-label="Quick View for Kettle Cooked Potato Chips, Sour Cream & Caramelized Onion.">Quick View</button>
	  		    </div>
	  	    </div>
	    </div>

	    <div class="product-in-cart">
	  	    <div class="wrapper-product-in-cart">
	  		    <span>
	  			    In Cart
	  		    </span>
	  	    </div>
	    </div>

	    <div class="product-info">
	  	    <div class="product-name-wrapper">
	  		    <a href="/Food/Pantry/Chips-%26-Salty-Snacks/Potato-Chips/Miss-Vickies-Kettle-Cooked-Potato-Chips%2C-Sour-Cream-%26-Caramelized-Onion/p/20945417_EA" class="product-name" aria-label="Product page for Kettle Cooked Potato Chips, Sour Cream & Caramelized Onion" >
	  			    <span class="js-product-entry-brand">Miss Vickies&nbsp;</span>

	  			    

	  			    <span class="js-product-entry-name">Kettle Cooked Potato Chips, Sour Cream & Caramelized Onion</span>

	  			    <span class="js-product-entry-size-detail">(220 g)</span>

	  		    </a>
	  	    </div>
	  	    
	  	    
	  		    
	  		    
	  			    



	
	
		
		<span class="ad-match-badge  hidden">Ad Match</span>
	

	  				
	  			        
	  					
	  				        
	  					
	  				
	  		    
	  	    

	  	    <div class="price">
			    <div class="price-wrapper no-discount  ">
				    <span class="reg-price  " aria-label="Regular Price: $3.97">
					    <span class="reg-price-text">$3.97</span>
					    
					    <sup class="reg-price-unit">ea</sup>
				    </span>
				    <span class="sale-price hidden" aria-label="Sale Price:">
					    <span class="sale-price-text"></span>
					    <sup class="sale-price-unit">ea</sup>
				    </span>
				    
				    <span class="secondary-price hidden">
					    
					    <span class="secondary-price-text" aria-label="Secondary Price:"></span>
				    </span>
			    </div>
	  	    </div>

	  	    <div class="qty">
	  		    <span class="reg-qty  ">
		
			
		  	
		  		<span class="sr-only">Sale Price Per Unit:</span>
        $1.80
        /
        100
        g
		  	
	  	
	</span>

	<span class="sale-qty hidden">
		
			
		  	
		  		<span class="sr-only">Sale Price Per Unit:</span>
        $1.80
        /
        100
        g
		  	
	  	
	</span>

	<span class="secondary-qty hidden">
		
	  	<span class="secondary-qty-text"></span>
	</span>
	  	    </div>
	    </div>


	    

	    
	</div>
	<form class="form-product  quickview-btn-simple"
	  data-product-id="20945417_EA"
	  data-min-qty="1.0"
	  data-max-qty="999.0"
	  data-unit-type="ea"
	  data-cart-qty="1"
	  data-default-qty="1"
	  novalidate="novalidate"
	  promoCode=""
	  promoNumber=""
	  data-is-customized="false"
	  data-cart-url="/cart/product/20945417_EA"
	  data-csrf-token="5582ec01-90c0-448b-b4f7-e2cf68d9f8a0"
	  data-is-weighted-product="false">

	<div class="module-add-to-cart " data-change-type="plus" data-auto-edit="true" data-auto-add="true"
		 data-cart-ajax-url="/cart/updateCart">
		<div class="wrapper-add-to-cart-btn">
					<div class="module-add-to-cart-button-small">
							<button type="button" class="btn btn-secondary btn-add-to-cart " data-auid="add-to-cart-button" data-has-pts-badge="false" aria-label="Add Kettle Cooked Potato Chips, Sour Cream & Caramelized Onion to cart">
										<span class="icon-cart"></span>
										<span class="add-to-cart-text">
											Add</span>
									</button>
									<button type="button" class="btn btn-secondary btn-edit-cart hidden " aria-label="Edit Cart">
										<span class="qty-in-cart"></span>
										<span class="edit-cart-text">
											<spring code="product.edit.text" />"
										</span>
									</button>
								<div class="add-list-parent add-list-module  bottom-add-list-module ">
	<button class="btn btn-inline-link btn-save-to-list  dark is-btn-animated" 
	  data-login-url="/account/login?productCode=20945417_EA" 
	  data-ajax-url="/restful/lists/all?productCode=20945417_EA" 
	  data-user-guest="Y" 
	  data-user-guest="Y" data-product-code="20945417_EA" 
	  data-delete-item="false"
	  aria-label="Add Kettle Cooked Potato Chips, Sour Cream & Caramelized Onion to a List">
	  <span class="glyphicon glyphicon-th-list"></span>
	  <div class="list-cta-text  is-btn-animated">Add to List</div>
	</button>
	 
	<!-- this is the list HTML   -->
	<div class="save-to-list-popup  is-btn-animated animation-up dark" 
	  data-save-to-list-error="Can not get lists at this time. Please try again later."
	  data-product-name="Kettle Cooked Potato Chips, Sour Cream & Caramelized Onion">
	  <div class="inner-container">
	  </div>
	  
	</div>
</div>

</div>
				</div>
			</div>


	<div class="module-plus-minus-buttons small hidden ">
			<button type="button" class="btn cart-change-qty" data-change-type="minus" data-auid="decrease-product-quantity" alt="Minus" aria-label="Minus">
				<span class="icon-minimize"></span>
			</button>
			<div class="plus-minus-input-wrapper">
				<input class="input-qty cart-change-qty" aria-label="Enter manual quantity" type="text" name="qty" title="Change quantity in cart"
							data-unit-type="ea"
							value="1ea" data-change-type="equals"
							maxlength="7">

						<span class="input-qty-pretty">
							<span class="input-qty-pretty-value">1</span>
							<span class="input-qty-pretty-unit"></span>
						</span>
					</div>

			<button type="button" class="btn cart-change-qty" data-change-type="plus" data-auid="increase-product-quantity" alt="Plus" aria-label="Plus">
				<span class="icon-plus-sign"></span>
			</button>

			<p class="deal-limit-reached hidden">Deal Limit Reached</p>

			<div class="tooltip-qty-error tooltip-qty-limit hidden">
				<p>
					Limit to
					&nbsp;
					999
					&nbsp;each&nbsp;
					per customer.</p>
			</div>
			<div class="tooltip-qty-error tooltip-round-error hidden">
				<p>
					We do not have this in the weight you wanted. We've rounded your order to the nearest weight increment we stock.</p>
			</div>
		</div>
	</form>

<!-- End Template: AddToCartSmall -->

</div>
</div>
<div class="item">
		









































	
	
		
		
		
		
			
		
	





























<div class="module-grocery-product quickview-simple  clicked" data-quickview-ajax-url="/p/21013346_EA/quickViewProduct" data-product-id="21013346_EA"  data-product-price="$1.98">
    
	
	
		<span class="subtitle"></span>
	

	<div class="product-page-hotspot">
	    <div class="product-cell quickview-button">
	  	    <div class="product-image ">
                
	  		    <img src="https://assets.shop.loblaws.ca/products/21013346/b1/en/front/21013346_front_a01.png" onerror="this.src='https://assets.shop.loblaws.ca/products/NoImage/b1/en/front/NoImage_front_a01_@2.png';" alt="Tortilla Chips, Sweet Chili" />
                
	  			    
	  			        <span class="sticker deal">
	  				        <span class="deal-badge">
	  				            
	  			                
	  				            

	  				            <span class="module-deal-badge module-deal-badge-grid simple-save-unit "
	  						        data-deal-type="3 FOR $5.31"
	  						        data-ajax-promo-url="/simpleDeal/deals/product-tile?productCode=21013346_EA"
	  						        data-deal-id="21013346_EA">
	  						        <span class="deal-type">3 FOR $5.31</span>
	  						            








	<span class="deal-expiry">
		Exp. 12/31
	</span>

	  					                
	  				            </span>
	  			            </span>
	  		            </span>
	  			        
	  	            
	  	        
                
                    
                

	  		    

	  		    

	  		    

	  		    <div class="hover-text-container">
	  			    <button href="#" tabindex="0" class="hover-text " aria-label="Quick View for Tortilla Chips, Sweet Chili.">Quick View</button>
	  		    </div>
	  	    </div>
	    </div>

	    <div class="product-in-cart">
	  	    <div class="wrapper-product-in-cart">
	  		    <span>
	  			    In Cart
	  		    </span>
	  	    </div>
	    </div>

	    <div class="product-info">
	  	    <div class="product-name-wrapper">
	  		    <a href="/Food/Pantry/Chips-%26-Salty-Snacks/Potato-Chips/No-Name-Tortilla-Chips%2C-Sweet-Chili/p/21013346_EA" class="product-name" aria-label="Product page for Tortilla Chips, Sweet Chili" >
	  			    <span class="js-product-entry-brand">No Name&nbsp;</span>

	  			    

	  			    <span class="js-product-entry-name">Tortilla Chips, Sweet Chili</span>

	  			    <span class="js-product-entry-size-detail">(200 g)</span>

	  		    </a>
	  	    </div>
	  	    
	  	    
	  		    
	  		    
	  			    



	
	
		
		<span class="ad-match-badge  hidden">Ad Match</span>
	

	  				
	  			        
	  					
	  				        
	  					
	  				
	  		    
	  	    

	  	    <div class="price">
			    <div class="price-wrapper no-discount  ">
				    <span class="reg-price  " aria-label="Regular Price: $1.98">
					    <span class="reg-price-text">$1.98</span>
					    
					    <sup class="reg-price-unit">ea</sup>
				    </span>
				    <span class="sale-price hidden" aria-label="Sale Price:">
					    <span class="sale-price-text"></span>
					    <sup class="sale-price-unit">ea</sup>
				    </span>
				    
				    <span class="secondary-price hidden">
					    
					    <span class="secondary-price-text" aria-label="Secondary Price:"></span>
				    </span>
			    </div>
	  	    </div>

	  	    <div class="qty">
	  		    <span class="reg-qty  ">
		
			
		  	
		  		<span class="sr-only">Sale Price Per Unit:</span>
        $0.99
        /
        100
        g
		  	
	  	
	</span>

	<span class="sale-qty hidden">
		
			
		  	
		  		<span class="sr-only">Sale Price Per Unit:</span>
        $0.99
        /
        100
        g
		  	
	  	
	</span>

	<span class="secondary-qty hidden">
		
	  	<span class="secondary-qty-text"></span>
	</span>
	  	    </div>
	    </div>


	    

	    
	</div>
	<form class="form-product  quickview-btn-simple"
	  data-product-id="21013346_EA"
	  data-min-qty="1.0"
	  data-max-qty="999.0"
	  data-unit-type="ea"
	  data-cart-qty="1"
	  data-default-qty="1"
	  novalidate="novalidate"
	  promoCode=""
	  promoNumber=""
	  data-is-customized="false"
	  data-cart-url="/cart/product/21013346_EA"
	  data-csrf-token="5582ec01-90c0-448b-b4f7-e2cf68d9f8a0"
	  data-is-weighted-product="false">

	<div class="module-add-to-cart " data-change-type="plus" data-auto-edit="true" data-auto-add="true"
		 data-cart-ajax-url="/cart/updateCart">
		<div class="wrapper-add-to-cart-btn">
					<div class="module-add-to-cart-button-small">
							<button type="button" class="btn btn-secondary btn-add-to-cart " data-auid="add-to-cart-button" data-has-pts-badge="false" aria-label="Add Tortilla Chips, Sweet Chili to cart">
										<span class="icon-cart"></span>
										<span class="add-to-cart-text">
											Add</span>
									</button>
									<button type="button" class="btn btn-secondary btn-edit-cart hidden " aria-label="Edit Cart">
										<span class="qty-in-cart"></span>
										<span class="edit-cart-text">
											<spring code="product.edit.text" />"
										</span>
									</button>
								<div class="add-list-parent add-list-module  bottom-add-list-module ">
	<button class="btn btn-inline-link btn-save-to-list  dark is-btn-animated" 
	  data-login-url="/account/login?productCode=21013346_EA" 
	  data-ajax-url="/restful/lists/all?productCode=21013346_EA" 
	  data-user-guest="Y" 
	  data-user-guest="Y" data-product-code="21013346_EA" 
	  data-delete-item="false"
	  aria-label="Add Tortilla Chips, Sweet Chili to a List">
	  <span class="glyphicon glyphicon-th-list"></span>
	  <div class="list-cta-text  is-btn-animated">Add to List</div>
	</button>
	 
	<!-- this is the list HTML   -->
	<div class="save-to-list-popup  is-btn-animated animation-up dark" 
	  data-save-to-list-error="Can not get lists at this time. Please try again later."
	  data-product-name="Tortilla Chips, Sweet Chili">
	  <div class="inner-container">
	  </div>
	  
	</div>
</div>

</div>
				</div>
			</div>


	<div class="module-plus-minus-buttons small hidden ">
			<button type="button" class="btn cart-change-qty" data-change-type="minus" data-auid="decrease-product-quantity" alt="Minus" aria-label="Minus">
				<span class="icon-minimize"></span>
			</button>
			<div class="plus-minus-input-wrapper">
				<input class="input-qty cart-change-qty" aria-label="Enter manual quantity" type="text" name="qty" title="Change quantity in cart"
							data-unit-type="ea"
							value="1ea" data-change-type="equals"
							maxlength="7">

						<span class="input-qty-pretty">
							<span class="input-qty-pretty-value">1</span>
							<span class="input-qty-pretty-unit"></span>
						</span>
					</div>

			<button type="button" class="btn cart-change-qty" data-change-type="plus" data-auid="increase-product-quantity" alt="Plus" aria-label="Plus">
				<span class="icon-plus-sign"></span>
			</button>

			<p class="deal-limit-reached hidden">Deal Limit Reached</p>

			<div class="tooltip-qty-error tooltip-qty-limit hidden">
				<p>
					Limit to
					&nbsp;
					999
					&nbsp;each&nbsp;
					per customer.</p>
			</div>
			<div class="tooltip-qty-error tooltip-round-error hidden">
				<p>
					We do not have this in the weight you wanted. We've rounded your order to the nearest weight increment we stock.</p>
			</div>
		</div>
	</form>

<!-- End Template: AddToCartSmall -->

</div>
</div>
<div class="item">
		






































	




	
	
		
		
		
		
			
		
	





























<div class="module-grocery-product quickview-simple  clicked" data-quickview-ajax-url="/p/20779362_EA/quickViewProduct" data-product-id="20779362_EA"  data-product-price="$1.97">
    
	
	
		<span class="subtitle"></span>
	

	<div class="product-page-hotspot">
	    <div class="product-cell quickview-button">
	  	    <div class="product-image ">
                
	  		    <img src="https://assets.shop.loblaws.ca/products/20779362/b1/en/front/20779362_front_a01.png" onerror="this.src='https://assets.shop.loblaws.ca/products/NoImage/b1/en/front/NoImage_front_a01_@2.png';" alt="Nacho Cheese" />
                
	  			    
	  			        <span class="sticker deal">
	  				        <span class="deal-badge">
	  				            
	  			                
	  				            

	  				            <span class="module-deal-badge module-deal-badge-grid simple-save-unit "
	  						        data-deal-type="$1.97 LIMIT 2"
	  						        data-ajax-promo-url="/simpleDeal/deals/product-tile?productCode=20779362_EA"
	  						        data-deal-id="20779362_EA">
	  						        <span class="deal-type">$1.97 LIMIT 2</span>
	  						            








	<span class="deal-expiry">
		Exp. 12/20
	</span>

	  					                
	  				            </span>
	  			            </span>
	  		            </span>
	  			        
	  	            
	  	        
                
                    
                

	  		    

	  		    

	  		    

	  		    <div class="hover-text-container">
	  			    <button href="#" tabindex="0" class="hover-text " aria-label="Quick View for Nacho Cheese.">Quick View</button>
	  		    </div>
	  	    </div>
	    </div>

	    <div class="product-in-cart">
	  	    <div class="wrapper-product-in-cart">
	  		    <span>
	  			    In Cart
	  		    </span>
	  	    </div>
	    </div>

	    <div class="product-info">
	  	    <div class="product-name-wrapper">
	  		    <a href="/Food/Pantry/Chips-%26-Salty-Snacks/Potato-Chips/Bugles-BUGLES-Nacho-Cheese/p/20779362_EA" class="product-name" aria-label="Product page for Nacho Cheese" >
	  			    <span class="js-product-entry-brand">Bugles&nbsp;</span>

	  			    

	  			    <span class="js-product-entry-name">Nacho Cheese</span>

	  			    <span class="js-product-entry-size-detail">(213 g)</span>

	  		    </a>
	  	    </div>
	  	    
	  	    
	  		    
	  		    
	  			    



	
	
		
		<span class="ad-match-badge  hidden">Ad Match</span>
	

	  				
	  			        
	  					
	  				        
	  					
	  				
	  		    
	  	    

	  	    <div class="price">
			    <div class="price-wrapper no-discount promo-alert ">
				    <span class="reg-price  price-alert" aria-label="Regular Price: $1.97">
					    <span class="reg-price-text">$1.97</span>
					    
					    <sup class="reg-price-unit">ea</sup>
				    </span>
				    <span class="sale-price hidden" aria-label="Sale Price:">
					    <span class="sale-price-text"></span>
					    <sup class="sale-price-unit">ea</sup>
				    </span>
				    
				    <span class="secondary-price hidden">
					    
					    <span class="secondary-price-text" aria-label="Secondary Price:"></span>
				    </span>
			    </div>
	  	    </div>

	  	    <div class="qty">
	  		    <span class="reg-qty  price-alert">
		
			
		  	
		  		<span class="sr-only">Sale Price Per Unit:</span>
        $0.92
        /
        100
        g
		  	
	  	
	</span>

	<span class="sale-qty hidden">
		
			
		  	
		  		<span class="sr-only">Sale Price Per Unit:</span>
        $0.92
        /
        100
        g
		  	
	  	
	</span>

	<span class="secondary-qty hidden">
		
	  	<span class="secondary-qty-text"></span>
	</span>
	  	    </div>
	    </div>


	    

	    
	</div>
	<form class="form-product  quickview-btn-simple"
	  data-product-id="20779362_EA"
	  data-min-qty="1.0"
	  data-max-qty="999.0"
	  data-unit-type="ea"
	  data-cart-qty="1"
	  data-default-qty="1"
	  novalidate="novalidate"
	  promoCode=""
	  promoNumber=""
	  data-is-customized="false"
	  data-cart-url="/cart/product/20779362_EA"
	  data-csrf-token="5582ec01-90c0-448b-b4f7-e2cf68d9f8a0"
	  data-is-weighted-product="false">

	<div class="module-add-to-cart " data-change-type="plus" data-auto-edit="true" data-auto-add="true"
		 data-cart-ajax-url="/cart/updateCart">
		<div class="wrapper-add-to-cart-btn">
					<div class="module-add-to-cart-button-small">
							<button type="button" class="btn btn-secondary btn-add-to-cart " data-auid="add-to-cart-button" data-has-pts-badge="false" aria-label="Add Nacho Cheese to cart">
										<span class="icon-cart"></span>
										<span class="add-to-cart-text">
											Add</span>
									</button>
									<button type="button" class="btn btn-secondary btn-edit-cart hidden " aria-label="Edit Cart">
										<span class="qty-in-cart"></span>
										<span class="edit-cart-text">
											<spring code="product.edit.text" />"
										</span>
									</button>
								<div class="add-list-parent add-list-module  bottom-add-list-module ">
	<button class="btn btn-inline-link btn-save-to-list  dark is-btn-animated" 
	  data-login-url="/account/login?productCode=20779362_EA" 
	  data-ajax-url="/restful/lists/all?productCode=20779362_EA" 
	  data-user-guest="Y" 
	  data-user-guest="Y" data-product-code="20779362_EA" 
	  data-delete-item="false"
	  aria-label="Add Nacho Cheese to a List">
	  <span class="glyphicon glyphicon-th-list"></span>
	  <div class="list-cta-text  is-btn-animated">Add to List</div>
	</button>
	 
	<!-- this is the list HTML   -->
	<div class="save-to-list-popup  is-btn-animated animation-up dark" 
	  data-save-to-list-error="Can not get lists at this time. Please try again later."
	  data-product-name="Nacho Cheese">
	  <div class="inner-container">
	  </div>
	  
	</div>
</div>

</div>
				</div>
			</div>


	<div class="module-plus-minus-buttons small hidden ">
			<button type="button" class="btn cart-change-qty" data-change-type="minus" data-auid="decrease-product-quantity" alt="Minus" aria-label="Minus">
				<span class="icon-minimize"></span>
			</button>
			<div class="plus-minus-input-wrapper">
				<input class="input-qty cart-change-qty" aria-label="Enter manual quantity" type="text" name="qty" title="Change quantity in cart"
							data-unit-type="ea"
							value="1ea" data-change-type="equals"
							maxlength="7">

						<span class="input-qty-pretty">
							<span class="input-qty-pretty-value">1</span>
							<span class="input-qty-pretty-unit"></span>
						</span>
					</div>

			<button type="button" class="btn cart-change-qty" data-change-type="plus" data-auid="increase-product-quantity" alt="Plus" aria-label="Plus">
				<span class="icon-plus-sign"></span>
			</button>

			<p class="deal-limit-reached hidden">Deal Limit Reached</p>

			<div class="tooltip-qty-error tooltip-qty-limit hidden">
				<p>
					Limit to
					&nbsp;
					999
					&nbsp;each&nbsp;
					per customer.</p>
			</div>
			<div class="tooltip-qty-error tooltip-round-error hidden">
				<p>
					We do not have this in the weight you wanted. We've rounded your order to the nearest weight increment we stock.</p>
			</div>
		</div>
	</form>

<!-- End Template: AddToCartSmall -->

</div>
</div>
<div class="item">
		









































	
	
		
		
		
		
			
		
	





























<div class="module-grocery-product quickview-simple  clicked" data-quickview-ajax-url="/p/21081769_EA/quickViewProduct" data-product-id="21081769_EA"  data-product-price="$3.18">
    
	
	
		<span class="subtitle"></span>
	

	<div class="product-page-hotspot">
	    <div class="product-cell quickview-button">
	  	    <div class="product-image ">
                
	  		    <img src="https://assets.shop.loblaws.ca/products/21081769/b1/en/front/21081769_front_a01.png" onerror="this.src='https://assets.shop.loblaws.ca/products/NoImage/b1/en/front/NoImage_front_a01_@2.png';" alt="Ketchup Chips" />
                
	  			    
	  	        
                
                    
                

	  		    

	  		    

	  		    

	  		    <div class="hover-text-container">
	  			    <button href="#" tabindex="0" class="hover-text " aria-label="Quick View for Ketchup Chips.">Quick View</button>
	  		    </div>
	  	    </div>
	    </div>

	    <div class="product-in-cart">
	  	    <div class="wrapper-product-in-cart">
	  		    <span>
	  			    In Cart
	  		    </span>
	  	    </div>
	    </div>

	    <div class="product-info">
	  	    <div class="product-name-wrapper">
	  		    <a href="/Food/Pantry/Chips-%26-Salty-Snacks/Potato-Chips/Doritos-Ketchup-Chips/p/21081769_EA" class="product-name" aria-label="Product page for Ketchup Chips" >
	  			    <span class="js-product-entry-brand">Doritos&nbsp;</span>

	  			    

	  			    <span class="js-product-entry-name">Ketchup Chips</span>

	  			    <span class="js-product-entry-size-detail">(230 g)</span>

	  		    </a>
	  	    </div>
	  	    
	  	    
	  		    
	  		    
	  			    



	
	
		
		<span class="ad-match-badge  hidden">Ad Match</span>
	

	  				
	  			        
	  					
	  				        
	  					
	  				
	  		    
	  	    

	  	    <div class="price">
			    <div class="price-wrapper no-discount  ">
				    <span class="reg-price  " aria-label="Regular Price: $3.18">
					    <span class="reg-price-text">$3.18</span>
					    
					    <sup class="reg-price-unit">ea</sup>
				    </span>
				    <span class="sale-price hidden" aria-label="Sale Price:">
					    <span class="sale-price-text"></span>
					    <sup class="sale-price-unit">ea</sup>
				    </span>
				    
				    <span class="secondary-price hidden">
					    
					    <span class="secondary-price-text" aria-label="Secondary Price:"></span>
				    </span>
			    </div>
	  	    </div>

	  	    <div class="qty">
	  		    <span class="reg-qty  ">
		
			
		  	
		  		<span class="sr-only">Sale Price Per Unit:</span>
        $1.38
        /
        100
        g
		  	
	  	
	</span>

	<span class="sale-qty hidden">
		
			
		  	
		  		<span class="sr-only">Sale Price Per Unit:</span>
        $1.38
        /
        100
        g
		  	
	  	
	</span>

	<span class="secondary-qty hidden">
		
	  	<span class="secondary-qty-text"></span>
	</span>
	  	    </div>
	    </div>


	    

	    
	</div>
	<form class="form-product  quickview-btn-simple"
	  data-product-id="21081769_EA"
	  data-min-qty="1.0"
	  data-max-qty="999.0"
	  data-unit-type="ea"
	  data-cart-qty="1"
	  data-default-qty="1"
	  novalidate="novalidate"
	  promoCode=""
	  promoNumber=""
	  data-is-customized="false"
	  data-cart-url="/cart/product/21081769_EA"
	  data-csrf-token="5582ec01-90c0-448b-b4f7-e2cf68d9f8a0"
	  data-is-weighted-product="false">

	<div class="module-add-to-cart " data-change-type="plus" data-auto-edit="true" data-auto-add="true"
		 data-cart-ajax-url="/cart/updateCart">
		<div class="wrapper-add-to-cart-btn">
					<div class="module-add-to-cart-button-small">
							<button type="button" class="btn btn-secondary btn-add-to-cart " data-auid="add-to-cart-button" data-has-pts-badge="false" aria-label="Add Ketchup Chips to cart">
										<span class="icon-cart"></span>
										<span class="add-to-cart-text">
											Add</span>
									</button>
									<button type="button" class="btn btn-secondary btn-edit-cart hidden " aria-label="Edit Cart">
										<span class="qty-in-cart"></span>
										<span class="edit-cart-text">
											<spring code="product.edit.text" />"
										</span>
									</button>
								<div class="add-list-parent add-list-module  bottom-add-list-module ">
	<button class="btn btn-inline-link btn-save-to-list  dark is-btn-animated" 
	  data-login-url="/account/login?productCode=21081769_EA" 
	  data-ajax-url="/restful/lists/all?productCode=21081769_EA" 
	  data-user-guest="Y" 
	  data-user-guest="Y" data-product-code="21081769_EA" 
	  data-delete-item="false"
	  aria-label="Add Ketchup Chips to a List">
	  <span class="glyphicon glyphicon-th-list"></span>
	  <div class="list-cta-text  is-btn-animated">Add to List</div>
	</button>
	 
	<!-- this is the list HTML   -->
	<div class="save-to-list-popup  is-btn-animated animation-up dark" 
	  data-save-to-list-error="Can not get lists at this time. Please try again later."
	  data-product-name="Ketchup Chips">
	  <div class="inner-container">
	  </div>
	  
	</div>
</div>

</div>
				</div>
			</div>


	<div class="module-plus-minus-buttons small hidden ">
			<button type="button" class="btn cart-change-qty" data-change-type="minus" data-auid="decrease-product-quantity" alt="Minus" aria-label="Minus">
				<span class="icon-minimize"></span>
			</button>
			<div class="plus-minus-input-wrapper">
				<input class="input-qty cart-change-qty" aria-label="Enter manual quantity" type="text" name="qty" title="Change quantity in cart"
							data-unit-type="ea"
							value="1ea" data-change-type="equals"
							maxlength="7">

						<span class="input-qty-pretty">
							<span class="input-qty-pretty-value">1</span>
							<span class="input-qty-pretty-unit"></span>
						</span>
					</div>

			<button type="button" class="btn cart-change-qty" data-change-type="plus" data-auid="increase-product-quantity" alt="Plus" aria-label="Plus">
				<span class="icon-plus-sign"></span>
			</button>

			<p class="deal-limit-reached hidden">Deal Limit Reached</p>

			<div class="tooltip-qty-error tooltip-qty-limit hidden">
				<p>
					Limit to
					&nbsp;
					999
					&nbsp;each&nbsp;
					per customer.</p>
			</div>
			<div class="tooltip-qty-error tooltip-round-error hidden">
				<p>
					We do not have this in the weight you wanted. We've rounded your order to the nearest weight increment we stock.</p>
			</div>
		</div>
	</form>

<!-- End Template: AddToCartSmall -->

</div>
</div>
<div class="item">
		









































	
	
		
		
		
		
			
		
	





























<div class="module-grocery-product quickview-simple  clicked" data-quickview-ajax-url="/p/20964362_EA/quickViewProduct" data-product-id="20964362_EA"  data-product-price="$2.47">
    
	
	
		<span class="subtitle"></span>
	

	<div class="product-page-hotspot">
	    <div class="product-cell quickview-button">
	  	    <div class="product-image ">
                
	  		    <img src="https://assets.shop.loblaws.ca/products/20964362/b1/en/front/20964362_front_a01.png" onerror="this.src='https://assets.shop.loblaws.ca/products/NoImage/b1/en/front/NoImage_front_a01_@2.png';" alt="Potato Chips, PEI Scalloped Potatoes" />
                
	  			    
	  	        
                
                    
                

	  		    

	  		    
	  			    <span class="sticker deal">
	  				    <span class="deal-badge">
	  					    <span class="module-deal-badge module-deal-badge-feature flyer expires undefined">
	  						    <span class="deal-type">
								    Flyer<br />
	  							    Item
	  						    </span>
	  						    








	<span class="deal-expiry">
		Exp. 12/19
	</span>

	  					    </span>
	  				    </span>
	  			    </span>
	  			    
	  		    

	  		    

	  		    <div class="hover-text-container">
	  			    <button href="#" tabindex="0" class="hover-text " aria-label="Quick View for Potato Chips, PEI Scalloped Potatoes.">Quick View</button>
	  		    </div>
	  	    </div>
	    </div>

	    <div class="product-in-cart">
	  	    <div class="wrapper-product-in-cart">
	  		    <span>
	  			    In Cart
	  		    </span>
	  	    </div>
	    </div>

	    <div class="product-info">
	  	    <div class="product-name-wrapper">
	  		    <a href="/Food/Pantry/Chips-%26-Salty-Snacks/Potato-Chips/Lay%27s-Potato-Chips%2C-PEI-Scalloped-Potatoes/p/20964362_EA" class="product-name" aria-label="Product page for Potato Chips, PEI Scalloped Potatoes" >
	  			    <span class="js-product-entry-brand">Lay's&nbsp;</span>

	  			    

	  			    <span class="js-product-entry-name">Potato Chips, PEI Scalloped Potatoes</span>

	  			    <span class="js-product-entry-size-detail">(255 g)</span>

	  		    </a>
	  	    </div>
	  	    
	  	    
	  		    
	  		    
	  			    



	
	
		
		<span class="ad-match-badge  hidden">Ad Match</span>
	

	  				
	  			        
	  					
	  				        
	  					
	  				
	  		    
	  	    

	  	    <div class="price">
			    <div class="price-wrapper no-discount  ">
				    <span class="reg-price  " aria-label="Regular Price: $2.47">
					    <span class="reg-price-text">$2.47</span>
					    
					    <sup class="reg-price-unit">ea</sup>
				    </span>
				    <span class="sale-price hidden" aria-label="Sale Price:">
					    <span class="sale-price-text"></span>
					    <sup class="sale-price-unit">ea</sup>
				    </span>
				    
				    <span class="secondary-price hidden">
					    
					    <span class="secondary-price-text" aria-label="Secondary Price:"></span>
				    </span>
			    </div>
	  	    </div>

	  	    <div class="qty">
	  		    <span class="reg-qty  ">
		
			
		  	
		  		<span class="sr-only">Sale Price Per Unit:</span>
        $0.97
        /
        100
        g
		  	
	  	
	</span>

	<span class="sale-qty hidden">
		
			
		  	
		  		<span class="sr-only">Sale Price Per Unit:</span>
        $0.97
        /
        100
        g
		  	
	  	
	</span>

	<span class="secondary-qty hidden">
		
	  	<span class="secondary-qty-text"></span>
	</span>
	  	    </div>
	    </div>


	    

	    
	</div>
	<form class="form-product  quickview-btn-simple"
	  data-product-id="20964362_EA"
	  data-min-qty="1.0"
	  data-max-qty="999.0"
	  data-unit-type="ea"
	  data-cart-qty="1"
	  data-default-qty="1"
	  novalidate="novalidate"
	  promoCode=""
	  promoNumber=""
	  data-is-customized="false"
	  data-cart-url="/cart/product/20964362_EA"
	  data-csrf-token="5582ec01-90c0-448b-b4f7-e2cf68d9f8a0"
	  data-is-weighted-product="false">

	<div class="module-add-to-cart " data-change-type="plus" data-auto-edit="true" data-auto-add="true"
		 data-cart-ajax-url="/cart/updateCart">
		<div class="wrapper-add-to-cart-btn">
					<div class="module-add-to-cart-button-small">
							<button type="button" class="btn btn-secondary btn-add-to-cart " data-auid="add-to-cart-button" data-has-pts-badge="false" aria-label="Add Potato Chips, PEI Scalloped Potatoes to cart">
										<span class="icon-cart"></span>
										<span class="add-to-cart-text">
											Add</span>
									</button>
									<button type="button" class="btn btn-secondary btn-edit-cart hidden " aria-label="Edit Cart">
										<span class="qty-in-cart"></span>
										<span class="edit-cart-text">
											<spring code="product.edit.text" />"
										</span>
									</button>
								<div class="add-list-parent add-list-module  bottom-add-list-module ">
	<button class="btn btn-inline-link btn-save-to-list  dark is-btn-animated" 
	  data-login-url="/account/login?productCode=20964362_EA" 
	  data-ajax-url="/restful/lists/all?productCode=20964362_EA" 
	  data-user-guest="Y" 
	  data-user-guest="Y" data-product-code="20964362_EA" 
	  data-delete-item="false"
	  aria-label="Add Potato Chips, PEI Scalloped Potatoes to a List">
	  <span class="glyphicon glyphicon-th-list"></span>
	  <div class="list-cta-text  is-btn-animated">Add to List</div>
	</button>
	 
	<!-- this is the list HTML   -->
	<div class="save-to-list-popup  is-btn-animated animation-up dark" 
	  data-save-to-list-error="Can not get lists at this time. Please try again later."
	  data-product-name="Potato Chips, PEI Scalloped Potatoes">
	  <div class="inner-container">
	  </div>
	  
	</div>
</div>

</div>
				</div>
			</div>


	<div class="module-plus-minus-buttons small hidden ">
			<button type="button" class="btn cart-change-qty" data-change-type="minus" data-auid="decrease-product-quantity" alt="Minus" aria-label="Minus">
				<span class="icon-minimize"></span>
			</button>
			<div class="plus-minus-input-wrapper">
				<input class="input-qty cart-change-qty" aria-label="Enter manual quantity" type="text" name="qty" title="Change quantity in cart"
							data-unit-type="ea"
							value="1ea" data-change-type="equals"
							maxlength="7">

						<span class="input-qty-pretty">
							<span class="input-qty-pretty-value">1</span>
							<span class="input-qty-pretty-unit"></span>
						</span>
					</div>

			<button type="button" class="btn cart-change-qty" data-change-type="plus" data-auid="increase-product-quantity" alt="Plus" aria-label="Plus">
				<span class="icon-plus-sign"></span>
			</button>

			<p class="deal-limit-reached hidden">Deal Limit Reached</p>

			<div class="tooltip-qty-error tooltip-qty-limit hidden">
				<p>
					Limit to
					&nbsp;
					999
					&nbsp;each&nbsp;
					per customer.</p>
			</div>
			<div class="tooltip-qty-error tooltip-round-error hidden">
				<p>
					We do not have this in the weight you wanted. We've rounded your order to the nearest weight increment we stock.</p>
			</div>
		</div>
	</form>

<!-- End Template: AddToCartSmall -->

</div>
</div>
<div class="item">
		









































	
	
		
		
		
		
			
		
	





























<div class="module-grocery-product quickview-simple  clicked" data-quickview-ajax-url="/p/20857803004_EA/quickViewProduct" data-product-id="20857803004_EA"  data-product-price="$3.28">
    
	
	
		<span class="subtitle"></span>
	

	<div class="product-page-hotspot">
	    <div class="product-cell quickview-button">
	  	    <div class="product-image ">
                
	  		    <img src="https://assets.shop.loblaws.ca/products/20857803004/b1/en/front/20857803004_front_a01.png" onerror="this.src='https://assets.shop.loblaws.ca/products/NoImage/b1/en/front/NoImage_front_a01_@2.png';" alt="Original Party Mix" />
                
	  			    
	  	        
                
                    
                

	  		    

	  		    

	  		    

	  		    <div class="hover-text-container">
	  			    <button href="#" tabindex="0" class="hover-text " aria-label="Quick View for Original Party Mix.">Quick View</button>
	  		    </div>
	  	    </div>
	    </div>

	    <div class="product-in-cart">
	  	    <div class="wrapper-product-in-cart">
	  		    <span>
	  			    In Cart
	  		    </span>
	  	    </div>
	    </div>

	    <div class="product-info">
	  	    <div class="product-name-wrapper">
	  		    <a href="/Food/Pantry/Chips-%26-Salty-Snacks/Potato-Chips/Humpty-Dumpty-Original-Party-Mix/p/20857803004_EA" class="product-name" aria-label="Product page for Original Party Mix" >
	  			    <span class="js-product-entry-brand">Humpty Dumpty&nbsp;</span>

	  			    

	  			    <span class="js-product-entry-name">Original Party Mix</span>

	  			    <span class="js-product-entry-size-detail">(280 g)</span>

	  		    </a>
	  	    </div>
	  	    
	  	    
	  		    
	  		    
	  			    



	
	
		
		<span class="ad-match-badge  hidden">Ad Match</span>
	

	  				
	  			        
	  					
	  				        
	  					
	  				
	  		    
	  	    

	  	    <div class="price">
			    <div class="price-wrapper no-discount  ">
				    <span class="reg-price  " aria-label="Regular Price: $3.28">
					    <span class="reg-price-text">$3.28</span>
					    
					    <sup class="reg-price-unit">ea</sup>
				    </span>
				    <span class="sale-price hidden" aria-label="Sale Price:">
					    <span class="sale-price-text"></span>
					    <sup class="sale-price-unit">ea</sup>
				    </span>
				    
				    <span class="secondary-price hidden">
					    
					    <span class="secondary-price-text" aria-label="Secondary Price:"></span>
				    </span>
			    </div>
	  	    </div>

	  	    <div class="qty">
	  		    <span class="reg-qty  ">
		
			
		  	
		  		<span class="sr-only">Sale Price Per Unit:</span>
        $1.17
        /
        100
        g
		  	
	  	
	</span>

	<span class="sale-qty hidden">
		
			
		  	
		  		<span class="sr-only">Sale Price Per Unit:</span>
        $1.17
        /
        100
        g
		  	
	  	
	</span>

	<span class="secondary-qty hidden">
		
	  	<span class="secondary-qty-text"></span>
	</span>
	  	    </div>
	    </div>


	    

	    
	</div>
	<form class="form-product  quickview-btn-simple"
	  data-product-id="20857803004_EA"
	  data-min-qty="1.0"
	  data-max-qty="999.0"
	  data-unit-type="ea"
	  data-cart-qty="1"
	  data-default-qty="1"
	  novalidate="novalidate"
	  promoCode=""
	  promoNumber=""
	  data-is-customized="false"
	  data-cart-url="/cart/product/20857803004_EA"
	  data-csrf-token="5582ec01-90c0-448b-b4f7-e2cf68d9f8a0"
	  data-is-weighted-product="false">

	<div class="module-add-to-cart " data-change-type="plus" data-auto-edit="true" data-auto-add="true"
		 data-cart-ajax-url="/cart/updateCart">
		<div class="wrapper-add-to-cart-btn">
					<div class="module-add-to-cart-button-small">
							<button type="button" class="btn btn-secondary btn-add-to-cart " data-auid="add-to-cart-button" data-has-pts-badge="false" aria-label="Add Original Party Mix to cart">
										<span class="icon-cart"></span>
										<span class="add-to-cart-text">
											Add</span>
									</button>
									<button type="button" class="btn btn-secondary btn-edit-cart hidden " aria-label="Edit Cart">
										<span class="qty-in-cart"></span>
										<span class="edit-cart-text">
											<spring code="product.edit.text" />"
										</span>
									</button>
								<div class="add-list-parent add-list-module  bottom-add-list-module ">
	<button class="btn btn-inline-link btn-save-to-list  dark is-btn-animated" 
	  data-login-url="/account/login?productCode=20857803004_EA" 
	  data-ajax-url="/restful/lists/all?productCode=20857803004_EA" 
	  data-user-guest="Y" 
	  data-user-guest="Y" data-product-code="20857803004_EA" 
	  data-delete-item="false"
	  aria-label="Add Original Party Mix to a List">
	  <span class="glyphicon glyphicon-th-list"></span>
	  <div class="list-cta-text  is-btn-animated">Add to List</div>
	</button>
	 
	<!-- this is the list HTML   -->
	<div class="save-to-list-popup  is-btn-animated animation-up dark" 
	  data-save-to-list-error="Can not get lists at this time. Please try again later."
	  data-product-name="Original Party Mix">
	  <div class="inner-container">
	  </div>
	  
	</div>
</div>

</div>
				</div>
			</div>


	<div class="module-plus-minus-buttons small hidden ">
			<button type="button" class="btn cart-change-qty" data-change-type="minus" data-auid="decrease-product-quantity" alt="Minus" aria-label="Minus">
				<span class="icon-minimize"></span>
			</button>
			<div class="plus-minus-input-wrapper">
				<input class="input-qty cart-change-qty" aria-label="Enter manual quantity" type="text" name="qty" title="Change quantity in cart"
							data-unit-type="ea"
							value="1ea" data-change-type="equals"
							maxlength="7">

						<span class="input-qty-pretty">
							<span class="input-qty-pretty-value">1</span>
							<span class="input-qty-pretty-unit"></span>
						</span>
					</div>

			<button type="button" class="btn cart-change-qty" data-change-type="plus" data-auid="increase-product-quantity" alt="Plus" aria-label="Plus">
				<span class="icon-plus-sign"></span>
			</button>

			<p class="deal-limit-reached hidden">Deal Limit Reached</p>

			<div class="tooltip-qty-error tooltip-qty-limit hidden">
				<p>
					Limit to
					&nbsp;
					999
					&nbsp;each&nbsp;
					per customer.</p>
			</div>
			<div class="tooltip-qty-error tooltip-round-error hidden">
				<p>
					We do not have this in the weight you wanted. We've rounded your order to the nearest weight increment we stock.</p>
			</div>
		</div>
	</form>

<!-- End Template: AddToCartSmall -->

</div>
</div>
<div class="item">
		









































	
	
		
		
		
		
			
		
	





























<div class="module-grocery-product quickview-simple  clicked" data-quickview-ajax-url="/p/20868465003_EA/quickViewProduct" data-product-id="20868465003_EA"  data-product-price="$3.48">
    
	
	
		<span class="subtitle"></span>
	

	<div class="product-page-hotspot">
	    <div class="product-cell quickview-button">
	  	    <div class="product-image ">
                
	  		    <img src="https://assets.shop.loblaws.ca/products/20868465003/b1/en/front/20868465003_front_a01.png" onerror="this.src='https://assets.shop.loblaws.ca/products/NoImage/b1/en/front/NoImage_front_a01_@2.png';" alt="Potato Chips, Ketchup" />
                
	  			    
	  			        <span class="sticker deal">
	  				        <span class="deal-badge">
	  				            
	  			                
	  				            

	  				            <span class="module-deal-badge module-deal-badge-grid simple-save-unit "
	  						        data-deal-type="2 FOR $5.00"
	  						        data-ajax-promo-url="/simpleDeal/deals/product-tile?productCode=20868465003_EA"
	  						        data-deal-id="20868465003_EA">
	  						        <span class="deal-type">2 FOR $5.00</span>
	  						            








	<span class="deal-expiry">
		Exp. 12/19
	</span>

	  					                
	  				            </span>
	  			            </span>
	  		            </span>
	  			        
	  	            
	  	        
                
                    
                

	  		    

	  		    

	  		    

	  		    <div class="hover-text-container">
	  			    <button href="#" tabindex="0" class="hover-text " aria-label="Quick View for Potato Chips, Ketchup.">Quick View</button>
	  		    </div>
	  	    </div>
	    </div>

	    <div class="product-in-cart">
	  	    <div class="wrapper-product-in-cart">
	  		    <span>
	  			    In Cart
	  		    </span>
	  	    </div>
	    </div>

	    <div class="product-info">
	  	    <div class="product-name-wrapper">
	  		    <a href="/Food/Pantry/Chips-%26-Salty-Snacks/Potato-Chips/Old-Dutch-RIP-L-Potato-Chips%2C-Ketchup/p/20868465003_EA" class="product-name" aria-label="Product page for Potato Chips, Ketchup" >
	  			    <span class="js-product-entry-brand">Old Dutch&nbsp;</span>

	  			    

	  			    <span class="js-product-entry-name">Potato Chips, Ketchup</span>

	  			    <span class="js-product-entry-size-detail">(255 g)</span>

	  		    </a>
	  	    </div>
	  	    
	  	    
	  		    
	  		    
	  			    



	
	
		
		<span class="ad-match-badge  hidden">Ad Match</span>
	

	  				
	  			        
	  					
	  				        
	  					
	  				
	  		    
	  	    

	  	    <div class="price">
			    <div class="price-wrapper no-discount  ">
				    <span class="reg-price  " aria-label="Regular Price: $3.48">
					    <span class="reg-price-text">$3.48</span>
					    
					    <sup class="reg-price-unit">ea</sup>
				    </span>
				    <span class="sale-price hidden" aria-label="Sale Price:">
					    <span class="sale-price-text"></span>
					    <sup class="sale-price-unit">ea</sup>
				    </span>
				    
				    <span class="secondary-price hidden">
					    
					    <span class="secondary-price-text" aria-label="Secondary Price:"></span>
				    </span>
			    </div>
	  	    </div>

	  	    <div class="qty">
	  		    <span class="reg-qty  ">
		
			
		  	
		  		<span class="sr-only">Sale Price Per Unit:</span>
        $1.36
        /
        100
        g
		  	
	  	
	</span>

	<span class="sale-qty hidden">
		
			
		  	
		  		<span class="sr-only">Sale Price Per Unit:</span>
        $1.36
        /
        100
        g
		  	
	  	
	</span>

	<span class="secondary-qty hidden">
		
	  	<span class="secondary-qty-text"></span>
	</span>
	  	    </div>
	    </div>


	    

	    
	</div>
	<form class="form-product  quickview-btn-simple"
	  data-product-id="20868465003_EA"
	  data-min-qty="1.0"
	  data-max-qty="999.0"
	  data-unit-type="ea"
	  data-cart-qty="1"
	  data-default-qty="1"
	  novalidate="novalidate"
	  promoCode=""
	  promoNumber=""
	  data-is-customized="false"
	  data-cart-url="/cart/product/20868465003_EA"
	  data-csrf-token="5582ec01-90c0-448b-b4f7-e2cf68d9f8a0"
	  data-is-weighted-product="false">

	<div class="module-add-to-cart " data-change-type="plus" data-auto-edit="true" data-auto-add="true"
		 data-cart-ajax-url="/cart/updateCart">
		<div class="wrapper-add-to-cart-btn">
					<div class="module-add-to-cart-button-small">
							<button type="button" class="btn btn-secondary btn-add-to-cart " data-auid="add-to-cart-button" data-has-pts-badge="false" aria-label="Add Potato Chips, Ketchup to cart">
										<span class="icon-cart"></span>
										<span class="add-to-cart-text">
											Add</span>
									</button>
									<button type="button" class="btn btn-secondary btn-edit-cart hidden " aria-label="Edit Cart">
										<span class="qty-in-cart"></span>
										<span class="edit-cart-text">
											<spring code="product.edit.text" />"
										</span>
									</button>
								<div class="add-list-parent add-list-module  bottom-add-list-module ">
	<button class="btn btn-inline-link btn-save-to-list  dark is-btn-animated" 
	  data-login-url="/account/login?productCode=20868465003_EA" 
	  data-ajax-url="/restful/lists/all?productCode=20868465003_EA" 
	  data-user-guest="Y" 
	  data-user-guest="Y" data-product-code="20868465003_EA" 
	  data-delete-item="false"
	  aria-label="Add Potato Chips, Ketchup to a List">
	  <span class="glyphicon glyphicon-th-list"></span>
	  <div class="list-cta-text  is-btn-animated">Add to List</div>
	</button>
	 
	<!-- this is the list HTML   -->
	<div class="save-to-list-popup  is-btn-animated animation-up dark" 
	  data-save-to-list-error="Can not get lists at this time. Please try again later."
	  data-product-name="Potato Chips, Ketchup">
	  <div class="inner-container">
	  </div>
	  
	</div>
</div>

</div>
				</div>
			</div>


	<div class="module-plus-minus-buttons small hidden ">
			<button type="button" class="btn cart-change-qty" data-change-type="minus" data-auid="decrease-product-quantity" alt="Minus" aria-label="Minus">
				<span class="icon-minimize"></span>
			</button>
			<div class="plus-minus-input-wrapper">
				<input class="input-qty cart-change-qty" aria-label="Enter manual quantity" type="text" name="qty" title="Change quantity in cart"
							data-unit-type="ea"
							value="1ea" data-change-type="equals"
							maxlength="7">

						<span class="input-qty-pretty">
							<span class="input-qty-pretty-value">1</span>
							<span class="input-qty-pretty-unit"></span>
						</span>
					</div>

			<button type="button" class="btn cart-change-qty" data-change-type="plus" data-auid="increase-product-quantity" alt="Plus" aria-label="Plus">
				<span class="icon-plus-sign"></span>
			</button>

			<p class="deal-limit-reached hidden">Deal Limit Reached</p>

			<div class="tooltip-qty-error tooltip-qty-limit hidden">
				<p>
					Limit to
					&nbsp;
					999
					&nbsp;each&nbsp;
					per customer.</p>
			</div>
			<div class="tooltip-qty-error tooltip-round-error hidden">
				<p>
					We do not have this in the weight you wanted. We've rounded your order to the nearest weight increment we stock.</p>
			</div>
		</div>
	</form>

<!-- End Template: AddToCartSmall -->

</div>
</div>
<div class="item">
		









































	
	
		
		
		
		
			
		
	





























<div class="module-grocery-product quickview-simple  clicked" data-quickview-ajax-url="/p/20701681003_EA/quickViewProduct" data-product-id="20701681003_EA"  data-product-price="$2.27">
    
	
	
		<span class="subtitle"></span>
	

	<div class="product-page-hotspot">
	    <div class="product-cell quickview-button">
	  	    <div class="product-image ">
                
	  		    <img src="https://assets.shop.loblaws.ca/products/20701681003/b1/en/front/20701681003_front_a01.png" onerror="this.src='https://assets.shop.loblaws.ca/products/NoImage/b1/en/front/NoImage_front_a01_@2.png';" alt="Bits & Bites, Original" />
                
	  			    
	  	        
                
                    
                

	  		    

	  		    

	  		    

	  		    <div class="hover-text-container">
	  			    <button href="#" tabindex="0" class="hover-text " aria-label="Quick View for Bits & Bites, Original.">Quick View</button>
	  		    </div>
	  	    </div>
	    </div>

	    <div class="product-in-cart">
	  	    <div class="wrapper-product-in-cart">
	  		    <span>
	  			    In Cart
	  		    </span>
	  	    </div>
	    </div>

	    <div class="product-info">
	  	    <div class="product-name-wrapper">
	  		    <a href="/Food/Pantry/Chips-%26-Salty-Snacks/Pretzels-%26-Snack-Mixes/Bits-%26-Bites%2C-Original/p/20701681003_EA" class="product-name" aria-label="Product page for Bits & Bites, Original" >
	  			    <span class="js-product-entry-brand">Christie&nbsp;</span>

	  			    

	  			    <span class="js-product-entry-name">Bits & Bites, Original</span>

	  			    <span class="js-product-entry-size-detail">(175 g)</span>

	  		    </a>
	  	    </div>
	  	    
	  	    
	  		    
	  		    
	  			    



	
	
		
		<span class="ad-match-badge  hidden">Ad Match</span>
	

	  				
	  			        
	  					
	  				        
	  					
	  				
	  		    
	  	    

	  	    <div class="price">
			    <div class="price-wrapper no-discount  ">
				    <span class="reg-price  " aria-label="Regular Price: $2.27">
					    <span class="reg-price-text">$2.27</span>
					    
					    <sup class="reg-price-unit">ea</sup>
				    </span>
				    <span class="sale-price hidden" aria-label="Sale Price:">
					    <span class="sale-price-text"></span>
					    <sup class="sale-price-unit">ea</sup>
				    </span>
				    
				    <span class="secondary-price hidden">
					    
					    <span class="secondary-price-text" aria-label="Secondary Price:"></span>
				    </span>
			    </div>
	  	    </div>

	  	    <div class="qty">
	  		    <span class="reg-qty  ">
		
			
		  	
		  		<span class="sr-only">Sale Price Per Unit:</span>
        $1.30
        /
        100
        g
		  	
	  	
	</span>

	<span class="sale-qty hidden">
		
			
		  	
		  		<span class="sr-only">Sale Price Per Unit:</span>
        $1.30
        /
        100
        g
		  	
	  	
	</span>

	<span class="secondary-qty hidden">
		
	  	<span class="secondary-qty-text"></span>
	</span>
	  	    </div>
	    </div>


	    

	    
	</div>
	<form class="form-product  quickview-btn-simple"
	  data-product-id="20701681003_EA"
	  data-min-qty="1.0"
	  data-max-qty="999.0"
	  data-unit-type="ea"
	  data-cart-qty="1"
	  data-default-qty="1"
	  novalidate="novalidate"
	  promoCode=""
	  promoNumber=""
	  data-is-customized="false"
	  data-cart-url="/cart/product/20701681003_EA"
	  data-csrf-token="5582ec01-90c0-448b-b4f7-e2cf68d9f8a0"
	  data-is-weighted-product="false">

	<div class="module-add-to-cart " data-change-type="plus" data-auto-edit="true" data-auto-add="true"
		 data-cart-ajax-url="/cart/updateCart">
		<div class="wrapper-add-to-cart-btn">
					<div class="module-add-to-cart-button-small">
							<button type="button" class="btn btn-secondary btn-add-to-cart " data-auid="add-to-cart-button" data-has-pts-badge="false" aria-label="Add Bits & Bites, Original to cart">
										<span class="icon-cart"></span>
										<span class="add-to-cart-text">
											Add</span>
									</button>
									<button type="button" class="btn btn-secondary btn-edit-cart hidden " aria-label="Edit Cart">
										<span class="qty-in-cart"></span>
										<span class="edit-cart-text">
											<spring code="product.edit.text" />"
										</span>
									</button>
								<div class="add-list-parent add-list-module  bottom-add-list-module ">
	<button class="btn btn-inline-link btn-save-to-list  dark is-btn-animated" 
	  data-login-url="/account/login?productCode=20701681003_EA" 
	  data-ajax-url="/restful/lists/all?productCode=20701681003_EA" 
	  data-user-guest="Y" 
	  data-user-guest="Y" data-product-code="20701681003_EA" 
	  data-delete-item="false"
	  aria-label="Add Bits & Bites, Original to a List">
	  <span class="glyphicon glyphicon-th-list"></span>
	  <div class="list-cta-text  is-btn-animated">Add to List</div>
	</button>
	 
	<!-- this is the list HTML   -->
	<div class="save-to-list-popup  is-btn-animated animation-up dark" 
	  data-save-to-list-error="Can not get lists at this time. Please try again later."
	  data-product-name="Bits & Bites, Original">
	  <div class="inner-container">
	  </div>
	  
	</div>
</div>

</div>
				</div>
			</div>


	<div class="module-plus-minus-buttons small hidden ">
			<button type="button" class="btn cart-change-qty" data-change-type="minus" data-auid="decrease-product-quantity" alt="Minus" aria-label="Minus">
				<span class="icon-minimize"></span>
			</button>
			<div class="plus-minus-input-wrapper">
				<input class="input-qty cart-change-qty" aria-label="Enter manual quantity" type="text" name="qty" title="Change quantity in cart"
							data-unit-type="ea"
							value="1ea" data-change-type="equals"
							maxlength="7">

						<span class="input-qty-pretty">
							<span class="input-qty-pretty-value">1</span>
							<span class="input-qty-pretty-unit"></span>
						</span>
					</div>

			<button type="button" class="btn cart-change-qty" data-change-type="plus" data-auid="increase-product-quantity" alt="Plus" aria-label="Plus">
				<span class="icon-plus-sign"></span>
			</button>

			<p class="deal-limit-reached hidden">Deal Limit Reached</p>

			<div class="tooltip-qty-error tooltip-qty-limit hidden">
				<p>
					Limit to
					&nbsp;
					999
					&nbsp;each&nbsp;
					per customer.</p>
			</div>
			<div class="tooltip-qty-error tooltip-round-error hidden">
				<p>
					We do not have this in the weight you wanted. We've rounded your order to the nearest weight increment we stock.</p>
			</div>
		</div>
	</form>

<!-- End Template: AddToCartSmall -->

</div>
</div>
<div class="item">
		









































	
	
		
		
		
		
			
		
	





























<div class="module-grocery-product quickview-simple  clicked" data-quickview-ajax-url="/p/20340477_EA/quickViewProduct" data-product-id="20340477_EA"  data-product-price="$1.18">
    
	
	
		<span class="subtitle"></span>
	

	<div class="product-page-hotspot">
	    <div class="product-cell quickview-button">
	  	    <div class="product-image ">
                
	  		    <img src="https://assets.shop.loblaws.ca/products/20340477/b1/en/front/20340477_front_a01.png" onerror="this.src='https://assets.shop.loblaws.ca/products/NoImage/b1/en/front/NoImage_front_a01_@2.png';" alt="Potato Chips, Salt & Vinegar" />
                
	  			    
	  	        
                
                    
                

	  		    

	  		    

	  		    

	  		    <div class="hover-text-container">
	  			    <button href="#" tabindex="0" class="hover-text " aria-label="Quick View for Potato Chips, Salt & Vinegar.">Quick View</button>
	  		    </div>
	  	    </div>
	    </div>

	    <div class="product-in-cart">
	  	    <div class="wrapper-product-in-cart">
	  		    <span>
	  			    In Cart
	  		    </span>
	  	    </div>
	    </div>

	    <div class="product-info">
	  	    <div class="product-name-wrapper">
	  		    <a href="/Food/Pantry/Chips-%26-Salty-Snacks/Potato-Chips/Potato-Chips%2C-Salt-%26-Vinegar/p/20340477_EA" class="product-name" aria-label="Product page for Potato Chips, Salt & Vinegar" >
	  			    <span class="js-product-entry-brand">No Name&nbsp;</span>

	  			    

	  			    <span class="js-product-entry-name">Potato Chips, Salt & Vinegar</span>

	  			    <span class="js-product-entry-size-detail">(200 g)</span>

	  		    </a>
	  	    </div>
	  	    
	  	    
	  		    
	  		    
	  			    



	
	
		
		<span class="ad-match-badge  hidden">Ad Match</span>
	

	  				
	  			        
	  					
	  				        
	  					
	  				
	  		    
	  	    

	  	    <div class="price">
			    <div class="price-wrapper no-discount  ">
				    <span class="reg-price  " aria-label="Regular Price: $1.18">
					    <span class="reg-price-text">$1.18</span>
					    
					    <sup class="reg-price-unit">ea</sup>
				    </span>
				    <span class="sale-price hidden" aria-label="Sale Price:">
					    <span class="sale-price-text"></span>
					    <sup class="sale-price-unit">ea</sup>
				    </span>
				    
				    <span class="secondary-price hidden">
					    
					    <span class="secondary-price-text" aria-label="Secondary Price:"></span>
				    </span>
			    </div>
	  	    </div>

	  	    <div class="qty">
	  		    <span class="reg-qty  ">
		
			
		  	
		  		<span class="sr-only">Sale Price Per Unit:</span>
        $0.59
        /
        100
        g
		  	
	  	
	</span>

	<span class="sale-qty hidden">
		
			
		  	
		  		<span class="sr-only">Sale Price Per Unit:</span>
        $0.59
        /
        100
        g
		  	
	  	
	</span>

	<span class="secondary-qty hidden">
		
	  	<span class="secondary-qty-text"></span>
	</span>
	  	    </div>
	    </div>


	    

	    
	</div>
	<form class="form-product  quickview-btn-simple"
	  data-product-id="20340477_EA"
	  data-min-qty="1.0"
	  data-max-qty="999.0"
	  data-unit-type="ea"
	  data-cart-qty="1"
	  data-default-qty="1"
	  novalidate="novalidate"
	  promoCode=""
	  promoNumber=""
	  data-is-customized="false"
	  data-cart-url="/cart/product/20340477_EA"
	  data-csrf-token="5582ec01-90c0-448b-b4f7-e2cf68d9f8a0"
	  data-is-weighted-product="false">

	<div class="module-add-to-cart " data-change-type="plus" data-auto-edit="true" data-auto-add="true"
		 data-cart-ajax-url="/cart/updateCart">
		<div class="wrapper-add-to-cart-btn">
					<div class="module-add-to-cart-button-small">
							<button type="button" class="btn btn-secondary btn-add-to-cart " data-auid="add-to-cart-button" data-has-pts-badge="false" aria-label="Add Potato Chips, Salt & Vinegar to cart">
										<span class="icon-cart"></span>
										<span class="add-to-cart-text">
											Add</span>
									</button>
									<button type="button" class="btn btn-secondary btn-edit-cart hidden " aria-label="Edit Cart">
										<span class="qty-in-cart"></span>
										<span class="edit-cart-text">
											<spring code="product.edit.text" />"
										</span>
									</button>
								<div class="add-list-parent add-list-module  bottom-add-list-module ">
	<button class="btn btn-inline-link btn-save-to-list  dark is-btn-animated" 
	  data-login-url="/account/login?productCode=20340477_EA" 
	  data-ajax-url="/restful/lists/all?productCode=20340477_EA" 
	  data-user-guest="Y" 
	  data-user-guest="Y" data-product-code="20340477_EA" 
	  data-delete-item="false"
	  aria-label="Add Potato Chips, Salt & Vinegar to a List">
	  <span class="glyphicon glyphicon-th-list"></span>
	  <div class="list-cta-text  is-btn-animated">Add to List</div>
	</button>
	 
	<!-- this is the list HTML   -->
	<div class="save-to-list-popup  is-btn-animated animation-up dark" 
	  data-save-to-list-error="Can not get lists at this time. Please try again later."
	  data-product-name="Potato Chips, Salt & Vinegar">
	  <div class="inner-container">
	  </div>
	  
	</div>
</div>

</div>
				</div>
			</div>


	<div class="module-plus-minus-buttons small hidden ">
			<button type="button" class="btn cart-change-qty" data-change-type="minus" data-auid="decrease-product-quantity" alt="Minus" aria-label="Minus">
				<span class="icon-minimize"></span>
			</button>
			<div class="plus-minus-input-wrapper">
				<input class="input-qty cart-change-qty" aria-label="Enter manual quantity" type="text" name="qty" title="Change quantity in cart"
							data-unit-type="ea"
							value="1ea" data-change-type="equals"
							maxlength="7">

						<span class="input-qty-pretty">
							<span class="input-qty-pretty-value">1</span>
							<span class="input-qty-pretty-unit"></span>
						</span>
					</div>

			<button type="button" class="btn cart-change-qty" data-change-type="plus" data-auid="increase-product-quantity" alt="Plus" aria-label="Plus">
				<span class="icon-plus-sign"></span>
			</button>

			<p class="deal-limit-reached hidden">Deal Limit Reached</p>

			<div class="tooltip-qty-error tooltip-qty-limit hidden">
				<p>
					Limit to
					&nbsp;
					999
					&nbsp;each&nbsp;
					per customer.</p>
			</div>
			<div class="tooltip-qty-error tooltip-round-error hidden">
				<p>
					We do not have this in the weight you wanted. We've rounded your order to the nearest weight increment we stock.</p>
			</div>
		</div>
	</form>

<!-- End Template: AddToCartSmall -->

</div>
</div>
<div class="item">
		






































	




	
	
		
		
		
		
			
		
	





























<div class="module-grocery-product quickview-simple  clicked" data-quickview-ajax-url="/p/20140411005_EA/quickViewProduct" data-product-id="20140411005_EA"  data-product-price="$3.98">
    
	
	
		<span class="subtitle"></span>
	

	<div class="product-page-hotspot">
	    <div class="product-cell quickview-button">
	  	    <div class="product-image ">
                
	  		    <img src="https://assets.shop.loblaws.ca/products/20140411005/b1/en/front/20140411005_front_a01.png" onerror="this.src='https://assets.shop.loblaws.ca/products/NoImage/b1/en/front/NoImage_front_a01_@2.png';" alt="Blue" />
                
	  			    
	  			        <span class="sticker deal">
	  				        <span class="deal-badge">
	  				            
	  			                
	  				            

	  				            <span class="module-deal-badge module-deal-badge-grid simple-save-unit "
	  						        data-deal-type="$3.98 LIMIT 4"
	  						        data-ajax-promo-url="/simpleDeal/deals/product-tile?productCode=20140411005_EA"
	  						        data-deal-id="20140411005_EA">
	  						        <span class="deal-type">$3.98 LIMIT 4</span>
	  						            








	<span class="deal-expiry">
		Exp. 12/27
	</span>

	  					                
	  				            </span>
	  			            </span>
	  		            </span>
	  			        
	  	            
	  	        
                
                    
                

	  		    

	  		    

	  		    

	  		    <div class="hover-text-container">
	  			    <button href="#" tabindex="0" class="hover-text " aria-label="Quick View for Blue.">Quick View</button>
	  		    </div>
	  	    </div>
	    </div>

	    <div class="product-in-cart">
	  	    <div class="wrapper-product-in-cart">
	  		    <span>
	  			    In Cart
	  		    </span>
	  	    </div>
	    </div>

	    <div class="product-info">
	  	    <div class="product-name-wrapper">
	  		    <a href="/Food/Pantry/Chips-%26-Salty-Snacks/Potato-Chips/Blue/p/20140411005_EA" class="product-name" aria-label="Product page for Blue" >
	  			    <span class="js-product-entry-brand">Terra&nbsp;</span>

	  			    

	  			    <span class="js-product-entry-name">Blue</span>

	  			    <span class="js-product-entry-size-detail">(170 g)</span>

	  		    </a>
	  	    </div>
	  	    
	  	    
	  		    
	  		    
	  			    



	
	
		
		<span class="ad-match-badge  hidden">Ad Match</span>
	

	  				
	  			        
	  					
	  				        
	  					
	  				
	  		    
	  	    

	  	    <div class="price">
			    <div class="price-wrapper no-discount promo-alert ">
				    <span class="reg-price  price-alert" aria-label="Regular Price: $3.98">
					    <span class="reg-price-text">$3.98</span>
					    
					    <sup class="reg-price-unit">ea</sup>
				    </span>
				    <span class="sale-price hidden" aria-label="Sale Price:">
					    <span class="sale-price-text"></span>
					    <sup class="sale-price-unit">ea</sup>
				    </span>
				    
				    <span class="secondary-price hidden">
					    
					    <span class="secondary-price-text" aria-label="Secondary Price:"></span>
				    </span>
			    </div>
	  	    </div>

	  	    <div class="qty">
	  		    <span class="reg-qty  price-alert">
		
			
		  	
		  		<span class="sr-only">Sale Price Per Unit:</span>
        $2.34
        /
        100
        g
		  	
	  	
	</span>

	<span class="sale-qty hidden">
		
			
		  	
		  		<span class="sr-only">Sale Price Per Unit:</span>
        $2.34
        /
        100
        g
		  	
	  	
	</span>

	<span class="secondary-qty hidden">
		
	  	<span class="secondary-qty-text"></span>
	</span>
	  	    </div>
	    </div>


	    

	    
	</div>
	<form class="form-product  quickview-btn-simple"
	  data-product-id="20140411005_EA"
	  data-min-qty="1.0"
	  data-max-qty="999.0"
	  data-unit-type="ea"
	  data-cart-qty="1"
	  data-default-qty="1"
	  novalidate="novalidate"
	  promoCode=""
	  promoNumber=""
	  data-is-customized="false"
	  data-cart-url="/cart/product/20140411005_EA"
	  data-csrf-token="5582ec01-90c0-448b-b4f7-e2cf68d9f8a0"
	  data-is-weighted-product="false">

	<div class="module-add-to-cart " data-change-type="plus" data-auto-edit="true" data-auto-add="true"
		 data-cart-ajax-url="/cart/updateCart">
		<div class="wrapper-add-to-cart-btn">
					<div class="module-add-to-cart-button-small">
							<button type="button" class="btn btn-secondary btn-add-to-cart " data-auid="add-to-cart-button" data-has-pts-badge="false" aria-label="Add Blue to cart">
										<span class="icon-cart"></span>
										<span class="add-to-cart-text">
											Add</span>
									</button>
									<button type="button" class="btn btn-secondary btn-edit-cart hidden " aria-label="Edit Cart">
										<span class="qty-in-cart"></span>
										<span class="edit-cart-text">
											<spring code="product.edit.text" />"
										</span>
									</button>
								<div class="add-list-parent add-list-module  bottom-add-list-module ">
	<button class="btn btn-inline-link btn-save-to-list  dark is-btn-animated" 
	  data-login-url="/account/login?productCode=20140411005_EA" 
	  data-ajax-url="/restful/lists/all?productCode=20140411005_EA" 
	  data-user-guest="Y" 
	  data-user-guest="Y" data-product-code="20140411005_EA" 
	  data-delete-item="false"
	  aria-label="Add Blue to a List">
	  <span class="glyphicon glyphicon-th-list"></span>
	  <div class="list-cta-text  is-btn-animated">Add to List</div>
	</button>
	 
	<!-- this is the list HTML   -->
	<div class="save-to-list-popup  is-btn-animated animation-up dark" 
	  data-save-to-list-error="Can not get lists at this time. Please try again later."
	  data-product-name="Blue">
	  <div class="inner-container">
	  </div>
	  
	</div>
</div>

</div>
				</div>
			</div>


	<div class="module-plus-minus-buttons small hidden ">
			<button type="button" class="btn cart-change-qty" data-change-type="minus" data-auid="decrease-product-quantity" alt="Minus" aria-label="Minus">
				<span class="icon-minimize"></span>
			</button>
			<div class="plus-minus-input-wrapper">
				<input class="input-qty cart-change-qty" aria-label="Enter manual quantity" type="text" name="qty" title="Change quantity in cart"
							data-unit-type="ea"
							value="1ea" data-change-type="equals"
							maxlength="7">

						<span class="input-qty-pretty">
							<span class="input-qty-pretty-value">1</span>
							<span class="input-qty-pretty-unit"></span>
						</span>
					</div>

			<button type="button" class="btn cart-change-qty" data-change-type="plus" data-auid="increase-product-quantity" alt="Plus" aria-label="Plus">
				<span class="icon-plus-sign"></span>
			</button>

			<p class="deal-limit-reached hidden">Deal Limit Reached</p>

			<div class="tooltip-qty-error tooltip-qty-limit hidden">
				<p>
					Limit to
					&nbsp;
					999
					&nbsp;each&nbsp;
					per customer.</p>
			</div>
			<div class="tooltip-qty-error tooltip-round-error hidden">
				<p>
					We do not have this in the weight you wanted. We've rounded your order to the nearest weight increment we stock.</p>
			</div>
		</div>
	</form>

<!-- End Template: AddToCartSmall -->

</div>
</div>
<div class="item">
		









































	
	
		
		
		
		
			
		
	





























<div class="module-grocery-product quickview-simple  clicked" data-quickview-ajax-url="/p/21050574_EA/quickViewProduct" data-product-id="21050574_EA"  data-product-price="$2.97">
    
	
	
		<span class="subtitle"></span>
	

	<div class="product-page-hotspot">
	    <div class="product-cell quickview-button">
	  	    <div class="product-image ">
                
	  		    <img src="https://assets.shop.loblaws.ca/products/21050574/b1/en/front/21050574_front_a01.png" onerror="this.src='https://assets.shop.loblaws.ca/products/NoImage/b1/en/front/NoImage_front_a01_@2.png';" alt="Tortilla Chips, Hint of Lime" />
                
	  			    
	  			        <span class="sticker deal">
	  				        <span class="deal-badge">
	  				            
	  			                
	  				            

	  				            <span class="module-deal-badge module-deal-badge-grid simple-save-unit "
	  						        data-deal-type="2 FOR $5.00"
	  						        data-ajax-promo-url="/simpleDeal/deals/product-tile?productCode=21050574_EA"
	  						        data-deal-id="21050574_EA">
	  						        <span class="deal-type">2 FOR $5.00</span>
	  						            








	<span class="deal-expiry">
		Exp. 12/19
	</span>

	  					                
	  				            </span>
	  			            </span>
	  		            </span>
	  			        
	  	            
	  	        
                
                    
                

	  		    

	  		    

	  		    

	  		    <div class="hover-text-container">
	  			    <button href="#" tabindex="0" class="hover-text " aria-label="Quick View for Tortilla Chips, Hint of Lime.">Quick View</button>
	  		    </div>
	  	    </div>
	    </div>

	    <div class="product-in-cart">
	  	    <div class="wrapper-product-in-cart">
	  		    <span>
	  			    In Cart
	  		    </span>
	  	    </div>
	    </div>

	    <div class="product-info">
	  	    <div class="product-name-wrapper">
	  		    <a href="/Food/Pantry/Chips-%26-Salty-Snacks/Tortilla-Chips/Tostitos-Tortilla-Chips%2C-Hint-of-Lime/p/21050574_EA" class="product-name" aria-label="Product page for Tortilla Chips, Hint of Lime" >
	  			    <span class="js-product-entry-brand">Tostitos&nbsp;</span>

	  			    

	  			    <span class="js-product-entry-name">Tortilla Chips, Hint of Lime</span>

	  			    <span class="js-product-entry-size-detail">(275 g)</span>

	  		    </a>
	  	    </div>
	  	    
	  	    
	  		    
	  		    
	  			    



	
	
		
		<span class="ad-match-badge  hidden">Ad Match</span>
	

	  				
	  			        
	  					
	  				        
	  					
	  				
	  		    
	  	    

	  	    <div class="price">
			    <div class="price-wrapper no-discount  ">
				    <span class="reg-price  " aria-label="Regular Price: $2.97">
					    <span class="reg-price-text">$2.97</span>
					    
					    <sup class="reg-price-unit">ea</sup>
				    </span>
				    <span class="sale-price hidden" aria-label="Sale Price:">
					    <span class="sale-price-text"></span>
					    <sup class="sale-price-unit">ea</sup>
				    </span>
				    
				    <span class="secondary-price hidden">
					    
					    <span class="secondary-price-text" aria-label="Secondary Price:"></span>
				    </span>
			    </div>
	  	    </div>

	  	    <div class="qty">
	  		    <span class="reg-qty  ">
		
			
		  	
		  		<span class="sr-only">Sale Price Per Unit:</span>
        $1.08
        /
        100
        g
		  	
	  	
	</span>

	<span class="sale-qty hidden">
		
			
		  	
		  		<span class="sr-only">Sale Price Per Unit:</span>
        $1.08
        /
        100
        g
		  	
	  	
	</span>

	<span class="secondary-qty hidden">
		
	  	<span class="secondary-qty-text"></span>
	</span>
	  	    </div>
	    </div>


	    

	    
	</div>
	<form class="form-product  quickview-btn-simple"
	  data-product-id="21050574_EA"
	  data-min-qty="1.0"
	  data-max-qty="999.0"
	  data-unit-type="ea"
	  data-cart-qty="1"
	  data-default-qty="1"
	  novalidate="novalidate"
	  promoCode=""
	  promoNumber=""
	  data-is-customized="false"
	  data-cart-url="/cart/product/21050574_EA"
	  data-csrf-token="5582ec01-90c0-448b-b4f7-e2cf68d9f8a0"
	  data-is-weighted-product="false">

	<div class="module-add-to-cart " data-change-type="plus" data-auto-edit="true" data-auto-add="true"
		 data-cart-ajax-url="/cart/updateCart">
		<div class="wrapper-add-to-cart-btn">
					<div class="module-add-to-cart-button-small">
							<button type="button" class="btn btn-secondary btn-add-to-cart " data-auid="add-to-cart-button" data-has-pts-badge="false" aria-label="Add Tortilla Chips, Hint of Lime to cart">
										<span class="icon-cart"></span>
										<span class="add-to-cart-text">
											Add</span>
									</button>
									<button type="button" class="btn btn-secondary btn-edit-cart hidden " aria-label="Edit Cart">
										<span class="qty-in-cart"></span>
										<span class="edit-cart-text">
											<spring code="product.edit.text" />"
										</span>
									</button>
								<div class="add-list-parent add-list-module  bottom-add-list-module ">
	<button class="btn btn-inline-link btn-save-to-list  dark is-btn-animated" 
	  data-login-url="/account/login?productCode=21050574_EA" 
	  data-ajax-url="/restful/lists/all?productCode=21050574_EA" 
	  data-user-guest="Y" 
	  data-user-guest="Y" data-product-code="21050574_EA" 
	  data-delete-item="false"
	  aria-label="Add Tortilla Chips, Hint of Lime to a List">
	  <span class="glyphicon glyphicon-th-list"></span>
	  <div class="list-cta-text  is-btn-animated">Add to List</div>
	</button>
	 
	<!-- this is the list HTML   -->
	<div class="save-to-list-popup  is-btn-animated animation-up dark" 
	  data-save-to-list-error="Can not get lists at this time. Please try again later."
	  data-product-name="Tortilla Chips, Hint of Lime">
	  <div class="inner-container">
	  </div>
	  
	</div>
</div>

</div>
				</div>
			</div>


	<div class="module-plus-minus-buttons small hidden ">
			<button type="button" class="btn cart-change-qty" data-change-type="minus" data-auid="decrease-product-quantity" alt="Minus" aria-label="Minus">
				<span class="icon-minimize"></span>
			</button>
			<div class="plus-minus-input-wrapper">
				<input class="input-qty cart-change-qty" aria-label="Enter manual quantity" type="text" name="qty" title="Change quantity in cart"
							data-unit-type="ea"
							value="1ea" data-change-type="equals"
							maxlength="7">

						<span class="input-qty-pretty">
							<span class="input-qty-pretty-value">1</span>
							<span class="input-qty-pretty-unit"></span>
						</span>
					</div>

			<button type="button" class="btn cart-change-qty" data-change-type="plus" data-auid="increase-product-quantity" alt="Plus" aria-label="Plus">
				<span class="icon-plus-sign"></span>
			</button>

			<p class="deal-limit-reached hidden">Deal Limit Reached</p>

			<div class="tooltip-qty-error tooltip-qty-limit hidden">
				<p>
					Limit to
					&nbsp;
					999
					&nbsp;each&nbsp;
					per customer.</p>
			</div>
			<div class="tooltip-qty-error tooltip-round-error hidden">
				<p>
					We do not have this in the weight you wanted. We've rounded your order to the nearest weight increment we stock.</p>
			</div>
		</div>
	</form>

<!-- End Template: AddToCartSmall -->

</div>
</div>
<div class="item">
		









































	
	
		
		
		
		
			
		
	





























<div class="module-grocery-product quickview-simple  clicked" data-quickview-ajax-url="/p/21065182_EA/quickViewProduct" data-product-id="21065182_EA"  data-product-price="$4.48">
    
	
	
		<span class="subtitle"></span>
	

	<div class="product-page-hotspot">
	    <div class="product-cell quickview-button">
	  	    <div class="product-image ">
                
	  		    <img src="https://assets.shop.loblaws.ca/products/21065182/b1/en/front/21065182_front_a01.png" onerror="this.src='https://assets.shop.loblaws.ca/products/NoImage/b1/en/front/NoImage_front_a01_@2.png';" alt="Chips, Nacho" />
                
	  			    
	  	        
                
                    
                

	  		    

	  		    

	  		    

	  		    <div class="hover-text-container">
	  			    <button href="#" tabindex="0" class="hover-text " aria-label="Quick View for Chips, Nacho.">Quick View</button>
	  		    </div>
	  	    </div>
	    </div>

	    <div class="product-in-cart">
	  	    <div class="wrapper-product-in-cart">
	  		    <span>
	  			    In Cart
	  		    </span>
	  	    </div>
	    </div>

	    <div class="product-info">
	  	    <div class="product-name-wrapper">
	  		    <a href="/Food/Pantry/Chips-%26-Salty-Snacks/Potato-Chips/Beanfields-Chips%2C-Nacho/p/21065182_EA" class="product-name" aria-label="Product page for Chips, Nacho" >
	  			    <span class="js-product-entry-brand">Beanfields&nbsp;</span>

	  			    

	  			    <span class="js-product-entry-name">Chips, Nacho</span>

	  			    <span class="js-product-entry-size-detail">(156 g)</span>

	  		    </a>
	  	    </div>
	  	    
	  	    
	  		    
	  		    
	  			    



	
	
		
		<span class="ad-match-badge  hidden">Ad Match</span>
	

	  				
	  			        
	  					
	  				        
	  					
	  				
	  		    
	  	    

	  	    <div class="price">
			    <div class="price-wrapper no-discount  ">
				    <span class="reg-price  " aria-label="Regular Price: $4.48">
					    <span class="reg-price-text">$4.48</span>
					    
					    <sup class="reg-price-unit">ea</sup>
				    </span>
				    <span class="sale-price hidden" aria-label="Sale Price:">
					    <span class="sale-price-text"></span>
					    <sup class="sale-price-unit">ea</sup>
				    </span>
				    
				    <span class="secondary-price hidden">
					    
					    <span class="secondary-price-text" aria-label="Secondary Price:"></span>
				    </span>
			    </div>
	  	    </div>

	  	    <div class="qty">
	  		    <span class="reg-qty  ">
		
			
		  	
		  		<span class="sr-only">Sale Price Per Unit:</span>
        $2.87
        /
        100
        g
		  	
	  	
	</span>

	<span class="sale-qty hidden">
		
			
		  	
		  		<span class="sr-only">Sale Price Per Unit:</span>
        $2.87
        /
        100
        g
		  	
	  	
	</span>

	<span class="secondary-qty hidden">
		
	  	<span class="secondary-qty-text"></span>
	</span>
	  	    </div>
	    </div>


	    

	    
	</div>
	<form class="form-product  quickview-btn-simple"
	  data-product-id="21065182_EA"
	  data-min-qty="1.0"
	  data-max-qty="999.0"
	  data-unit-type="ea"
	  data-cart-qty="1"
	  data-default-qty="1"
	  novalidate="novalidate"
	  promoCode=""
	  promoNumber=""
	  data-is-customized="false"
	  data-cart-url="/cart/product/21065182_EA"
	  data-csrf-token="5582ec01-90c0-448b-b4f7-e2cf68d9f8a0"
	  data-is-weighted-product="false">

	<div class="module-add-to-cart " data-change-type="plus" data-auto-edit="true" data-auto-add="true"
		 data-cart-ajax-url="/cart/updateCart">
		<div class="wrapper-add-to-cart-btn">
					<div class="module-add-to-cart-button-small">
							<button type="button" class="btn btn-secondary btn-add-to-cart " data-auid="add-to-cart-button" data-has-pts-badge="false" aria-label="Add Chips, Nacho to cart">
										<span class="icon-cart"></span>
										<span class="add-to-cart-text">
											Add</span>
									</button>
									<button type="button" class="btn btn-secondary btn-edit-cart hidden " aria-label="Edit Cart">
										<span class="qty-in-cart"></span>
										<span class="edit-cart-text">
											<spring code="product.edit.text" />"
										</span>
									</button>
								<div class="add-list-parent add-list-module  bottom-add-list-module ">
	<button class="btn btn-inline-link btn-save-to-list  dark is-btn-animated" 
	  data-login-url="/account/login?productCode=21065182_EA" 
	  data-ajax-url="/restful/lists/all?productCode=21065182_EA" 
	  data-user-guest="Y" 
	  data-user-guest="Y" data-product-code="21065182_EA" 
	  data-delete-item="false"
	  aria-label="Add Chips, Nacho to a List">
	  <span class="glyphicon glyphicon-th-list"></span>
	  <div class="list-cta-text  is-btn-animated">Add to List</div>
	</button>
	 
	<!-- this is the list HTML   -->
	<div class="save-to-list-popup  is-btn-animated animation-up dark" 
	  data-save-to-list-error="Can not get lists at this time. Please try again later."
	  data-product-name="Chips, Nacho">
	  <div class="inner-container">
	  </div>
	  
	</div>
</div>

</div>
				</div>
			</div>


	<div class="module-plus-minus-buttons small hidden ">
			<button type="button" class="btn cart-change-qty" data-change-type="minus" data-auid="decrease-product-quantity" alt="Minus" aria-label="Minus">
				<span class="icon-minimize"></span>
			</button>
			<div class="plus-minus-input-wrapper">
				<input class="input-qty cart-change-qty" aria-label="Enter manual quantity" type="text" name="qty" title="Change quantity in cart"
							data-unit-type="ea"
							value="1ea" data-change-type="equals"
							maxlength="7">

						<span class="input-qty-pretty">
							<span class="input-qty-pretty-value">1</span>
							<span class="input-qty-pretty-unit"></span>
						</span>
					</div>

			<button type="button" class="btn cart-change-qty" data-change-type="plus" data-auid="increase-product-quantity" alt="Plus" aria-label="Plus">
				<span class="icon-plus-sign"></span>
			</button>

			<p class="deal-limit-reached hidden">Deal Limit Reached</p>

			<div class="tooltip-qty-error tooltip-qty-limit hidden">
				<p>
					Limit to
					&nbsp;
					999
					&nbsp;each&nbsp;
					per customer.</p>
			</div>
			<div class="tooltip-qty-error tooltip-round-error hidden">
				<p>
					We do not have this in the weight you wanted. We've rounded your order to the nearest weight increment we stock.</p>
			</div>
		</div>
	</form>

<!-- End Template: AddToCartSmall -->

</div>
</div>
<div class="item">
		









































	
	
		
		
		
		
			
		
	





























<div class="module-grocery-product quickview-simple  clicked" data-quickview-ajax-url="/p/20944641_EA/quickViewProduct" data-product-id="20944641_EA"  data-product-price="$3.27">
    
	
	
		<span class="subtitle"></span>
	

	<div class="product-page-hotspot">
	    <div class="product-cell quickview-button">
	  	    <div class="product-image ">
                
	  		    <img src="https://assets.shop.loblaws.ca/products/20944641/b1/en/front/20944641_front_a01.png" onerror="this.src='https://assets.shop.loblaws.ca/products/NoImage/b1/en/front/NoImage_front_a01_@2.png';" alt="Crunchy Cheese Flavoured Snacks, Cheddar Jalapeño" />
                
	  			    
	  	        
                
                    
                

	  		    

	  		    

	  		    

	  		    <div class="hover-text-container">
	  			    <button href="#" tabindex="0" class="hover-text " aria-label="Quick View for Crunchy Cheese Flavoured Snacks, Cheddar Jalapeño.">Quick View</button>
	  		    </div>
	  	    </div>
	    </div>

	    <div class="product-in-cart">
	  	    <div class="wrapper-product-in-cart">
	  		    <span>
	  			    In Cart
	  		    </span>
	  	    </div>
	    </div>

	    <div class="product-info">
	  	    <div class="product-name-wrapper">
	  		    <a href="/Food/Pantry/Chips-%26-Salty-Snacks/Tortilla-Chips/Cheetos-Crunchy-Cheese-Flavoured-Snacks%2C-Cheddar-Jalape%C3%B1o/p/20944641_EA" class="product-name" aria-label="Product page for Crunchy Cheese Flavoured Snacks, Cheddar Jalapeño" >
	  			    

	  			    

	  			    <span class="js-product-entry-name">Crunchy Cheese Flavoured Snacks, Cheddar Jalapeño</span>

	  			    <span class="js-product-entry-size-detail">(310 g)</span>

	  		    </a>
	  	    </div>
	  	    
	  	    
	  		    
	  		    
	  			    



	
	
		
		<span class="ad-match-badge  hidden">Ad Match</span>
	

	  				
	  			        
	  					
	  				        
	  					
	  				
	  		    
	  	    

	  	    <div class="price">
			    <div class="price-wrapper no-discount  ">
				    <span class="reg-price  " aria-label="Regular Price: $3.27">
					    <span class="reg-price-text">$3.27</span>
					    
					    <sup class="reg-price-unit">ea</sup>
				    </span>
				    <span class="sale-price hidden" aria-label="Sale Price:">
					    <span class="sale-price-text"></span>
					    <sup class="sale-price-unit">ea</sup>
				    </span>
				    
				    <span class="secondary-price hidden">
					    
					    <span class="secondary-price-text" aria-label="Secondary Price:"></span>
				    </span>
			    </div>
	  	    </div>

	  	    <div class="qty">
	  		    <span class="reg-qty  ">
		
			
		  	
		  		<span class="sr-only">Sale Price Per Unit:</span>
        $1.05
        /
        100
        g
		  	
	  	
	</span>

	<span class="sale-qty hidden">
		
			
		  	
		  		<span class="sr-only">Sale Price Per Unit:</span>
        $1.05
        /
        100
        g
		  	
	  	
	</span>

	<span class="secondary-qty hidden">
		
	  	<span class="secondary-qty-text"></span>
	</span>
	  	    </div>
	    </div>


	    

	    
	</div>
	<form class="form-product  quickview-btn-simple"
	  data-product-id="20944641_EA"
	  data-min-qty="1.0"
	  data-max-qty="999.0"
	  data-unit-type="ea"
	  data-cart-qty="1"
	  data-default-qty="1"
	  novalidate="novalidate"
	  promoCode=""
	  promoNumber=""
	  data-is-customized="false"
	  data-cart-url="/cart/product/20944641_EA"
	  data-csrf-token="5582ec01-90c0-448b-b4f7-e2cf68d9f8a0"
	  data-is-weighted-product="false">

	<div class="module-add-to-cart " data-change-type="plus" data-auto-edit="true" data-auto-add="true"
		 data-cart-ajax-url="/cart/updateCart">
		<div class="wrapper-add-to-cart-btn">
					<div class="module-add-to-cart-button-small">
							<button type="button" class="btn btn-secondary btn-add-to-cart " data-auid="add-to-cart-button" data-has-pts-badge="false" aria-label="Add Crunchy Cheese Flavoured Snacks, Cheddar Jalapeño to cart">
										<span class="icon-cart"></span>
										<span class="add-to-cart-text">
											Add</span>
									</button>
									<button type="button" class="btn btn-secondary btn-edit-cart hidden " aria-label="Edit Cart">
										<span class="qty-in-cart"></span>
										<span class="edit-cart-text">
											<spring code="product.edit.text" />"
										</span>
									</button>
								<div class="add-list-parent add-list-module  bottom-add-list-module ">
	<button class="btn btn-inline-link btn-save-to-list  dark is-btn-animated" 
	  data-login-url="/account/login?productCode=20944641_EA" 
	  data-ajax-url="/restful/lists/all?productCode=20944641_EA" 
	  data-user-guest="Y" 
	  data-user-guest="Y" data-product-code="20944641_EA" 
	  data-delete-item="false"
	  aria-label="Add Crunchy Cheese Flavoured Snacks, Cheddar Jalapeño to a List">
	  <span class="glyphicon glyphicon-th-list"></span>
	  <div class="list-cta-text  is-btn-animated">Add to List</div>
	</button>
	 
	<!-- this is the list HTML   -->
	<div class="save-to-list-popup  is-btn-animated animation-up dark" 
	  data-save-to-list-error="Can not get lists at this time. Please try again later."
	  data-product-name="Crunchy Cheese Flavoured Snacks, Cheddar Jalapeño">
	  <div class="inner-container">
	  </div>
	  
	</div>
</div>

</div>
				</div>
			</div>


	<div class="module-plus-minus-buttons small hidden ">
			<button type="button" class="btn cart-change-qty" data-change-type="minus" data-auid="decrease-product-quantity" alt="Minus" aria-label="Minus">
				<span class="icon-minimize"></span>
			</button>
			<div class="plus-minus-input-wrapper">
				<input class="input-qty cart-change-qty" aria-label="Enter manual quantity" type="text" name="qty" title="Change quantity in cart"
							data-unit-type="ea"
							value="1ea" data-change-type="equals"
							maxlength="7">

						<span class="input-qty-pretty">
							<span class="input-qty-pretty-value">1</span>
							<span class="input-qty-pretty-unit"></span>
						</span>
					</div>

			<button type="button" class="btn cart-change-qty" data-change-type="plus" data-auid="increase-product-quantity" alt="Plus" aria-label="Plus">
				<span class="icon-plus-sign"></span>
			</button>

			<p class="deal-limit-reached hidden">Deal Limit Reached</p>

			<div class="tooltip-qty-error tooltip-qty-limit hidden">
				<p>
					Limit to
					&nbsp;
					999
					&nbsp;each&nbsp;
					per customer.</p>
			</div>
			<div class="tooltip-qty-error tooltip-round-error hidden">
				<p>
					We do not have this in the weight you wanted. We've rounded your order to the nearest weight increment we stock.</p>
			</div>
		</div>
	</form>

<!-- End Template: AddToCartSmall -->

</div>
</div>
