<div class="item">
		









































	
	
		
		
		
		
			
		
	





























<div class="module-grocery-product quickview-simple  clicked" data-quickview-ajax-url="/p/20963673_EA/quickViewProduct" data-product-id="20963673_EA"  data-product-price="$3.27">
    
	
	
		<span class="subtitle"></span>
	

	<div class="product-page-hotspot">
	    <div class="product-cell quickview-button">
	  	    <div class="product-image ">
                
	  		    <img src="https://assets.shop.loblaws.ca/products/20963673/b1/en/front/20963673_front_a01.png" onerror="this.src='https://assets.shop.loblaws.ca/products/NoImage/b1/en/front/NoImage_front_a01_@2.png';" alt="Crunchy Cheese Flavoured Snacks, Flamin' Hot" />
                
	  			    
	  	        
                
                    
                

	  		    

	  		    

	  		    

	  		    <div class="hover-text-container">
	  			    <button href="#" tabindex="0" class="hover-text " aria-label="Quick View for Crunchy Cheese Flavoured Snacks, Flamin' Hot.">Quick View</button>
	  		    </div>
	  	    </div>
	    </div>

	    <div class="product-in-cart">
	  	    <div class="wrapper-product-in-cart">
	  		    <span>
	  			    In Cart
	  		    </span>
	  	    </div>
	    </div>

	    <div class="product-info">
	  	    <div class="product-name-wrapper">
	  		    <a href="/Food/Pantry/Chips-%26-Salty-Snacks/Tortilla-Chips/Cheetos-CRUNCHY-Crunchy-Cheese-Flavoured-Snacks%2C-Flamin%27-Hot/p/20963673_EA" class="product-name" aria-label="Product page for Crunchy Cheese Flavoured Snacks, Flamin' Hot" >
	  			    

	  			    

	  			    <span class="js-product-entry-name">Crunchy Cheese Flavoured Snacks, Flamin' Hot</span>

	  			    <span class="js-product-entry-size-detail">(310 g)</span>

	  		    </a>
	  	    </div>
	  	    
	  	    
	  		    
	  		    
	  			    



	
	
		
		<span class="ad-match-badge  hidden">Ad Match</span>
	

	  				
	  			        
	  					
	  				        
	  					
	  				
	  		    
	  	    

	  	    <div class="price">
			    <div class="price-wrapper no-discount  ">
				    <span class="reg-price  " aria-label="Regular Price: $3.27">
					    <span class="reg-price-text">$3.27</span>
					    
					    <sup class="reg-price-unit">ea</sup>
				    </span>
				    <span class="sale-price hidden" aria-label="Sale Price:">
					    <span class="sale-price-text"></span>
					    <sup class="sale-price-unit">ea</sup>
				    </span>
				    
				    <span class="secondary-price hidden">
					    
					    <span class="secondary-price-text" aria-label="Secondary Price:"></span>
				    </span>
			    </div>
	  	    </div>

	  	    <div class="qty">
	  		    <span class="reg-qty  ">
		
			
		  	
		  		<span class="sr-only">Sale Price Per Unit:</span>
        $1.05
        /
        100
        g
		  	
	  	
	</span>

	<span class="sale-qty hidden">
		
			
		  	
		  		<span class="sr-only">Sale Price Per Unit:</span>
        $1.05
        /
        100
        g
		  	
	  	
	</span>

	<span class="secondary-qty hidden">
		
	  	<span class="secondary-qty-text"></span>
	</span>
	  	    </div>
	    </div>


	    

	    
	</div>
	<form class="form-product  quickview-btn-simple"
	  data-product-id="20963673_EA"
	  data-min-qty="1.0"
	  data-max-qty="999.0"
	  data-unit-type="ea"
	  data-cart-qty="1"
	  data-default-qty="1"
	  novalidate="novalidate"
	  promoCode=""
	  promoNumber=""
	  data-is-customized="false"
	  data-cart-url="/cart/product/20963673_EA"
	  data-csrf-token="5582ec01-90c0-448b-b4f7-e2cf68d9f8a0"
	  data-is-weighted-product="false">

	<div class="module-add-to-cart " data-change-type="plus" data-auto-edit="true" data-auto-add="true"
		 data-cart-ajax-url="/cart/updateCart">
		<div class="wrapper-add-to-cart-btn">
					<div class="module-add-to-cart-button-small">
							<button type="button" class="btn btn-secondary btn-add-to-cart " data-auid="add-to-cart-button" data-has-pts-badge="false" aria-label="Add Crunchy Cheese Flavoured Snacks, Flamin' Hot to cart">
										<span class="icon-cart"></span>
										<span class="add-to-cart-text">
											Add</span>
									</button>
									<button type="button" class="btn btn-secondary btn-edit-cart hidden " aria-label="Edit Cart">
										<span class="qty-in-cart"></span>
										<span class="edit-cart-text">
											<spring code="product.edit.text" />"
										</span>
									</button>
								<div class="add-list-parent add-list-module  bottom-add-list-module ">
	<button class="btn btn-inline-link btn-save-to-list  dark is-btn-animated" 
	  data-login-url="/account/login?productCode=20963673_EA" 
	  data-ajax-url="/restful/lists/all?productCode=20963673_EA" 
	  data-user-guest="Y" 
	  data-user-guest="Y" data-product-code="20963673_EA" 
	  data-delete-item="false"
	  aria-label="Add Crunchy Cheese Flavoured Snacks, Flamin' Hot to a List">
	  <span class="glyphicon glyphicon-th-list"></span>
	  <div class="list-cta-text  is-btn-animated">Add to List</div>
	</button>
	 
	<!-- this is the list HTML   -->
	<div class="save-to-list-popup  is-btn-animated animation-up dark" 
	  data-save-to-list-error="Can not get lists at this time. Please try again later."
	  data-product-name="Crunchy Cheese Flavoured Snacks, Flamin' Hot">
	  <div class="inner-container">
	  </div>
	  
	</div>
</div>





<script id="tmpl-product-list-grid" type="text/x-dot-template">
<ul>
{{~it.shoppingListData :entry:index }}
	{{? entry.added }}
			<li class="already-added">
			<div class="no-link item-label">
			
			<span class="category-list-name">{{=entry.shoppingListName}}</span>
			</div><span class="glyphicon glyphicon-ok"></span></li>
	{{??}}
			<li class="has-item-label-link"><a data-shopping-list-name="{{=entry.shoppingListName}}" 
			 class="item-label"
			 data-submit-message="{{!entry.addMessage}}"
			 href="/restful/lists/{{=entry.shoppingListCode}}/product/{{=it.productCode}}?CSRFToken={{=it.csrf}}">{{=entry.shoppingListName}}</a></li>
	{{?}}
{{~}}
<li class="create-new trigger-modal" data-modal-content-id="create-list-modal-content" data-productcode="{{=it.productCode}}"><a href="#">Create New List</a></li>
</ul>
</script>

<!-- Begin Template: createListModal -->
<script type="text/x-dot-template" class="modal-content" id="create-list-modal-content">
		<div class="wrapper-new-list-popup">
			<div class="new-list-popup-container">
				<h1>
					Create a new list</h1>
				<div class="subhead">
					Lists are a great way to organize your shopping needs. After you create a list, they can be found in the "My Favourites" page.</div>
				{{? it.productcode }}
					<form class="container form-create-list" novalidate="novalidate" method="POST" commandName="shoppingListForm" action="/restful/lists/{{=it.productcode}}?CSRFToken=5582ec01-90c0-448b-b4f7-e2cf68d9f8a0" data-ajax-url="/restful/lists/{{=it.productcode}}?CSRFToken=5582ec01-90c0-448b-b4f7-e2cf68d9f8a0" data-server-error-message="Sorry, something went wrong. Please try again later.">
				{{??}}
					<form class="container form-create-list" novalidate="novalidate" method="POST" commandName="shoppingListForm" action="/restful/lists/?CSRFToken=5582ec01-90c0-448b-b4f7-e2cf68d9f8a0" data-ajax-url="/restful/lists/?CSRFToken=5582ec01-90c0-448b-b4f7-e2cf68d9f8a0" data-server-error-message="Sorry, something went wrong. Please try again later.">
				{{?}}
					<div class="row-error">
						<div>
							<span class='warning server-warning'>
							</span>
						</div>
					</div>
					<input id="name" name="name" class="form-control input-list-name" type="text" autocomplete="off"
						autofocus
						placeholder="Enter a name" path="name" maxlength="160"
						required="true" data-msg-required="Please enter name for list." />
		
					<textarea id="description" name="description" class="form-control input-list-desc" type="text"
						placeholder="Add a description (optional)" path="description" maxlength="160"></textarea>
		
					<button type="submit" class="btn btn-primary save-list input-submitter-submit">
						Save</button>
		
					<a href="javascript:void(0)" class="cancel-new-list modal-close">
						Cancel</a>
				</form>
			</div>
		</div>
</script>

<!-- End Template: createListModal --></div>
				</div>
			</div>


	<div class="module-plus-minus-buttons small hidden ">
			<button type="button" class="btn cart-change-qty" data-change-type="minus" data-auid="decrease-product-quantity" alt="Minus" aria-label="Minus">
				<span class="icon-minimize"></span>
			</button>
			<div class="plus-minus-input-wrapper">
				<input class="input-qty cart-change-qty" aria-label="Enter manual quantity" type="text" name="qty" title="Change quantity in cart"
							data-unit-type="ea"
							value="1ea" data-change-type="equals"
							maxlength="7">

						<span class="input-qty-pretty">
							<span class="input-qty-pretty-value">1</span>
							<span class="input-qty-pretty-unit"></span>
						</span>
					</div>

			<button type="button" class="btn cart-change-qty" data-change-type="plus" data-auid="increase-product-quantity" alt="Plus" aria-label="Plus">
				<span class="icon-plus-sign"></span>
			</button>

			<p class="deal-limit-reached hidden">Deal Limit Reached</p>

			<div class="tooltip-qty-error tooltip-qty-limit hidden">
				<p>
					Limit to
					&nbsp;
					999
					&nbsp;each&nbsp;
					per customer.</p>
			</div>
			<div class="tooltip-qty-error tooltip-round-error hidden">
				<p>
					We do not have this in the weight you wanted. We've rounded your order to the nearest weight increment we stock.</p>
			</div>
		</div>
	</form>

<!-- End Template: AddToCartSmall -->

</div>
</div>
<div class="item">
		






































	




	
	
		
		
		
		
			
		
	





























<div class="module-grocery-product quickview-simple  clicked" data-quickview-ajax-url="/p/21031316_EA/quickViewProduct" data-product-id="21031316_EA"  data-product-price="$2.98">
    
	
	
		<span class="subtitle"></span>
	

	<div class="product-page-hotspot">
	    <div class="product-cell quickview-button">
	  	    <div class="product-image ">
                
	  		    <img src="https://assets.shop.loblaws.ca/products/21031316/b1/en/front/21031316_front_a01.png" onerror="this.src='https://assets.shop.loblaws.ca/products/NoImage/b1/en/front/NoImage_front_a01_@2.png';" alt="Salted Tortilla Chips" />
                
	  			    
	  			        <span class="sticker deal">
	  				        <span class="deal-badge">
	  				            
	  			                
	  				            

	  				            <span class="module-deal-badge module-deal-badge-grid simple-save-unit "
	  						        data-deal-type="$2.98 LIMIT 4"
	  						        data-ajax-promo-url="/simpleDeal/deals/product-tile?productCode=21031316_EA"
	  						        data-deal-id="21031316_EA">
	  						        <span class="deal-type">$2.98 LIMIT 4</span>
	  						            








	<span class="deal-expiry">
		Exp. 12/27
	</span>

	  					                
	  				            </span>
	  			            </span>
	  		            </span>
	  			        
	  	            
	  	        
                
                    
                

	  		    

	  		    

	  		    

	  		    <div class="hover-text-container">
	  			    <button href="#" tabindex="0" class="hover-text " aria-label="Quick View for Salted Tortilla Chips.">Quick View</button>
	  		    </div>
	  	    </div>
	    </div>

	    <div class="product-in-cart">
	  	    <div class="wrapper-product-in-cart">
	  		    <span>
	  			    In Cart
	  		    </span>
	  	    </div>
	    </div>

	    <div class="product-info">
	  	    <div class="product-name-wrapper">
	  		    <a href="/Food/Pantry/Chips-%26-Salty-Snacks/Potato-Chips/Que-Pasa-Salted-Tortilla-Chips/p/21031316_EA" class="product-name" aria-label="Product page for Salted Tortilla Chips" >
	  			    <span class="js-product-entry-brand">Que Pasa&nbsp;</span>

	  			    

	  			    <span class="js-product-entry-name">Salted Tortilla Chips</span>

	  			    <span class="js-product-entry-size-detail">(350 g)</span>

	  		    </a>
	  	    </div>
	  	    
	  	    
	  		    
	  		    
	  			    



	
	
		
		<span class="ad-match-badge  hidden">Ad Match</span>
	

	  				
	  			        
	  					
	  				        
	  					
	  				
	  		    
	  	    

	  	    <div class="price">
			    <div class="price-wrapper no-discount promo-alert ">
				    <span class="reg-price  price-alert" aria-label="Regular Price: $2.98">
					    <span class="reg-price-text">$2.98</span>
					    
					    <sup class="reg-price-unit">ea</sup>
				    </span>
				    <span class="sale-price hidden" aria-label="Sale Price:">
					    <span class="sale-price-text"></span>
					    <sup class="sale-price-unit">ea</sup>
				    </span>
				    
				    <span class="secondary-price hidden">
					    
					    <span class="secondary-price-text" aria-label="Secondary Price:"></span>
				    </span>
			    </div>
	  	    </div>

	  	    <div class="qty">
	  		    <span class="reg-qty  price-alert">
		
			
		  	
		  		<span class="sr-only">Sale Price Per Unit:</span>
        $0.85
        /
        100
        g
		  	
	  	
	</span>

	<span class="sale-qty hidden">
		
			
		  	
		  		<span class="sr-only">Sale Price Per Unit:</span>
        $0.85
        /
        100
        g
		  	
	  	
	</span>

	<span class="secondary-qty hidden">
		
	  	<span class="secondary-qty-text"></span>
	</span>
	  	    </div>
	    </div>


	    

	    
	</div>
	<form class="form-product  quickview-btn-simple"
	  data-product-id="21031316_EA"
	  data-min-qty="1.0"
	  data-max-qty="999.0"
	  data-unit-type="ea"
	  data-cart-qty="1"
	  data-default-qty="1"
	  novalidate="novalidate"
	  promoCode=""
	  promoNumber=""
	  data-is-customized="false"
	  data-cart-url="/cart/product/21031316_EA"
	  data-csrf-token="5582ec01-90c0-448b-b4f7-e2cf68d9f8a0"
	  data-is-weighted-product="false">

	<div class="module-add-to-cart " data-change-type="plus" data-auto-edit="true" data-auto-add="true"
		 data-cart-ajax-url="/cart/updateCart">
		<div class="wrapper-add-to-cart-btn">
					<div class="module-add-to-cart-button-small">
							<button type="button" class="btn btn-secondary btn-add-to-cart " data-auid="add-to-cart-button" data-has-pts-badge="false" aria-label="Add Salted Tortilla Chips to cart">
										<span class="icon-cart"></span>
										<span class="add-to-cart-text">
											Add</span>
									</button>
									<button type="button" class="btn btn-secondary btn-edit-cart hidden " aria-label="Edit Cart">
										<span class="qty-in-cart"></span>
										<span class="edit-cart-text">
											<spring code="product.edit.text" />"
										</span>
									</button>
								<div class="add-list-parent add-list-module  bottom-add-list-module ">
	<button class="btn btn-inline-link btn-save-to-list  dark is-btn-animated" 
	  data-login-url="/account/login?productCode=21031316_EA" 
	  data-ajax-url="/restful/lists/all?productCode=21031316_EA" 
	  data-user-guest="Y" 
	  data-user-guest="Y" data-product-code="21031316_EA" 
	  data-delete-item="false"
	  aria-label="Add Salted Tortilla Chips to a List">
	  <span class="glyphicon glyphicon-th-list"></span>
	  <div class="list-cta-text  is-btn-animated">Add to List</div>
	</button>
	 
	<!-- this is the list HTML   -->
	<div class="save-to-list-popup  is-btn-animated animation-up dark" 
	  data-save-to-list-error="Can not get lists at this time. Please try again later."
	  data-product-name="Salted Tortilla Chips">
	  <div class="inner-container">
	  </div>
	  
	</div>
</div>

</div>
				</div>
			</div>


	<div class="module-plus-minus-buttons small hidden ">
			<button type="button" class="btn cart-change-qty" data-change-type="minus" data-auid="decrease-product-quantity" alt="Minus" aria-label="Minus">
				<span class="icon-minimize"></span>
			</button>
			<div class="plus-minus-input-wrapper">
				<input class="input-qty cart-change-qty" aria-label="Enter manual quantity" type="text" name="qty" title="Change quantity in cart"
							data-unit-type="ea"
							value="1ea" data-change-type="equals"
							maxlength="7">

						<span class="input-qty-pretty">
							<span class="input-qty-pretty-value">1</span>
							<span class="input-qty-pretty-unit"></span>
						</span>
					</div>

			<button type="button" class="btn cart-change-qty" data-change-type="plus" data-auid="increase-product-quantity" alt="Plus" aria-label="Plus">
				<span class="icon-plus-sign"></span>
			</button>

			<p class="deal-limit-reached hidden">Deal Limit Reached</p>

			<div class="tooltip-qty-error tooltip-qty-limit hidden">
				<p>
					Limit to
					&nbsp;
					999
					&nbsp;each&nbsp;
					per customer.</p>
			</div>
			<div class="tooltip-qty-error tooltip-round-error hidden">
				<p>
					We do not have this in the weight you wanted. We've rounded your order to the nearest weight increment we stock.</p>
			</div>
		</div>
	</form>

<!-- End Template: AddToCartSmall -->

</div>
</div>
<div class="item">
		






































	




	
	
		
		
		
		
			
		
	





























<div class="module-grocery-product quickview-simple  clicked" data-quickview-ajax-url="/p/20298997010_EA/quickViewProduct" data-product-id="20298997010_EA"  data-product-price="$2.48">
    
	
	
		<span class="subtitle"></span>
	

	<div class="product-page-hotspot">
	    <div class="product-cell quickview-button">
	  	    <div class="product-image ">
                
	  		    <img src="https://assets.shop.loblaws.ca/products/20298997010/b1/en/front/20298997010_front_a01.png" onerror="this.src='https://assets.shop.loblaws.ca/products/NoImage/b1/en/front/NoImage_front_a01_@2.png';" alt="Kettle Chips, Jalapeno" />
                
	  			    
	  			        <span class="sticker deal">
	  				        <span class="deal-badge">
	  				            
	  			                
	  				            

	  				            <span class="module-deal-badge module-deal-badge-grid simple-save-unit "
	  						        data-deal-type="$2.48 LIMIT 4"
	  						        data-ajax-promo-url="/simpleDeal/deals/product-tile?productCode=20298997010_EA"
	  						        data-deal-id="20298997010_EA">
	  						        <span class="deal-type">$2.48 LIMIT 4</span>
	  						            








	<span class="deal-expiry">
		Exp. 12/20
	</span>

	  					                
	  				            </span>
	  			            </span>
	  		            </span>
	  			        
	  	            
	  	        
                
                    
                

	  		    

	  		    

	  		    

	  		    <div class="hover-text-container">
	  			    <button href="#" tabindex="0" class="hover-text " aria-label="Quick View for Kettle Chips, Jalapeno.">Quick View</button>
	  		    </div>
	  	    </div>
	    </div>

	    <div class="product-in-cart">
	  	    <div class="wrapper-product-in-cart">
	  		    <span>
	  			    In Cart
	  		    </span>
	  	    </div>
	    </div>

	    <div class="product-info">
	  	    <div class="product-name-wrapper">
	  		    <a href="/Food/Pantry/Chips-%26-Salty-Snacks/Potato-Chips/Kettle-Chips%2C-Jalapeno/p/20298997010_EA" class="product-name" aria-label="Product page for Kettle Chips, Jalapeno" >
	  			    <span class="js-product-entry-brand">Kettle&nbsp;</span>

	  			    

	  			    <span class="js-product-entry-name">Kettle Chips, Jalapeno</span>

	  			    <span class="js-product-entry-size-detail">(220 g)</span>

	  		    </a>
	  	    </div>
	  	    
	  	    
	  		    
	  		    
	  			    



	
	
		
		<span class="ad-match-badge  hidden">Ad Match</span>
	

	  				
	  			        
	  					
	  				        
	  					
	  				
	  		    
	  	    

	  	    <div class="price">
			    <div class="price-wrapper no-discount promo-alert ">
				    <span class="reg-price  price-alert" aria-label="Regular Price: $2.48">
					    <span class="reg-price-text">$2.48</span>
					    
					    <sup class="reg-price-unit">ea</sup>
				    </span>
				    <span class="sale-price hidden" aria-label="Sale Price:">
					    <span class="sale-price-text"></span>
					    <sup class="sale-price-unit">ea</sup>
				    </span>
				    
				    <span class="secondary-price hidden">
					    
					    <span class="secondary-price-text" aria-label="Secondary Price:"></span>
				    </span>
			    </div>
	  	    </div>

	  	    <div class="qty">
	  		    <span class="reg-qty  price-alert">
		
			
		  	
		  		<span class="sr-only">Sale Price Per Unit:</span>
        $1.13
        /
        100
        g
		  	
	  	
	</span>

	<span class="sale-qty hidden">
		
			
		  	
		  		<span class="sr-only">Sale Price Per Unit:</span>
        $1.13
        /
        100
        g
		  	
	  	
	</span>

	<span class="secondary-qty hidden">
		
	  	<span class="secondary-qty-text"></span>
	</span>
	  	    </div>
	    </div>


	    

	    
	</div>
	<form class="form-product  quickview-btn-simple"
	  data-product-id="20298997010_EA"
	  data-min-qty="1.0"
	  data-max-qty="999.0"
	  data-unit-type="ea"
	  data-cart-qty="1"
	  data-default-qty="1"
	  novalidate="novalidate"
	  promoCode=""
	  promoNumber=""
	  data-is-customized="false"
	  data-cart-url="/cart/product/20298997010_EA"
	  data-csrf-token="5582ec01-90c0-448b-b4f7-e2cf68d9f8a0"
	  data-is-weighted-product="false">

	<div class="module-add-to-cart " data-change-type="plus" data-auto-edit="true" data-auto-add="true"
		 data-cart-ajax-url="/cart/updateCart">
		<div class="wrapper-add-to-cart-btn">
					<div class="module-add-to-cart-button-small">
							<button type="button" class="btn btn-secondary btn-add-to-cart " data-auid="add-to-cart-button" data-has-pts-badge="false" aria-label="Add Kettle Chips, Jalapeno to cart">
										<span class="icon-cart"></span>
										<span class="add-to-cart-text">
											Add</span>
									</button>
									<button type="button" class="btn btn-secondary btn-edit-cart hidden " aria-label="Edit Cart">
										<span class="qty-in-cart"></span>
										<span class="edit-cart-text">
											<spring code="product.edit.text" />"
										</span>
									</button>
								<div class="add-list-parent add-list-module  bottom-add-list-module ">
	<button class="btn btn-inline-link btn-save-to-list  dark is-btn-animated" 
	  data-login-url="/account/login?productCode=20298997010_EA" 
	  data-ajax-url="/restful/lists/all?productCode=20298997010_EA" 
	  data-user-guest="Y" 
	  data-user-guest="Y" data-product-code="20298997010_EA" 
	  data-delete-item="false"
	  aria-label="Add Kettle Chips, Jalapeno to a List">
	  <span class="glyphicon glyphicon-th-list"></span>
	  <div class="list-cta-text  is-btn-animated">Add to List</div>
	</button>
	 
	<!-- this is the list HTML   -->
	<div class="save-to-list-popup  is-btn-animated animation-up dark" 
	  data-save-to-list-error="Can not get lists at this time. Please try again later."
	  data-product-name="Kettle Chips, Jalapeno">
	  <div class="inner-container">
	  </div>
	  
	</div>
</div>

</div>
				</div>
			</div>


	<div class="module-plus-minus-buttons small hidden ">
			<button type="button" class="btn cart-change-qty" data-change-type="minus" data-auid="decrease-product-quantity" alt="Minus" aria-label="Minus">
				<span class="icon-minimize"></span>
			</button>
			<div class="plus-minus-input-wrapper">
				<input class="input-qty cart-change-qty" aria-label="Enter manual quantity" type="text" name="qty" title="Change quantity in cart"
							data-unit-type="ea"
							value="1ea" data-change-type="equals"
							maxlength="7">

						<span class="input-qty-pretty">
							<span class="input-qty-pretty-value">1</span>
							<span class="input-qty-pretty-unit"></span>
						</span>
					</div>

			<button type="button" class="btn cart-change-qty" data-change-type="plus" data-auid="increase-product-quantity" alt="Plus" aria-label="Plus">
				<span class="icon-plus-sign"></span>
			</button>

			<p class="deal-limit-reached hidden">Deal Limit Reached</p>

			<div class="tooltip-qty-error tooltip-qty-limit hidden">
				<p>
					Limit to
					&nbsp;
					999
					&nbsp;each&nbsp;
					per customer.</p>
			</div>
			<div class="tooltip-qty-error tooltip-round-error hidden">
				<p>
					We do not have this in the weight you wanted. We've rounded your order to the nearest weight increment we stock.</p>
			</div>
		</div>
	</form>

<!-- End Template: AddToCartSmall -->

</div>
</div>
<div class="item">
		









































	
	
		
		
		
		
			
		
	





























<div class="module-grocery-product quickview-simple  clicked" data-quickview-ajax-url="/p/20048210_EA/quickViewProduct" data-product-id="20048210_EA"  data-product-price="$1.78">
    
	
	
		<span class="subtitle"></span>
	

	<div class="product-page-hotspot">
	    <div class="product-cell quickview-button">
	  	    <div class="product-image ">
                
	  		    <img src="https://assets.shop.loblaws.ca/products/20048210/b1/en/front/20048210_front_a01.png" onerror="this.src='https://assets.shop.loblaws.ca/products/NoImage/b1/en/front/NoImage_front_a01_@2.png';" alt="Corn Chips" />
                
	  			    
	  	        
                
                    
                

	  		    

	  		    

	  		    

	  		    <div class="hover-text-container">
	  			    <button href="#" tabindex="0" class="hover-text " aria-label="Quick View for Corn Chips.">Quick View</button>
	  		    </div>
	  	    </div>
	    </div>

	    <div class="product-in-cart">
	  	    <div class="wrapper-product-in-cart">
	  		    <span>
	  			    In Cart
	  		    </span>
	  	    </div>
	    </div>

	    <div class="product-info">
	  	    <div class="product-name-wrapper">
	  		    <a href="/Food/Pantry/Chips-%26-Salty-Snacks/Potato-Chips/No-Name-Corn-Chips/p/20048210_EA" class="product-name" aria-label="Product page for Corn Chips" >
	  			    <span class="js-product-entry-brand">No Name&nbsp;</span>

	  			    

	  			    <span class="js-product-entry-name">Corn Chips</span>

	  			    <span class="js-product-entry-size-detail">(200 g)</span>

	  		    </a>
	  	    </div>
	  	    
	  	    
	  		    
	  		    
	  			    



	
	
		
		<span class="ad-match-badge  hidden">Ad Match</span>
	

	  				
	  			        
	  					
	  				        
	  					
	  				
	  		    
	  	    

	  	    <div class="price">
			    <div class="price-wrapper no-discount  ">
				    <span class="reg-price  " aria-label="Regular Price: $1.78">
					    <span class="reg-price-text">$1.78</span>
					    
					    <sup class="reg-price-unit">ea</sup>
				    </span>
				    <span class="sale-price hidden" aria-label="Sale Price:">
					    <span class="sale-price-text"></span>
					    <sup class="sale-price-unit">ea</sup>
				    </span>
				    
				    <span class="secondary-price hidden">
					    
					    <span class="secondary-price-text" aria-label="Secondary Price:"></span>
				    </span>
			    </div>
	  	    </div>

	  	    <div class="qty">
	  		    <span class="reg-qty  ">
		
			
		  	
		  		<span class="sr-only">Sale Price Per Unit:</span>
        $0.89
        /
        100
        g
		  	
	  	
	</span>

	<span class="sale-qty hidden">
		
			
		  	
		  		<span class="sr-only">Sale Price Per Unit:</span>
        $0.89
        /
        100
        g
		  	
	  	
	</span>

	<span class="secondary-qty hidden">
		
	  	<span class="secondary-qty-text"></span>
	</span>
	  	    </div>
	    </div>


	    

	    
	</div>
	<form class="form-product  quickview-btn-simple"
	  data-product-id="20048210_EA"
	  data-min-qty="1.0"
	  data-max-qty="999.0"
	  data-unit-type="ea"
	  data-cart-qty="1"
	  data-default-qty="1"
	  novalidate="novalidate"
	  promoCode=""
	  promoNumber=""
	  data-is-customized="false"
	  data-cart-url="/cart/product/20048210_EA"
	  data-csrf-token="5582ec01-90c0-448b-b4f7-e2cf68d9f8a0"
	  data-is-weighted-product="false">

	<div class="module-add-to-cart " data-change-type="plus" data-auto-edit="true" data-auto-add="true"
		 data-cart-ajax-url="/cart/updateCart">
		<div class="wrapper-add-to-cart-btn">
					<div class="module-add-to-cart-button-small">
							<button type="button" class="btn btn-secondary btn-add-to-cart " data-auid="add-to-cart-button" data-has-pts-badge="false" aria-label="Add Corn Chips to cart">
										<span class="icon-cart"></span>
										<span class="add-to-cart-text">
											Add</span>
									</button>
									<button type="button" class="btn btn-secondary btn-edit-cart hidden " aria-label="Edit Cart">
										<span class="qty-in-cart"></span>
										<span class="edit-cart-text">
											<spring code="product.edit.text" />"
										</span>
									</button>
								<div class="add-list-parent add-list-module  bottom-add-list-module ">
	<button class="btn btn-inline-link btn-save-to-list  dark is-btn-animated" 
	  data-login-url="/account/login?productCode=20048210_EA" 
	  data-ajax-url="/restful/lists/all?productCode=20048210_EA" 
	  data-user-guest="Y" 
	  data-user-guest="Y" data-product-code="20048210_EA" 
	  data-delete-item="false"
	  aria-label="Add Corn Chips to a List">
	  <span class="glyphicon glyphicon-th-list"></span>
	  <div class="list-cta-text  is-btn-animated">Add to List</div>
	</button>
	 
	<!-- this is the list HTML   -->
	<div class="save-to-list-popup  is-btn-animated animation-up dark" 
	  data-save-to-list-error="Can not get lists at this time. Please try again later."
	  data-product-name="Corn Chips">
	  <div class="inner-container">
	  </div>
	  
	</div>
</div>

</div>
				</div>
			</div>


	<div class="module-plus-minus-buttons small hidden ">
			<button type="button" class="btn cart-change-qty" data-change-type="minus" data-auid="decrease-product-quantity" alt="Minus" aria-label="Minus">
				<span class="icon-minimize"></span>
			</button>
			<div class="plus-minus-input-wrapper">
				<input class="input-qty cart-change-qty" aria-label="Enter manual quantity" type="text" name="qty" title="Change quantity in cart"
							data-unit-type="ea"
							value="1ea" data-change-type="equals"
							maxlength="7">

						<span class="input-qty-pretty">
							<span class="input-qty-pretty-value">1</span>
							<span class="input-qty-pretty-unit"></span>
						</span>
					</div>

			<button type="button" class="btn cart-change-qty" data-change-type="plus" data-auid="increase-product-quantity" alt="Plus" aria-label="Plus">
				<span class="icon-plus-sign"></span>
			</button>

			<p class="deal-limit-reached hidden">Deal Limit Reached</p>

			<div class="tooltip-qty-error tooltip-qty-limit hidden">
				<p>
					Limit to
					&nbsp;
					999
					&nbsp;each&nbsp;
					per customer.</p>
			</div>
			<div class="tooltip-qty-error tooltip-round-error hidden">
				<p>
					We do not have this in the weight you wanted. We've rounded your order to the nearest weight increment we stock.</p>
			</div>
		</div>
	</form>

<!-- End Template: AddToCartSmall -->

</div>
</div>
<div class="item">
		









































	
	
		
		
		
		
			
		
	





























<div class="module-grocery-product quickview-simple  clicked" data-quickview-ajax-url="/p/20309893001_EA/quickViewProduct" data-product-id="20309893001_EA"  data-product-price="$4.98">
    
	
	
		<span class="subtitle"></span>
	

	<div class="product-page-hotspot">
	    <div class="product-cell quickview-button">
	  	    <div class="product-image ">
                
	  		    <img src="https://assets.shop.loblaws.ca/products/20309893001/b1/en/front/20309893001_front_a01.png" onerror="this.src='https://assets.shop.loblaws.ca/products/NoImage/b1/en/front/NoImage_front_a01_@2.png';" alt="Krinkle Cut Potato Chips, Salt & Fresh Ground Pepper" />
                
	  			    
	  	        
                
                    
                

	  		    

	  		    

	  		    

	  		    <div class="hover-text-container">
	  			    <button href="#" tabindex="0" class="hover-text " aria-label="Quick View for Krinkle Cut Potato Chips, Salt & Fresh Ground Pepper.">Quick View</button>
	  		    </div>
	  	    </div>
	    </div>

	    <div class="product-in-cart">
	  	    <div class="wrapper-product-in-cart">
	  		    <span>
	  			    In Cart
	  		    </span>
	  	    </div>
	    </div>

	    <div class="product-info">
	  	    <div class="product-name-wrapper">
	  		    <a href="/Food/Natural-%26-Organic/Pantry/Snacks-%26-Candy/Krinkle-Cut-Potato-Chips%2C-Salt-%26-Fresh-Ground-Pepper/p/20309893001_EA" class="product-name" aria-label="Product page for Krinkle Cut Potato Chips, Salt & Fresh Ground Pepper" >
	  			    <span class="js-product-entry-brand">Kettle&nbsp;</span>

	  			    

	  			    <span class="js-product-entry-name">Krinkle Cut Potato Chips, Salt & Fresh Ground Pepper</span>

	  			    <span class="js-product-entry-size-detail">(397 g)</span>

	  		    </a>
	  	    </div>
	  	    
	  	    
	  		    
	  		    
	  			    



	
	
		
		<span class="ad-match-badge  hidden">Ad Match</span>
	

	  				
	  			        
	  					
	  				        
	  					
	  				
	  		    
	  	    

	  	    <div class="price">
			    <div class="price-wrapper no-discount  ">
				    <span class="reg-price  " aria-label="Regular Price: $4.98">
					    <span class="reg-price-text">$4.98</span>
					    
					    <sup class="reg-price-unit">ea</sup>
				    </span>
				    <span class="sale-price hidden" aria-label="Sale Price:">
					    <span class="sale-price-text"></span>
					    <sup class="sale-price-unit">ea</sup>
				    </span>
				    
				    <span class="secondary-price hidden">
					    
					    <span class="secondary-price-text" aria-label="Secondary Price:"></span>
				    </span>
			    </div>
	  	    </div>

	  	    <div class="qty">
	  		    <span class="reg-qty  ">
		
			
		  	
		  		<span class="sr-only">Sale Price Per Unit:</span>
        $1.25
        /
        100
        g
		  	
	  	
	</span>

	<span class="sale-qty hidden">
		
			
		  	
		  		<span class="sr-only">Sale Price Per Unit:</span>
        $1.25
        /
        100
        g
		  	
	  	
	</span>

	<span class="secondary-qty hidden">
		
	  	<span class="secondary-qty-text"></span>
	</span>
	  	    </div>
	    </div>


	    

	    
	</div>
	<form class="form-product  quickview-btn-simple"
	  data-product-id="20309893001_EA"
	  data-min-qty="1.0"
	  data-max-qty="999.0"
	  data-unit-type="ea"
	  data-cart-qty="1"
	  data-default-qty="1"
	  novalidate="novalidate"
	  promoCode=""
	  promoNumber=""
	  data-is-customized="false"
	  data-cart-url="/cart/product/20309893001_EA"
	  data-csrf-token="5582ec01-90c0-448b-b4f7-e2cf68d9f8a0"
	  data-is-weighted-product="false">

	<div class="module-add-to-cart " data-change-type="plus" data-auto-edit="true" data-auto-add="true"
		 data-cart-ajax-url="/cart/updateCart">
		<div class="wrapper-add-to-cart-btn">
					<div class="module-add-to-cart-button-small">
							<button type="button" class="btn btn-secondary btn-add-to-cart " data-auid="add-to-cart-button" data-has-pts-badge="false" aria-label="Add Krinkle Cut Potato Chips, Salt & Fresh Ground Pepper to cart">
										<span class="icon-cart"></span>
										<span class="add-to-cart-text">
											Add</span>
									</button>
									<button type="button" class="btn btn-secondary btn-edit-cart hidden " aria-label="Edit Cart">
										<span class="qty-in-cart"></span>
										<span class="edit-cart-text">
											<spring code="product.edit.text" />"
										</span>
									</button>
								<div class="add-list-parent add-list-module  bottom-add-list-module ">
	<button class="btn btn-inline-link btn-save-to-list  dark is-btn-animated" 
	  data-login-url="/account/login?productCode=20309893001_EA" 
	  data-ajax-url="/restful/lists/all?productCode=20309893001_EA" 
	  data-user-guest="Y" 
	  data-user-guest="Y" data-product-code="20309893001_EA" 
	  data-delete-item="false"
	  aria-label="Add Krinkle Cut Potato Chips, Salt & Fresh Ground Pepper to a List">
	  <span class="glyphicon glyphicon-th-list"></span>
	  <div class="list-cta-text  is-btn-animated">Add to List</div>
	</button>
	 
	<!-- this is the list HTML   -->
	<div class="save-to-list-popup  is-btn-animated animation-up dark" 
	  data-save-to-list-error="Can not get lists at this time. Please try again later."
	  data-product-name="Krinkle Cut Potato Chips, Salt & Fresh Ground Pepper">
	  <div class="inner-container">
	  </div>
	  
	</div>
</div>

</div>
				</div>
			</div>


	<div class="module-plus-minus-buttons small hidden ">
			<button type="button" class="btn cart-change-qty" data-change-type="minus" data-auid="decrease-product-quantity" alt="Minus" aria-label="Minus">
				<span class="icon-minimize"></span>
			</button>
			<div class="plus-minus-input-wrapper">
				<input class="input-qty cart-change-qty" aria-label="Enter manual quantity" type="text" name="qty" title="Change quantity in cart"
							data-unit-type="ea"
							value="1ea" data-change-type="equals"
							maxlength="7">

						<span class="input-qty-pretty">
							<span class="input-qty-pretty-value">1</span>
							<span class="input-qty-pretty-unit"></span>
						</span>
					</div>

			<button type="button" class="btn cart-change-qty" data-change-type="plus" data-auid="increase-product-quantity" alt="Plus" aria-label="Plus">
				<span class="icon-plus-sign"></span>
			</button>

			<p class="deal-limit-reached hidden">Deal Limit Reached</p>

			<div class="tooltip-qty-error tooltip-qty-limit hidden">
				<p>
					Limit to
					&nbsp;
					999
					&nbsp;each&nbsp;
					per customer.</p>
			</div>
			<div class="tooltip-qty-error tooltip-round-error hidden">
				<p>
					We do not have this in the weight you wanted. We've rounded your order to the nearest weight increment we stock.</p>
			</div>
		</div>
	</form>

<!-- End Template: AddToCartSmall -->

</div>
</div>
<div class="item">
		






































	




	
	
		
		
		
		
			
		
	





























<div class="module-grocery-product quickview-simple  clicked" data-quickview-ajax-url="/p/20140411006_EA/quickViewProduct" data-product-id="20140411006_EA"  data-product-price="$3.98">
    
	
	
		<span class="subtitle"></span>
	

	<div class="product-page-hotspot">
	    <div class="product-cell quickview-button">
	  	    <div class="product-image ">
                
	  		    <img src="https://assets.shop.loblaws.ca/products/20140411006/b1/en/front/20140411006_front_a01.png" onerror="this.src='https://assets.shop.loblaws.ca/products/NoImage/b1/en/front/NoImage_front_a01_@2.png';" alt="Vegetable Chips, Sweet Potato" />
                
	  			    
	  			        <span class="sticker deal">
	  				        <span class="deal-badge">
	  				            
	  			                
	  				            

	  				            <span class="module-deal-badge module-deal-badge-grid simple-save-unit "
	  						        data-deal-type="$3.98 LIMIT 4"
	  						        data-ajax-promo-url="/simpleDeal/deals/product-tile?productCode=20140411006_EA"
	  						        data-deal-id="20140411006_EA">
	  						        <span class="deal-type">$3.98 LIMIT 4</span>
	  						            








	<span class="deal-expiry">
		Exp. 12/27
	</span>

	  					                
	  				            </span>
	  			            </span>
	  		            </span>
	  			        
	  	            
	  	        
                
                    
                

	  		    

	  		    

	  		    

	  		    <div class="hover-text-container">
	  			    <button href="#" tabindex="0" class="hover-text " aria-label="Quick View for Vegetable Chips, Sweet Potato.">Quick View</button>
	  		    </div>
	  	    </div>
	    </div>

	    <div class="product-in-cart">
	  	    <div class="wrapper-product-in-cart">
	  		    <span>
	  			    In Cart
	  		    </span>
	  	    </div>
	    </div>

	    <div class="product-info">
	  	    <div class="product-name-wrapper">
	  		    <a href="/Food/Pantry/Chips-%26-Salty-Snacks/Potato-Chips/Vegetable-Chips%2C-Sweet-Potato/p/20140411006_EA" class="product-name" aria-label="Product page for Vegetable Chips, Sweet Potato" >
	  			    <span class="js-product-entry-brand">Terra&nbsp;</span>

	  			    

	  			    <span class="js-product-entry-name">Vegetable Chips, Sweet Potato</span>

	  			    <span class="js-product-entry-size-detail">(170 g)</span>

	  		    </a>
	  	    </div>
	  	    
	  	    
	  		    
	  		    
	  			    



	
	
		
		<span class="ad-match-badge  hidden">Ad Match</span>
	

	  				
	  			        
	  					
	  				        
	  					
	  				
	  		    
	  	    

	  	    <div class="price">
			    <div class="price-wrapper no-discount promo-alert ">
				    <span class="reg-price  price-alert" aria-label="Regular Price: $3.98">
					    <span class="reg-price-text">$3.98</span>
					    
					    <sup class="reg-price-unit">ea</sup>
				    </span>
				    <span class="sale-price hidden" aria-label="Sale Price:">
					    <span class="sale-price-text"></span>
					    <sup class="sale-price-unit">ea</sup>
				    </span>
				    
				    <span class="secondary-price hidden">
					    
					    <span class="secondary-price-text" aria-label="Secondary Price:"></span>
				    </span>
			    </div>
	  	    </div>

	  	    <div class="qty">
	  		    <span class="reg-qty  price-alert">
		
			
		  	
		  		<span class="sr-only">Sale Price Per Unit:</span>
        $2.34
        /
        100
        g
		  	
	  	
	</span>

	<span class="sale-qty hidden">
		
			
		  	
		  		<span class="sr-only">Sale Price Per Unit:</span>
        $2.34
        /
        100
        g
		  	
	  	
	</span>

	<span class="secondary-qty hidden">
		
	  	<span class="secondary-qty-text"></span>
	</span>
	  	    </div>
	    </div>


	    

	    
	</div>
	<form class="form-product  quickview-btn-simple"
	  data-product-id="20140411006_EA"
	  data-min-qty="1.0"
	  data-max-qty="999.0"
	  data-unit-type="ea"
	  data-cart-qty="1"
	  data-default-qty="1"
	  novalidate="novalidate"
	  promoCode=""
	  promoNumber=""
	  data-is-customized="false"
	  data-cart-url="/cart/product/20140411006_EA"
	  data-csrf-token="5582ec01-90c0-448b-b4f7-e2cf68d9f8a0"
	  data-is-weighted-product="false">

	<div class="module-add-to-cart " data-change-type="plus" data-auto-edit="true" data-auto-add="true"
		 data-cart-ajax-url="/cart/updateCart">
		<div class="wrapper-add-to-cart-btn">
					<div class="module-add-to-cart-button-small">
							<button type="button" class="btn btn-secondary btn-add-to-cart " data-auid="add-to-cart-button" data-has-pts-badge="false" aria-label="Add Vegetable Chips, Sweet Potato to cart">
										<span class="icon-cart"></span>
										<span class="add-to-cart-text">
											Add</span>
									</button>
									<button type="button" class="btn btn-secondary btn-edit-cart hidden " aria-label="Edit Cart">
										<span class="qty-in-cart"></span>
										<span class="edit-cart-text">
											<spring code="product.edit.text" />"
										</span>
									</button>
								<div class="add-list-parent add-list-module  bottom-add-list-module ">
	<button class="btn btn-inline-link btn-save-to-list  dark is-btn-animated" 
	  data-login-url="/account/login?productCode=20140411006_EA" 
	  data-ajax-url="/restful/lists/all?productCode=20140411006_EA" 
	  data-user-guest="Y" 
	  data-user-guest="Y" data-product-code="20140411006_EA" 
	  data-delete-item="false"
	  aria-label="Add Vegetable Chips, Sweet Potato to a List">
	  <span class="glyphicon glyphicon-th-list"></span>
	  <div class="list-cta-text  is-btn-animated">Add to List</div>
	</button>
	 
	<!-- this is the list HTML   -->
	<div class="save-to-list-popup  is-btn-animated animation-up dark" 
	  data-save-to-list-error="Can not get lists at this time. Please try again later."
	  data-product-name="Vegetable Chips, Sweet Potato">
	  <div class="inner-container">
	  </div>
	  
	</div>
</div>

</div>
				</div>
			</div>


	<div class="module-plus-minus-buttons small hidden ">
			<button type="button" class="btn cart-change-qty" data-change-type="minus" data-auid="decrease-product-quantity" alt="Minus" aria-label="Minus">
				<span class="icon-minimize"></span>
			</button>
			<div class="plus-minus-input-wrapper">
				<input class="input-qty cart-change-qty" aria-label="Enter manual quantity" type="text" name="qty" title="Change quantity in cart"
							data-unit-type="ea"
							value="1ea" data-change-type="equals"
							maxlength="7">

						<span class="input-qty-pretty">
							<span class="input-qty-pretty-value">1</span>
							<span class="input-qty-pretty-unit"></span>
						</span>
					</div>

			<button type="button" class="btn cart-change-qty" data-change-type="plus" data-auid="increase-product-quantity" alt="Plus" aria-label="Plus">
				<span class="icon-plus-sign"></span>
			</button>

			<p class="deal-limit-reached hidden">Deal Limit Reached</p>

			<div class="tooltip-qty-error tooltip-qty-limit hidden">
				<p>
					Limit to
					&nbsp;
					999
					&nbsp;each&nbsp;
					per customer.</p>
			</div>
			<div class="tooltip-qty-error tooltip-round-error hidden">
				<p>
					We do not have this in the weight you wanted. We've rounded your order to the nearest weight increment we stock.</p>
			</div>
		</div>
	</form>

<!-- End Template: AddToCartSmall -->

</div>
</div>
<div class="item">
		









































	
	
		
		
		
		
			
		
	





























<div class="module-grocery-product quickview-simple  clicked" data-quickview-ajax-url="/p/21049811_EA/quickViewProduct" data-product-id="21049811_EA"  data-product-price="$3.27">
    
	
	
		<span class="subtitle"></span>
	

	<div class="product-page-hotspot">
	    <div class="product-cell quickview-button">
	  	    <div class="product-image ">
                
	  		    <img src="https://assets.shop.loblaws.ca/products/21049811/b1/en/front/21049811_front_a01.png" onerror="this.src='https://assets.shop.loblaws.ca/products/NoImage/b1/en/front/NoImage_front_a01_@2.png';" alt="Potato Chips, Sour Cream 'n Bacon" />
                
	  			    
	  	        
                
                    
                

	  		    

	  		    

	  		    

	  		    <div class="hover-text-container">
	  			    <button href="#" tabindex="0" class="hover-text " aria-label="Quick View for Potato Chips, Sour Cream 'n Bacon.">Quick View</button>
	  		    </div>
	  	    </div>
	    </div>

	    <div class="product-in-cart">
	  	    <div class="wrapper-product-in-cart">
	  		    <span>
	  			    In Cart
	  		    </span>
	  	    </div>
	    </div>

	    <div class="product-info">
	  	    <div class="product-name-wrapper">
	  		    <a href="/Food/Pantry/Chips-%26-Salty-Snacks/Potato-Chips/Ruffles-Potato-Chips%2C-Sour-Cream-%27n-Bacon/p/21049811_EA" class="product-name" aria-label="Product page for Potato Chips, Sour Cream 'n Bacon" >
	  			    

	  			    

	  			    <span class="js-product-entry-name">Potato Chips, Sour Cream 'n Bacon</span>

	  			    <span class="js-product-entry-size-detail">(220 g)</span>

	  		    </a>
	  	    </div>
	  	    
	  	    
	  		    
	  		    
	  			    



	
	
		
		<span class="ad-match-badge  hidden">Ad Match</span>
	

	  				
	  			        
	  					
	  				        
	  					
	  				
	  		    
	  	    

	  	    <div class="price">
			    <div class="price-wrapper no-discount  ">
				    <span class="reg-price  " aria-label="Regular Price: $3.27">
					    <span class="reg-price-text">$3.27</span>
					    
					    <sup class="reg-price-unit">ea</sup>
				    </span>
				    <span class="sale-price hidden" aria-label="Sale Price:">
					    <span class="sale-price-text"></span>
					    <sup class="sale-price-unit">ea</sup>
				    </span>
				    
				    <span class="secondary-price hidden">
					    
					    <span class="secondary-price-text" aria-label="Secondary Price:"></span>
				    </span>
			    </div>
	  	    </div>

	  	    <div class="qty">
	  		    <span class="reg-qty  ">
		
			
		  	
		  		<span class="sr-only">Sale Price Per Unit:</span>
        $1.49
        /
        100
        g
		  	
	  	
	</span>

	<span class="sale-qty hidden">
		
			
		  	
		  		<span class="sr-only">Sale Price Per Unit:</span>
        $1.49
        /
        100
        g
		  	
	  	
	</span>

	<span class="secondary-qty hidden">
		
	  	<span class="secondary-qty-text"></span>
	</span>
	  	    </div>
	    </div>


	    

	    
	</div>
	<form class="form-product  quickview-btn-simple"
	  data-product-id="21049811_EA"
	  data-min-qty="1.0"
	  data-max-qty="999.0"
	  data-unit-type="ea"
	  data-cart-qty="1"
	  data-default-qty="1"
	  novalidate="novalidate"
	  promoCode=""
	  promoNumber=""
	  data-is-customized="false"
	  data-cart-url="/cart/product/21049811_EA"
	  data-csrf-token="5582ec01-90c0-448b-b4f7-e2cf68d9f8a0"
	  data-is-weighted-product="false">

	<div class="module-add-to-cart " data-change-type="plus" data-auto-edit="true" data-auto-add="true"
		 data-cart-ajax-url="/cart/updateCart">
		<div class="wrapper-add-to-cart-btn">
					<div class="module-add-to-cart-button-small">
							<button type="button" class="btn btn-secondary btn-add-to-cart " data-auid="add-to-cart-button" data-has-pts-badge="false" aria-label="Add Potato Chips, Sour Cream 'n Bacon to cart">
										<span class="icon-cart"></span>
										<span class="add-to-cart-text">
											Add</span>
									</button>
									<button type="button" class="btn btn-secondary btn-edit-cart hidden " aria-label="Edit Cart">
										<span class="qty-in-cart"></span>
										<span class="edit-cart-text">
											<spring code="product.edit.text" />"
										</span>
									</button>
								<div class="add-list-parent add-list-module  bottom-add-list-module ">
	<button class="btn btn-inline-link btn-save-to-list  dark is-btn-animated" 
	  data-login-url="/account/login?productCode=21049811_EA" 
	  data-ajax-url="/restful/lists/all?productCode=21049811_EA" 
	  data-user-guest="Y" 
	  data-user-guest="Y" data-product-code="21049811_EA" 
	  data-delete-item="false"
	  aria-label="Add Potato Chips, Sour Cream 'n Bacon to a List">
	  <span class="glyphicon glyphicon-th-list"></span>
	  <div class="list-cta-text  is-btn-animated">Add to List</div>
	</button>
	 
	<!-- this is the list HTML   -->
	<div class="save-to-list-popup  is-btn-animated animation-up dark" 
	  data-save-to-list-error="Can not get lists at this time. Please try again later."
	  data-product-name="Potato Chips, Sour Cream 'n Bacon">
	  <div class="inner-container">
	  </div>
	  
	</div>
</div>

</div>
				</div>
			</div>


	<div class="module-plus-minus-buttons small hidden ">
			<button type="button" class="btn cart-change-qty" data-change-type="minus" data-auid="decrease-product-quantity" alt="Minus" aria-label="Minus">
				<span class="icon-minimize"></span>
			</button>
			<div class="plus-minus-input-wrapper">
				<input class="input-qty cart-change-qty" aria-label="Enter manual quantity" type="text" name="qty" title="Change quantity in cart"
							data-unit-type="ea"
							value="1ea" data-change-type="equals"
							maxlength="7">

						<span class="input-qty-pretty">
							<span class="input-qty-pretty-value">1</span>
							<span class="input-qty-pretty-unit"></span>
						</span>
					</div>

			<button type="button" class="btn cart-change-qty" data-change-type="plus" data-auid="increase-product-quantity" alt="Plus" aria-label="Plus">
				<span class="icon-plus-sign"></span>
			</button>

			<p class="deal-limit-reached hidden">Deal Limit Reached</p>

			<div class="tooltip-qty-error tooltip-qty-limit hidden">
				<p>
					Limit to
					&nbsp;
					999
					&nbsp;each&nbsp;
					per customer.</p>
			</div>
			<div class="tooltip-qty-error tooltip-round-error hidden">
				<p>
					We do not have this in the weight you wanted. We've rounded your order to the nearest weight increment we stock.</p>
			</div>
		</div>
	</form>

<!-- End Template: AddToCartSmall -->

</div>
</div>
<div class="item">
		









































	
	
		
		
		
		
			
		
	





























<div class="module-grocery-product quickview-simple  clicked" data-quickview-ajax-url="/p/21059719_EA/quickViewProduct" data-product-id="21059719_EA"  data-product-price="$3.67">
    
	
	
		<span class="subtitle"></span>
	

	<div class="product-page-hotspot">
	    <div class="product-cell quickview-button">
	  	    <div class="product-image ">
                
	  		    <img src="https://assets.shop.loblaws.ca/products/21059719/b1/en/front/21059719_front_a01.png" onerror="this.src='https://assets.shop.loblaws.ca/products/NoImage/b1/en/front/NoImage_front_a01_@2.png';" alt="Multigrain Snacks, Garden Salsa" />
                
	  			    
	  			        <span class="sticker deal">
	  				        <span class="deal-badge">
	  				            
	  			                
	  				            

	  				            <span class="module-deal-badge module-deal-badge-grid simple-save-unit "
	  						        data-deal-type="2 FOR $6.66"
	  						        data-ajax-promo-url="/simpleDeal/deals/product-tile?productCode=21059719_EA"
	  						        data-deal-id="21059719_EA">
	  						        <span class="deal-type">2 FOR $6.66</span>
	  						            








	<span class="deal-expiry">
		Exp. 12/31
	</span>

	  					                
	  				            </span>
	  			            </span>
	  		            </span>
	  			        
	  	            
	  	        
                
                    
                

	  		    

	  		    

	  		    

	  		    <div class="hover-text-container">
	  			    <button href="#" tabindex="0" class="hover-text " aria-label="Quick View for Multigrain Snacks, Garden Salsa.">Quick View</button>
	  		    </div>
	  	    </div>
	    </div>

	    <div class="product-in-cart">
	  	    <div class="wrapper-product-in-cart">
	  		    <span>
	  			    In Cart
	  		    </span>
	  	    </div>
	    </div>

	    <div class="product-info">
	  	    <div class="product-name-wrapper">
	  		    <a href="/Food/Pantry/Chips-%26-Salty-Snacks/Pretzels-%26-Snack-Mixes/Sunchips-Multigrain-Snacks%2C-Garden-Salsa/p/21059719_EA" class="product-name" aria-label="Product page for Multigrain Snacks, Garden Salsa" >
	  			    <span class="js-product-entry-brand">Sunchips&nbsp;</span>

	  			    

	  			    <span class="js-product-entry-name">Multigrain Snacks, Garden Salsa</span>

	  			    <span class="js-product-entry-size-detail">(225 g)</span>

	  		    </a>
	  	    </div>
	  	    
	  	    
	  		    
	  		    
	  			    



	
	
		
		<span class="ad-match-badge  hidden">Ad Match</span>
	

	  				
	  			        
	  					
	  				        
	  					
	  				
	  		    
	  	    

	  	    <div class="price">
			    <div class="price-wrapper no-discount  ">
				    <span class="reg-price  " aria-label="Regular Price: $3.67">
					    <span class="reg-price-text">$3.67</span>
					    
					    <sup class="reg-price-unit">ea</sup>
				    </span>
				    <span class="sale-price hidden" aria-label="Sale Price:">
					    <span class="sale-price-text"></span>
					    <sup class="sale-price-unit">ea</sup>
				    </span>
				    
				    <span class="secondary-price hidden">
					    
					    <span class="secondary-price-text" aria-label="Secondary Price:"></span>
				    </span>
			    </div>
	  	    </div>

	  	    <div class="qty">
	  		    <span class="reg-qty  ">
		
			
		  	
		  		<span class="sr-only">Sale Price Per Unit:</span>
        $1.63
        /
        100
        g
		  	
	  	
	</span>

	<span class="sale-qty hidden">
		
			
		  	
		  		<span class="sr-only">Sale Price Per Unit:</span>
        $1.63
        /
        100
        g
		  	
	  	
	</span>

	<span class="secondary-qty hidden">
		
	  	<span class="secondary-qty-text"></span>
	</span>
	  	    </div>
	    </div>


	    

	    
	</div>
	<form class="form-product  quickview-btn-simple"
	  data-product-id="21059719_EA"
	  data-min-qty="1.0"
	  data-max-qty="999.0"
	  data-unit-type="ea"
	  data-cart-qty="1"
	  data-default-qty="1"
	  novalidate="novalidate"
	  promoCode=""
	  promoNumber=""
	  data-is-customized="false"
	  data-cart-url="/cart/product/21059719_EA"
	  data-csrf-token="5582ec01-90c0-448b-b4f7-e2cf68d9f8a0"
	  data-is-weighted-product="false">

	<div class="module-add-to-cart " data-change-type="plus" data-auto-edit="true" data-auto-add="true"
		 data-cart-ajax-url="/cart/updateCart">
		<div class="wrapper-add-to-cart-btn">
					<div class="module-add-to-cart-button-small">
							<button type="button" class="btn btn-secondary btn-add-to-cart " data-auid="add-to-cart-button" data-has-pts-badge="false" aria-label="Add Multigrain Snacks, Garden Salsa to cart">
										<span class="icon-cart"></span>
										<span class="add-to-cart-text">
											Add</span>
									</button>
									<button type="button" class="btn btn-secondary btn-edit-cart hidden " aria-label="Edit Cart">
										<span class="qty-in-cart"></span>
										<span class="edit-cart-text">
											<spring code="product.edit.text" />"
										</span>
									</button>
								<div class="add-list-parent add-list-module  bottom-add-list-module ">
	<button class="btn btn-inline-link btn-save-to-list  dark is-btn-animated" 
	  data-login-url="/account/login?productCode=21059719_EA" 
	  data-ajax-url="/restful/lists/all?productCode=21059719_EA" 
	  data-user-guest="Y" 
	  data-user-guest="Y" data-product-code="21059719_EA" 
	  data-delete-item="false"
	  aria-label="Add Multigrain Snacks, Garden Salsa to a List">
	  <span class="glyphicon glyphicon-th-list"></span>
	  <div class="list-cta-text  is-btn-animated">Add to List</div>
	</button>
	 
	<!-- this is the list HTML   -->
	<div class="save-to-list-popup  is-btn-animated animation-up dark" 
	  data-save-to-list-error="Can not get lists at this time. Please try again later."
	  data-product-name="Multigrain Snacks, Garden Salsa">
	  <div class="inner-container">
	  </div>
	  
	</div>
</div>

</div>
				</div>
			</div>


	<div class="module-plus-minus-buttons small hidden ">
			<button type="button" class="btn cart-change-qty" data-change-type="minus" data-auid="decrease-product-quantity" alt="Minus" aria-label="Minus">
				<span class="icon-minimize"></span>
			</button>
			<div class="plus-minus-input-wrapper">
				<input class="input-qty cart-change-qty" aria-label="Enter manual quantity" type="text" name="qty" title="Change quantity in cart"
							data-unit-type="ea"
							value="1ea" data-change-type="equals"
							maxlength="7">

						<span class="input-qty-pretty">
							<span class="input-qty-pretty-value">1</span>
							<span class="input-qty-pretty-unit"></span>
						</span>
					</div>

			<button type="button" class="btn cart-change-qty" data-change-type="plus" data-auid="increase-product-quantity" alt="Plus" aria-label="Plus">
				<span class="icon-plus-sign"></span>
			</button>

			<p class="deal-limit-reached hidden">Deal Limit Reached</p>

			<div class="tooltip-qty-error tooltip-qty-limit hidden">
				<p>
					Limit to
					&nbsp;
					999
					&nbsp;each&nbsp;
					per customer.</p>
			</div>
			<div class="tooltip-qty-error tooltip-round-error hidden">
				<p>
					We do not have this in the weight you wanted. We've rounded your order to the nearest weight increment we stock.</p>
			</div>
		</div>
	</form>

<!-- End Template: AddToCartSmall -->

</div>
</div>
<div class="item">
		









































	
	
		
		
		
		
			
		
	





























<div class="module-grocery-product quickview-simple  clicked" data-quickview-ajax-url="/p/20788073001_EA/quickViewProduct" data-product-id="20788073001_EA"  data-product-price="$3.18">
    
	
	
		<span class="subtitle"></span>
	

	<div class="product-page-hotspot">
	    <div class="product-cell quickview-button">
	  	    <div class="product-image ">
                
	  		    <img src="https://assets.shop.loblaws.ca/products/20788073001/b1/en/front/20788073001_front_a01.png" onerror="this.src='https://assets.shop.loblaws.ca/products/NoImage/b1/en/front/NoImage_front_a01_@2.png';" alt="Wavy Potato Chips, Bar-B-Q" />
                
	  			    
	  	        
                
                    
                

	  		    

	  		    
	  			    <span class="sticker deal">
	  				    <span class="deal-badge">
	  					    <span class="module-deal-badge module-deal-badge-feature flyer expires undefined">
	  						    <span class="deal-type">
								    Flyer<br />
	  							    Item
	  						    </span>
	  						    








	<span class="deal-expiry">
		Exp. 12/19
	</span>

	  					    </span>
	  				    </span>
	  			    </span>
	  			    
	  		    

	  		    

	  		    <div class="hover-text-container">
	  			    <button href="#" tabindex="0" class="hover-text " aria-label="Quick View for Wavy Potato Chips, Bar-B-Q.">Quick View</button>
	  		    </div>
	  	    </div>
	    </div>

	    <div class="product-in-cart">
	  	    <div class="wrapper-product-in-cart">
	  		    <span>
	  			    In Cart
	  		    </span>
	  	    </div>
	    </div>

	    <div class="product-info">
	  	    <div class="product-name-wrapper">
	  		    <a href="/Food/Pantry/Chips-%26-Salty-Snacks/Potato-Chips/Lay%27s-WAVY-Wavy-Potato-Chips%2C-Bar-B-Q/p/20788073001_EA" class="product-name" aria-label="Product page for Wavy Potato Chips, Bar-B-Q" >
	  			    <span class="js-product-entry-brand">Lay's&nbsp;</span>

	  			    

	  			    <span class="js-product-entry-name">Wavy Potato Chips, Bar-B-Q</span>

	  			    <span class="js-product-entry-size-detail">(255 g)</span>

	  		    </a>
	  	    </div>
	  	    
	  	    
	  		    
	  		    
	  			    



	
	
		
		<span class="ad-match-badge  hidden">Ad Match</span>
	

	  				
	  			        
	  					
	  				        
	  					
	  				
	  		    
	  	    

	  	    <div class="price">
			    <div class="price-wrapper no-discount  ">
				    <span class="reg-price  " aria-label="Regular Price: $3.18">
					    <span class="reg-price-text">$3.18</span>
					    
					    <sup class="reg-price-unit">ea</sup>
				    </span>
				    <span class="sale-price hidden" aria-label="Sale Price:">
					    <span class="sale-price-text"></span>
					    <sup class="sale-price-unit">ea</sup>
				    </span>
				    
				    <span class="secondary-price hidden">
					    
					    <span class="secondary-price-text" aria-label="Secondary Price:"></span>
				    </span>
			    </div>
	  	    </div>

	  	    <div class="qty">
	  		    <span class="reg-qty  ">
		
			
		  	
		  		<span class="sr-only">Sale Price Per Unit:</span>
        $1.25
        /
        100
        g
		  	
	  	
	</span>

	<span class="sale-qty hidden">
		
			
		  	
		  		<span class="sr-only">Sale Price Per Unit:</span>
        $1.25
        /
        100
        g
		  	
	  	
	</span>

	<span class="secondary-qty hidden">
		
	  	<span class="secondary-qty-text"></span>
	</span>
	  	    </div>
	    </div>


	    

	    
	</div>
	<form class="form-product  quickview-btn-simple"
	  data-product-id="20788073001_EA"
	  data-min-qty="1.0"
	  data-max-qty="999.0"
	  data-unit-type="ea"
	  data-cart-qty="1"
	  data-default-qty="1"
	  novalidate="novalidate"
	  promoCode=""
	  promoNumber=""
	  data-is-customized="false"
	  data-cart-url="/cart/product/20788073001_EA"
	  data-csrf-token="5582ec01-90c0-448b-b4f7-e2cf68d9f8a0"
	  data-is-weighted-product="false">

	<div class="module-add-to-cart " data-change-type="plus" data-auto-edit="true" data-auto-add="true"
		 data-cart-ajax-url="/cart/updateCart">
		<div class="wrapper-add-to-cart-btn">
					<div class="module-add-to-cart-button-small">
							<button type="button" class="btn btn-secondary btn-add-to-cart " data-auid="add-to-cart-button" data-has-pts-badge="false" aria-label="Add Wavy Potato Chips, Bar-B-Q to cart">
										<span class="icon-cart"></span>
										<span class="add-to-cart-text">
											Add</span>
									</button>
									<button type="button" class="btn btn-secondary btn-edit-cart hidden " aria-label="Edit Cart">
										<span class="qty-in-cart"></span>
										<span class="edit-cart-text">
											<spring code="product.edit.text" />"
										</span>
									</button>
								<div class="add-list-parent add-list-module  bottom-add-list-module ">
	<button class="btn btn-inline-link btn-save-to-list  dark is-btn-animated" 
	  data-login-url="/account/login?productCode=20788073001_EA" 
	  data-ajax-url="/restful/lists/all?productCode=20788073001_EA" 
	  data-user-guest="Y" 
	  data-user-guest="Y" data-product-code="20788073001_EA" 
	  data-delete-item="false"
	  aria-label="Add Wavy Potato Chips, Bar-B-Q to a List">
	  <span class="glyphicon glyphicon-th-list"></span>
	  <div class="list-cta-text  is-btn-animated">Add to List</div>
	</button>
	 
	<!-- this is the list HTML   -->
	<div class="save-to-list-popup  is-btn-animated animation-up dark" 
	  data-save-to-list-error="Can not get lists at this time. Please try again later."
	  data-product-name="Wavy Potato Chips, Bar-B-Q">
	  <div class="inner-container">
	  </div>
	  
	</div>
</div>

</div>
				</div>
			</div>


	<div class="module-plus-minus-buttons small hidden ">
			<button type="button" class="btn cart-change-qty" data-change-type="minus" data-auid="decrease-product-quantity" alt="Minus" aria-label="Minus">
				<span class="icon-minimize"></span>
			</button>
			<div class="plus-minus-input-wrapper">
				<input class="input-qty cart-change-qty" aria-label="Enter manual quantity" type="text" name="qty" title="Change quantity in cart"
							data-unit-type="ea"
							value="1ea" data-change-type="equals"
							maxlength="7">

						<span class="input-qty-pretty">
							<span class="input-qty-pretty-value">1</span>
							<span class="input-qty-pretty-unit"></span>
						</span>
					</div>

			<button type="button" class="btn cart-change-qty" data-change-type="plus" data-auid="increase-product-quantity" alt="Plus" aria-label="Plus">
				<span class="icon-plus-sign"></span>
			</button>

			<p class="deal-limit-reached hidden">Deal Limit Reached</p>

			<div class="tooltip-qty-error tooltip-qty-limit hidden">
				<p>
					Limit to
					&nbsp;
					999
					&nbsp;each&nbsp;
					per customer.</p>
			</div>
			<div class="tooltip-qty-error tooltip-round-error hidden">
				<p>
					We do not have this in the weight you wanted. We've rounded your order to the nearest weight increment we stock.</p>
			</div>
		</div>
	</form>

<!-- End Template: AddToCartSmall -->

</div>
</div>
<div class="item">
		









































	
	
		
		
		
		
			
		
	





























<div class="module-grocery-product quickview-simple  clicked" data-quickview-ajax-url="/p/21084980_EA/quickViewProduct" data-product-id="21084980_EA"  data-product-price="$2.47">
    
	
	
		<span class="subtitle"></span>
	

	<div class="product-page-hotspot">
	    <div class="product-cell quickview-button">
	  	    <div class="product-image ">
                
	  		    <img src="https://assets.shop.loblaws.ca/products/21084980/b1/en/front/21084980_front_a01.png" onerror="this.src='https://assets.shop.loblaws.ca/products/NoImage/b1/en/front/NoImage_front_a01_@2.png';" alt="Poppables Snacks, Honey BBQ" />
                
	  			    
	  	        
                
                    
                

	  		    

	  		    
	  			    <span class="sticker deal">
	  				    <span class="deal-badge">
	  					    <span class="module-deal-badge module-deal-badge-feature flyer expires undefined">
	  						    <span class="deal-type">
								    Flyer<br />
	  							    Item
	  						    </span>
	  						    








	<span class="deal-expiry">
		Exp. 12/19
	</span>

	  					    </span>
	  				    </span>
	  			    </span>
	  			    
	  		    

	  		    

	  		    <div class="hover-text-container">
	  			    <button href="#" tabindex="0" class="hover-text " aria-label="Quick View for Poppables Snacks, Honey BBQ.">Quick View</button>
	  		    </div>
	  	    </div>
	    </div>

	    <div class="product-in-cart">
	  	    <div class="wrapper-product-in-cart">
	  		    <span>
	  			    In Cart
	  		    </span>
	  	    </div>
	    </div>

	    <div class="product-info">
	  	    <div class="product-name-wrapper">
	  		    <a href="/Food/Pantry/Chips-%26-Salty-Snacks/Potato-Chips/Lay%27s-Poppables-Snacks%2C-Honey-BBQ/p/21084980_EA" class="product-name" aria-label="Product page for Poppables Snacks, Honey BBQ" >
	  			    <span class="js-product-entry-brand">Lay's&nbsp;</span>

	  			    

	  			    <span class="js-product-entry-name">Poppables Snacks, Honey BBQ</span>

	  			    <span class="js-product-entry-size-detail">(141 g)</span>

	  		    </a>
	  	    </div>
	  	    
	  	    
	  		    
	  		    
	  			    



	
	
		
		<span class="ad-match-badge  hidden">Ad Match</span>
	

	  				
	  			        
	  					
	  				        
	  					
	  				
	  		    
	  	    

	  	    <div class="price">
			    <div class="price-wrapper no-discount  ">
				    <span class="reg-price  " aria-label="Regular Price: $2.47">
					    <span class="reg-price-text">$2.47</span>
					    
					    <sup class="reg-price-unit">ea</sup>
				    </span>
				    <span class="sale-price hidden" aria-label="Sale Price:">
					    <span class="sale-price-text"></span>
					    <sup class="sale-price-unit">ea</sup>
				    </span>
				    
				    <span class="secondary-price hidden">
					    
					    <span class="secondary-price-text" aria-label="Secondary Price:"></span>
				    </span>
			    </div>
	  	    </div>

	  	    <div class="qty">
	  		    <span class="reg-qty  ">
		
			
		  	
		  		<span class="sr-only">Sale Price Per Unit:</span>
        $1.75
        /
        100
        g
		  	
	  	
	</span>

	<span class="sale-qty hidden">
		
			
		  	
		  		<span class="sr-only">Sale Price Per Unit:</span>
        $1.75
        /
        100
        g
		  	
	  	
	</span>

	<span class="secondary-qty hidden">
		
	  	<span class="secondary-qty-text"></span>
	</span>
	  	    </div>
	    </div>


	    

	    
	</div>
	<form class="form-product  quickview-btn-simple"
	  data-product-id="21084980_EA"
	  data-min-qty="1.0"
	  data-max-qty="999.0"
	  data-unit-type="ea"
	  data-cart-qty="1"
	  data-default-qty="1"
	  novalidate="novalidate"
	  promoCode=""
	  promoNumber=""
	  data-is-customized="false"
	  data-cart-url="/cart/product/21084980_EA"
	  data-csrf-token="5582ec01-90c0-448b-b4f7-e2cf68d9f8a0"
	  data-is-weighted-product="false">

	<div class="module-add-to-cart " data-change-type="plus" data-auto-edit="true" data-auto-add="true"
		 data-cart-ajax-url="/cart/updateCart">
		<div class="wrapper-add-to-cart-btn">
					<div class="module-add-to-cart-button-small">
							<button type="button" class="btn btn-secondary btn-add-to-cart " data-auid="add-to-cart-button" data-has-pts-badge="false" aria-label="Add Poppables Snacks, Honey BBQ to cart">
										<span class="icon-cart"></span>
										<span class="add-to-cart-text">
											Add</span>
									</button>
									<button type="button" class="btn btn-secondary btn-edit-cart hidden " aria-label="Edit Cart">
										<span class="qty-in-cart"></span>
										<span class="edit-cart-text">
											<spring code="product.edit.text" />"
										</span>
									</button>
								<div class="add-list-parent add-list-module  bottom-add-list-module ">
	<button class="btn btn-inline-link btn-save-to-list  dark is-btn-animated" 
	  data-login-url="/account/login?productCode=21084980_EA" 
	  data-ajax-url="/restful/lists/all?productCode=21084980_EA" 
	  data-user-guest="Y" 
	  data-user-guest="Y" data-product-code="21084980_EA" 
	  data-delete-item="false"
	  aria-label="Add Poppables Snacks, Honey BBQ to a List">
	  <span class="glyphicon glyphicon-th-list"></span>
	  <div class="list-cta-text  is-btn-animated">Add to List</div>
	</button>
	 
	<!-- this is the list HTML   -->
	<div class="save-to-list-popup  is-btn-animated animation-up dark" 
	  data-save-to-list-error="Can not get lists at this time. Please try again later."
	  data-product-name="Poppables Snacks, Honey BBQ">
	  <div class="inner-container">
	  </div>
	  
	</div>
</div>

</div>
				</div>
			</div>


	<div class="module-plus-minus-buttons small hidden ">
			<button type="button" class="btn cart-change-qty" data-change-type="minus" data-auid="decrease-product-quantity" alt="Minus" aria-label="Minus">
				<span class="icon-minimize"></span>
			</button>
			<div class="plus-minus-input-wrapper">
				<input class="input-qty cart-change-qty" aria-label="Enter manual quantity" type="text" name="qty" title="Change quantity in cart"
							data-unit-type="ea"
							value="1ea" data-change-type="equals"
							maxlength="7">

						<span class="input-qty-pretty">
							<span class="input-qty-pretty-value">1</span>
							<span class="input-qty-pretty-unit"></span>
						</span>
					</div>

			<button type="button" class="btn cart-change-qty" data-change-type="plus" data-auid="increase-product-quantity" alt="Plus" aria-label="Plus">
				<span class="icon-plus-sign"></span>
			</button>

			<p class="deal-limit-reached hidden">Deal Limit Reached</p>

			<div class="tooltip-qty-error tooltip-qty-limit hidden">
				<p>
					Limit to
					&nbsp;
					999
					&nbsp;each&nbsp;
					per customer.</p>
			</div>
			<div class="tooltip-qty-error tooltip-round-error hidden">
				<p>
					We do not have this in the weight you wanted. We've rounded your order to the nearest weight increment we stock.</p>
			</div>
		</div>
	</form>

<!-- End Template: AddToCartSmall -->

</div>
</div>
<div class="item">
		









































	
	
		
		
		
		
			
		
	





























<div class="module-grocery-product quickview-simple  clicked" data-quickview-ajax-url="/p/20173978_EA/quickViewProduct" data-product-id="20173978_EA"  data-product-price="$0.98">
    
	
	
		<span class="subtitle"></span>
	

	<div class="product-page-hotspot">
	    <div class="product-cell quickview-button">
	  	    <div class="product-image ">
                
	  		    <img src="https://assets.shop.loblaws.ca/products/20173978/b1/en/front/20173978_front_a01.png" onerror="this.src='https://assets.shop.loblaws.ca/products/NoImage/b1/en/front/NoImage_front_a01_@2.png';" alt="Mamra Chikki" />
                
	  			    
	  	        
                
                    
                

	  		    

	  		    

	  		    

	  		    <div class="hover-text-container">
	  			    <button href="#" tabindex="0" class="hover-text " aria-label="Quick View for Mamra Chikki.">Quick View</button>
	  		    </div>
	  	    </div>
	    </div>

	    <div class="product-in-cart">
	  	    <div class="wrapper-product-in-cart">
	  		    <span>
	  			    In Cart
	  		    </span>
	  	    </div>
	    </div>

	    <div class="product-info">
	  	    <div class="product-name-wrapper">
	  		    <a href="/Food/Pantry/Chips-%26-Salty-Snacks/Potato-Chips/Mamra-Chikki/p/20173978_EA" class="product-name" aria-label="Product page for Mamra Chikki" >
	  			    <span class="js-product-entry-brand">Quality&nbsp;</span>

	  			    

	  			    <span class="js-product-entry-name">Mamra Chikki</span>

	  			    <span class="js-product-entry-size-detail">(100 g)</span>

	  		    </a>
	  	    </div>
	  	    
	  	    
	  		    
	  		    
	  			    



	
	
		
		<span class="ad-match-badge  hidden">Ad Match</span>
	

	  				
	  			        
	  					
	  				        
	  					
	  				
	  		    
	  	    

	  	    <div class="price">
			    <div class="price-wrapper no-discount  ">
				    <span class="reg-price  " aria-label="Regular Price: $0.98">
					    <span class="reg-price-text">$0.98</span>
					    
					    <sup class="reg-price-unit">ea</sup>
				    </span>
				    <span class="sale-price hidden" aria-label="Sale Price:">
					    <span class="sale-price-text"></span>
					    <sup class="sale-price-unit">ea</sup>
				    </span>
				    
				    <span class="secondary-price hidden">
					    
					    <span class="secondary-price-text" aria-label="Secondary Price:"></span>
				    </span>
			    </div>
	  	    </div>

	  	    <div class="qty">
	  		    <span class="reg-qty  ">
		
			
		  	
		  		<span class="sr-only">Sale Price Per Unit:</span>
        $0.98
        /
        100
        g
		  	
	  	
	</span>

	<span class="sale-qty hidden">
		
			
		  	
		  		<span class="sr-only">Sale Price Per Unit:</span>
        $0.98
        /
        100
        g
		  	
	  	
	</span>

	<span class="secondary-qty hidden">
		
	  	<span class="secondary-qty-text"></span>
	</span>
	  	    </div>
	    </div>


	    

	    
	</div>
	<form class="form-product  quickview-btn-simple"
	  data-product-id="20173978_EA"
	  data-min-qty="1.0"
	  data-max-qty="999.0"
	  data-unit-type="ea"
	  data-cart-qty="1"
	  data-default-qty="1"
	  novalidate="novalidate"
	  promoCode=""
	  promoNumber=""
	  data-is-customized="false"
	  data-cart-url="/cart/product/20173978_EA"
	  data-csrf-token="5582ec01-90c0-448b-b4f7-e2cf68d9f8a0"
	  data-is-weighted-product="false">

	<div class="module-add-to-cart " data-change-type="plus" data-auto-edit="true" data-auto-add="true"
		 data-cart-ajax-url="/cart/updateCart">
		<div class="wrapper-add-to-cart-btn">
					<div class="module-add-to-cart-button-small">
							<button type="button" class="btn btn-secondary btn-add-to-cart " data-auid="add-to-cart-button" data-has-pts-badge="false" aria-label="Add Mamra Chikki to cart">
										<span class="icon-cart"></span>
										<span class="add-to-cart-text">
											Add</span>
									</button>
									<button type="button" class="btn btn-secondary btn-edit-cart hidden " aria-label="Edit Cart">
										<span class="qty-in-cart"></span>
										<span class="edit-cart-text">
											<spring code="product.edit.text" />"
										</span>
									</button>
								<div class="add-list-parent add-list-module  bottom-add-list-module ">
	<button class="btn btn-inline-link btn-save-to-list  dark is-btn-animated" 
	  data-login-url="/account/login?productCode=20173978_EA" 
	  data-ajax-url="/restful/lists/all?productCode=20173978_EA" 
	  data-user-guest="Y" 
	  data-user-guest="Y" data-product-code="20173978_EA" 
	  data-delete-item="false"
	  aria-label="Add Mamra Chikki to a List">
	  <span class="glyphicon glyphicon-th-list"></span>
	  <div class="list-cta-text  is-btn-animated">Add to List</div>
	</button>
	 
	<!-- this is the list HTML   -->
	<div class="save-to-list-popup  is-btn-animated animation-up dark" 
	  data-save-to-list-error="Can not get lists at this time. Please try again later."
	  data-product-name="Mamra Chikki">
	  <div class="inner-container">
	  </div>
	  
	</div>
</div>

</div>
				</div>
			</div>


	<div class="module-plus-minus-buttons small hidden ">
			<button type="button" class="btn cart-change-qty" data-change-type="minus" data-auid="decrease-product-quantity" alt="Minus" aria-label="Minus">
				<span class="icon-minimize"></span>
			</button>
			<div class="plus-minus-input-wrapper">
				<input class="input-qty cart-change-qty" aria-label="Enter manual quantity" type="text" name="qty" title="Change quantity in cart"
							data-unit-type="ea"
							value="1ea" data-change-type="equals"
							maxlength="7">

						<span class="input-qty-pretty">
							<span class="input-qty-pretty-value">1</span>
							<span class="input-qty-pretty-unit"></span>
						</span>
					</div>

			<button type="button" class="btn cart-change-qty" data-change-type="plus" data-auid="increase-product-quantity" alt="Plus" aria-label="Plus">
				<span class="icon-plus-sign"></span>
			</button>

			<p class="deal-limit-reached hidden">Deal Limit Reached</p>

			<div class="tooltip-qty-error tooltip-qty-limit hidden">
				<p>
					Limit to
					&nbsp;
					999
					&nbsp;each&nbsp;
					per customer.</p>
			</div>
			<div class="tooltip-qty-error tooltip-round-error hidden">
				<p>
					We do not have this in the weight you wanted. We've rounded your order to the nearest weight increment we stock.</p>
			</div>
		</div>
	</form>

<!-- End Template: AddToCartSmall -->

</div>
</div>
<div class="item">
		









































	
	
		
		
		
		
			
		
	





























<div class="module-grocery-product quickview-simple  clicked" data-quickview-ajax-url="/p/21032468_EA/quickViewProduct" data-product-id="21032468_EA"  data-product-price="$4.48">
    
	
	
		<span class="subtitle"></span>
	

	<div class="product-page-hotspot">
	    <div class="product-cell quickview-button">
	  	    <div class="product-image ">
                
	  		    <img src="https://assets.shop.loblaws.ca/products/21032468/b1/en/front/21032468_front_a01.png" onerror="this.src='https://assets.shop.loblaws.ca/products/NoImage/b1/en/front/NoImage_front_a01_@2.png';" alt="Wild Wild Ranch Tortilla Chips" />
                
	  			    
	  			        <span class="sticker deal">
	  				        <span class="deal-badge">
	  				            
	  			                
	  				            

	  				            <span class="module-deal-badge module-deal-badge-grid simple-save-unit "
	  						        data-deal-type="2 FOR $8.00"
	  						        data-ajax-promo-url="/simpleDeal/deals/product-tile?productCode=21032468_EA"
	  						        data-deal-id="21032468_EA">
	  						        <span class="deal-type">2 FOR $8.00</span>
	  						            








	<span class="deal-expiry">
		Exp. 05/13
	</span>

	  					                
	  				            </span>
	  			            </span>
	  		            </span>
	  			        
	  	            
	  	        
                
                    
                

	  		    

	  		    

	  		    

	  		    <div class="hover-text-container">
	  			    <button href="#" tabindex="0" class="hover-text " aria-label="Quick View for Wild Wild Ranch Tortilla Chips.">Quick View</button>
	  		    </div>
	  	    </div>
	    </div>

	    <div class="product-in-cart">
	  	    <div class="wrapper-product-in-cart">
	  		    <span>
	  			    In Cart
	  		    </span>
	  	    </div>
	    </div>

	    <div class="product-info">
	  	    <div class="product-name-wrapper">
	  		    <a href="/Food/Pantry/Chips-%26-Salty-Snacks/Potato-Chips/Paqui-Wild-Wild-Ranch-Tortilla-Chips/p/21032468_EA" class="product-name" aria-label="Product page for Wild Wild Ranch Tortilla Chips" >
	  			    <span class="js-product-entry-brand">Paqui&nbsp;</span>

	  			    

	  			    <span class="js-product-entry-name">Wild Wild Ranch Tortilla Chips</span>

	  			    <span class="js-product-entry-size-detail">(155 g)</span>

	  		    </a>
	  	    </div>
	  	    
	  	    
	  		    
	  		    
	  			    



	
	
		
		<span class="ad-match-badge  hidden">Ad Match</span>
	

	  				
	  			        
	  					
	  				        
	  					
	  				
	  		    
	  	    

	  	    <div class="price">
			    <div class="price-wrapper no-discount  ">
				    <span class="reg-price  " aria-label="Regular Price: $4.48">
					    <span class="reg-price-text">$4.48</span>
					    
					    <sup class="reg-price-unit">ea</sup>
				    </span>
				    <span class="sale-price hidden" aria-label="Sale Price:">
					    <span class="sale-price-text"></span>
					    <sup class="sale-price-unit">ea</sup>
				    </span>
				    
				    <span class="secondary-price hidden">
					    
					    <span class="secondary-price-text" aria-label="Secondary Price:"></span>
				    </span>
			    </div>
	  	    </div>

	  	    <div class="qty">
	  		    <span class="reg-qty  ">
		
			
		  	
		  		<span class="sr-only">Sale Price Per Unit:</span>
        $2.89
        /
        100
        g
		  	
	  	
	</span>

	<span class="sale-qty hidden">
		
			
		  	
		  		<span class="sr-only">Sale Price Per Unit:</span>
        $2.89
        /
        100
        g
		  	
	  	
	</span>

	<span class="secondary-qty hidden">
		
	  	<span class="secondary-qty-text"></span>
	</span>
	  	    </div>
	    </div>


	    

	    
	</div>
	<form class="form-product  quickview-btn-simple"
	  data-product-id="21032468_EA"
	  data-min-qty="1.0"
	  data-max-qty="999.0"
	  data-unit-type="ea"
	  data-cart-qty="1"
	  data-default-qty="1"
	  novalidate="novalidate"
	  promoCode=""
	  promoNumber=""
	  data-is-customized="false"
	  data-cart-url="/cart/product/21032468_EA"
	  data-csrf-token="5582ec01-90c0-448b-b4f7-e2cf68d9f8a0"
	  data-is-weighted-product="false">

	<div class="module-add-to-cart " data-change-type="plus" data-auto-edit="true" data-auto-add="true"
		 data-cart-ajax-url="/cart/updateCart">
		<div class="wrapper-add-to-cart-btn">
					<div class="module-add-to-cart-button-small">
							<button type="button" class="btn btn-secondary btn-add-to-cart " data-auid="add-to-cart-button" data-has-pts-badge="false" aria-label="Add Wild Wild Ranch Tortilla Chips to cart">
										<span class="icon-cart"></span>
										<span class="add-to-cart-text">
											Add</span>
									</button>
									<button type="button" class="btn btn-secondary btn-edit-cart hidden " aria-label="Edit Cart">
										<span class="qty-in-cart"></span>
										<span class="edit-cart-text">
											<spring code="product.edit.text" />"
										</span>
									</button>
								<div class="add-list-parent add-list-module  bottom-add-list-module ">
	<button class="btn btn-inline-link btn-save-to-list  dark is-btn-animated" 
	  data-login-url="/account/login?productCode=21032468_EA" 
	  data-ajax-url="/restful/lists/all?productCode=21032468_EA" 
	  data-user-guest="Y" 
	  data-user-guest="Y" data-product-code="21032468_EA" 
	  data-delete-item="false"
	  aria-label="Add Wild Wild Ranch Tortilla Chips to a List">
	  <span class="glyphicon glyphicon-th-list"></span>
	  <div class="list-cta-text  is-btn-animated">Add to List</div>
	</button>
	 
	<!-- this is the list HTML   -->
	<div class="save-to-list-popup  is-btn-animated animation-up dark" 
	  data-save-to-list-error="Can not get lists at this time. Please try again later."
	  data-product-name="Wild Wild Ranch Tortilla Chips">
	  <div class="inner-container">
	  </div>
	  
	</div>
</div>

</div>
				</div>
			</div>


	<div class="module-plus-minus-buttons small hidden ">
			<button type="button" class="btn cart-change-qty" data-change-type="minus" data-auid="decrease-product-quantity" alt="Minus" aria-label="Minus">
				<span class="icon-minimize"></span>
			</button>
			<div class="plus-minus-input-wrapper">
				<input class="input-qty cart-change-qty" aria-label="Enter manual quantity" type="text" name="qty" title="Change quantity in cart"
							data-unit-type="ea"
							value="1ea" data-change-type="equals"
							maxlength="7">

						<span class="input-qty-pretty">
							<span class="input-qty-pretty-value">1</span>
							<span class="input-qty-pretty-unit"></span>
						</span>
					</div>

			<button type="button" class="btn cart-change-qty" data-change-type="plus" data-auid="increase-product-quantity" alt="Plus" aria-label="Plus">
				<span class="icon-plus-sign"></span>
			</button>

			<p class="deal-limit-reached hidden">Deal Limit Reached</p>

			<div class="tooltip-qty-error tooltip-qty-limit hidden">
				<p>
					Limit to
					&nbsp;
					999
					&nbsp;each&nbsp;
					per customer.</p>
			</div>
			<div class="tooltip-qty-error tooltip-round-error hidden">
				<p>
					We do not have this in the weight you wanted. We've rounded your order to the nearest weight increment we stock.</p>
			</div>
		</div>
	</form>

<!-- End Template: AddToCartSmall -->

</div>
</div>
<div class="item">
		









































	
	
		
		
		
		
			
		
	





























<div class="module-grocery-product quickview-simple  clicked" data-quickview-ajax-url="/p/21087199_EA/quickViewProduct" data-product-id="21087199_EA"  data-product-price="$2.47">
    
	
	
		<span class="subtitle"></span>
	

	<div class="product-page-hotspot">
	    <div class="product-cell quickview-button">
	  	    <div class="product-image ">
                
	  		    <img src="https://assets.shop.loblaws.ca/products/21087199/b1/en/front/21087199_front_a01.png" onerror="this.src='https://assets.shop.loblaws.ca/products/NoImage/b1/en/front/NoImage_front_a01_@2.png';" alt="Wavy Salt Vinegar Chips" />
                
	  			    
	  	        
                
                    
                

	  		    

	  		    
	  			    <span class="sticker deal">
	  				    <span class="deal-badge">
	  					    <span class="module-deal-badge module-deal-badge-feature flyer expires undefined">
	  						    <span class="deal-type">
								    Flyer<br />
	  							    Item
	  						    </span>
	  						    








	<span class="deal-expiry">
		Exp. 12/19
	</span>

	  					    </span>
	  				    </span>
	  			    </span>
	  			    
	  		    

	  		    

	  		    <div class="hover-text-container">
	  			    <button href="#" tabindex="0" class="hover-text " aria-label="Quick View for Wavy Salt Vinegar Chips.">Quick View</button>
	  		    </div>
	  	    </div>
	    </div>

	    <div class="product-in-cart">
	  	    <div class="wrapper-product-in-cart">
	  		    <span>
	  			    In Cart
	  		    </span>
	  	    </div>
	    </div>

	    <div class="product-info">
	  	    <div class="product-name-wrapper">
	  		    <a href="/Food/Pantry/Chips-%26-Salty-Snacks/Potato-Chips/Lay%27s-Wavy-Salt-Vinegar-Chips/p/21087199_EA" class="product-name" aria-label="Product page for Wavy Salt Vinegar Chips" >
	  			    <span class="js-product-entry-brand">Lay's&nbsp;</span>

	  			    

	  			    <span class="js-product-entry-name">Wavy Salt Vinegar Chips</span>

	  			    <span class="js-product-entry-size-detail">(240 g)</span>

	  		    </a>
	  	    </div>
	  	    
	  	    
	  		    
	  		    
	  			    



	
	
		
		<span class="ad-match-badge  hidden">Ad Match</span>
	

	  				
	  			        
	  					
	  				        
	  					
	  				
	  		    
	  	    

	  	    <div class="price">
			    <div class="price-wrapper no-discount  ">
				    <span class="reg-price  " aria-label="Regular Price: $2.47">
					    <span class="reg-price-text">$2.47</span>
					    
					    <sup class="reg-price-unit">ea</sup>
				    </span>
				    <span class="sale-price hidden" aria-label="Sale Price:">
					    <span class="sale-price-text"></span>
					    <sup class="sale-price-unit">ea</sup>
				    </span>
				    
				    <span class="secondary-price hidden">
					    
					    <span class="secondary-price-text" aria-label="Secondary Price:"></span>
				    </span>
			    </div>
	  	    </div>

	  	    <div class="qty">
	  		    <span class="reg-qty  ">
		
			
		  	
		  		<span class="sr-only">Sale Price Per Unit:</span>
        $1.03
        /
        100
        g
		  	
	  	
	</span>

	<span class="sale-qty hidden">
		
			
		  	
		  		<span class="sr-only">Sale Price Per Unit:</span>
        $1.03
        /
        100
        g
		  	
	  	
	</span>

	<span class="secondary-qty hidden">
		
	  	<span class="secondary-qty-text"></span>
	</span>
	  	    </div>
	    </div>


	    

	    
	</div>
	<form class="form-product  quickview-btn-simple"
	  data-product-id="21087199_EA"
	  data-min-qty="1.0"
	  data-max-qty="999.0"
	  data-unit-type="ea"
	  data-cart-qty="1"
	  data-default-qty="1"
	  novalidate="novalidate"
	  promoCode=""
	  promoNumber=""
	  data-is-customized="false"
	  data-cart-url="/cart/product/21087199_EA"
	  data-csrf-token="5582ec01-90c0-448b-b4f7-e2cf68d9f8a0"
	  data-is-weighted-product="false">

	<div class="module-add-to-cart " data-change-type="plus" data-auto-edit="true" data-auto-add="true"
		 data-cart-ajax-url="/cart/updateCart">
		<div class="wrapper-add-to-cart-btn">
					<div class="module-add-to-cart-button-small">
							<button type="button" class="btn btn-secondary btn-add-to-cart " data-auid="add-to-cart-button" data-has-pts-badge="false" aria-label="Add Wavy Salt Vinegar Chips to cart">
										<span class="icon-cart"></span>
										<span class="add-to-cart-text">
											Add</span>
									</button>
									<button type="button" class="btn btn-secondary btn-edit-cart hidden " aria-label="Edit Cart">
										<span class="qty-in-cart"></span>
										<span class="edit-cart-text">
											<spring code="product.edit.text" />"
										</span>
									</button>
								<div class="add-list-parent add-list-module  bottom-add-list-module ">
	<button class="btn btn-inline-link btn-save-to-list  dark is-btn-animated" 
	  data-login-url="/account/login?productCode=21087199_EA" 
	  data-ajax-url="/restful/lists/all?productCode=21087199_EA" 
	  data-user-guest="Y" 
	  data-user-guest="Y" data-product-code="21087199_EA" 
	  data-delete-item="false"
	  aria-label="Add Wavy Salt Vinegar Chips to a List">
	  <span class="glyphicon glyphicon-th-list"></span>
	  <div class="list-cta-text  is-btn-animated">Add to List</div>
	</button>
	 
	<!-- this is the list HTML   -->
	<div class="save-to-list-popup  is-btn-animated animation-up dark" 
	  data-save-to-list-error="Can not get lists at this time. Please try again later."
	  data-product-name="Wavy Salt Vinegar Chips">
	  <div class="inner-container">
	  </div>
	  
	</div>
</div>

</div>
				</div>
			</div>


	<div class="module-plus-minus-buttons small hidden ">
			<button type="button" class="btn cart-change-qty" data-change-type="minus" data-auid="decrease-product-quantity" alt="Minus" aria-label="Minus">
				<span class="icon-minimize"></span>
			</button>
			<div class="plus-minus-input-wrapper">
				<input class="input-qty cart-change-qty" aria-label="Enter manual quantity" type="text" name="qty" title="Change quantity in cart"
							data-unit-type="ea"
							value="1ea" data-change-type="equals"
							maxlength="7">

						<span class="input-qty-pretty">
							<span class="input-qty-pretty-value">1</span>
							<span class="input-qty-pretty-unit"></span>
						</span>
					</div>

			<button type="button" class="btn cart-change-qty" data-change-type="plus" data-auid="increase-product-quantity" alt="Plus" aria-label="Plus">
				<span class="icon-plus-sign"></span>
			</button>

			<p class="deal-limit-reached hidden">Deal Limit Reached</p>

			<div class="tooltip-qty-error tooltip-qty-limit hidden">
				<p>
					Limit to
					&nbsp;
					999
					&nbsp;each&nbsp;
					per customer.</p>
			</div>
			<div class="tooltip-qty-error tooltip-round-error hidden">
				<p>
					We do not have this in the weight you wanted. We've rounded your order to the nearest weight increment we stock.</p>
			</div>
		</div>
	</form>

<!-- End Template: AddToCartSmall -->

</div>
</div>
<div class="item">
		






































	


	



	
	
		
		
		
		
			
		
	





























<div class="module-grocery-product quickview-simple  clicked" data-quickview-ajax-url="/p/20872448_EA/quickViewProduct" data-product-id="20872448_EA"  data-product-price="$1.68">
    
	
	
		<span class="subtitle"></span>
	

	<div class="product-page-hotspot">
	    <div class="product-cell quickview-button">
	  	    <div class="product-image ">
                
	  		    <img src="https://assets.shop.loblaws.ca/products/20872448/b1/en/front/20872448_front_a01.png" onerror="this.src='https://assets.shop.loblaws.ca/products/NoImage/b1/en/front/NoImage_front_a01_@2.png';" alt="Applewood Smoked Bacon Flavour Kettle Cooked Potato Chips" />
                
	  			    
	  			        <span class="sticker deal">
	  				        <span class="deal-badge">
	  				            
	  			                
	  				            

	  				            <span class="module-deal-badge module-deal-badge-grid simple-save-unit "
	  						        data-deal-type="SAVE $0.80"
	  						        data-ajax-promo-url="/simpleDeal/deals/product-tile?productCode=20872448_EA"
	  						        data-deal-id="20872448_EA">
	  						        <span class="deal-type">SAVE $0.80</span>
	  						            








	<span class="deal-expiry">
		Exp. 01/03
	</span>

	  					                
	  				            </span>
	  			            </span>
	  		            </span>
	  			        
	  	            
	  	        
                
                    
                

	  		    

	  		    

	  		    

	  		    <div class="hover-text-container">
	  			    <button href="#" tabindex="0" class="hover-text " aria-label="Quick View for Applewood Smoked Bacon Flavour Kettle Cooked Potato Chips.">Quick View</button>
	  		    </div>
	  	    </div>
	    </div>

	    <div class="product-in-cart">
	  	    <div class="wrapper-product-in-cart">
	  		    <span>
	  			    In Cart
	  		    </span>
	  	    </div>
	    </div>

	    <div class="product-info">
	  	    <div class="product-name-wrapper">
	  		    <a href="/Food/Pantry/Chips-%26-Salty-Snacks/Potato-Chips/President%27s-Choice-Applewood-Smoked-Bacon-Flavour-Kettle-Cooked-Potato-Chips/p/20872448_EA" class="product-name" aria-label="Product page for Applewood Smoked Bacon Flavour Kettle Cooked Potato Chips" >
	  			    <span class="js-product-entry-brand">President's Choice&nbsp;</span>

	  			    

	  			    <span class="js-product-entry-name">Applewood Smoked Bacon Flavour Kettle Cooked Potato Chips</span>

	  			    <span class="js-product-entry-size-detail">(220 g)</span>

	  		    </a>
	  	    </div>
	  	    
	  	    
	  		    
	  		    
	  			    



	
	
		
		<span class="ad-match-badge  hidden">Ad Match</span>
	

	  				
	  			        
	  					
	  				        
	  					
	  				
	  		    
	  	    

	  	    <div class="price">
			    <div class="price-wrapper discount promo-alert ">
				    <span class="reg-price  price-alert" aria-label="Regular Price: $1.68">
					    <span class="reg-price-text">$1.68</span>
					    
					    <sup class="reg-price-unit">ea</sup>
				    </span>
				    <span class="sale-price hidden" aria-label="Sale Price:">
					    <span class="sale-price-text"></span>
					    <sup class="sale-price-unit">ea</sup>
				    </span>
				    
					    <span class="old-price" aria-label="Original Price: $2.48">
						    <span class="old-price-text">$2.48</span>
					    </span>
				    
				    <span class="secondary-price hidden">
					    
					    <span class="secondary-price-text" aria-label="Secondary Price:"></span>
				    </span>
			    </div>
	  	    </div>

	  	    <div class="qty">
	  		    <span class="reg-qty  price-alert">
		
			
		  	
		  		<span class="sr-only">Sale Price Per Unit:</span>
        $0.76
        /
        100
        g
		  	
	  	
	</span>

	<span class="sale-qty hidden">
		
			
		  	
		  		<span class="sr-only">Sale Price Per Unit:</span>
        $0.76
        /
        100
        g
		  	
	  	
	</span>

	<span class="secondary-qty hidden">
		
	  	<span class="secondary-qty-text"></span>
	</span>
	  	    </div>
	    </div>


	    

	    
	</div>
	<form class="form-product  quickview-btn-simple"
	  data-product-id="20872448_EA"
	  data-min-qty="1.0"
	  data-max-qty="999.0"
	  data-unit-type="ea"
	  data-cart-qty="1"
	  data-default-qty="1"
	  novalidate="novalidate"
	  promoCode=""
	  promoNumber=""
	  data-is-customized="false"
	  data-cart-url="/cart/product/20872448_EA"
	  data-csrf-token="5582ec01-90c0-448b-b4f7-e2cf68d9f8a0"
	  data-is-weighted-product="false">

	<div class="module-add-to-cart " data-change-type="plus" data-auto-edit="true" data-auto-add="true"
		 data-cart-ajax-url="/cart/updateCart">
		<div class="wrapper-add-to-cart-btn">
					<div class="module-add-to-cart-button-small">
							<button type="button" class="btn btn-secondary btn-add-to-cart " data-auid="add-to-cart-button" data-has-pts-badge="false" aria-label="Add Applewood Smoked Bacon Flavour Kettle Cooked Potato Chips to cart">
										<span class="icon-cart"></span>
										<span class="add-to-cart-text">
											Add</span>
									</button>
									<button type="button" class="btn btn-secondary btn-edit-cart hidden " aria-label="Edit Cart">
										<span class="qty-in-cart"></span>
										<span class="edit-cart-text">
											<spring code="product.edit.text" />"
										</span>
									</button>
								<div class="add-list-parent add-list-module  bottom-add-list-module ">
	<button class="btn btn-inline-link btn-save-to-list  dark is-btn-animated" 
	  data-login-url="/account/login?productCode=20872448_EA" 
	  data-ajax-url="/restful/lists/all?productCode=20872448_EA" 
	  data-user-guest="Y" 
	  data-user-guest="Y" data-product-code="20872448_EA" 
	  data-delete-item="false"
	  aria-label="Add Applewood Smoked Bacon Flavour Kettle Cooked Potato Chips to a List">
	  <span class="glyphicon glyphicon-th-list"></span>
	  <div class="list-cta-text  is-btn-animated">Add to List</div>
	</button>
	 
	<!-- this is the list HTML   -->
	<div class="save-to-list-popup  is-btn-animated animation-up dark" 
	  data-save-to-list-error="Can not get lists at this time. Please try again later."
	  data-product-name="Applewood Smoked Bacon Flavour Kettle Cooked Potato Chips">
	  <div class="inner-container">
	  </div>
	  
	</div>
</div>

</div>
				</div>
			</div>


	<div class="module-plus-minus-buttons small hidden ">
			<button type="button" class="btn cart-change-qty" data-change-type="minus" data-auid="decrease-product-quantity" alt="Minus" aria-label="Minus">
				<span class="icon-minimize"></span>
			</button>
			<div class="plus-minus-input-wrapper">
				<input class="input-qty cart-change-qty" aria-label="Enter manual quantity" type="text" name="qty" title="Change quantity in cart"
							data-unit-type="ea"
							value="1ea" data-change-type="equals"
							maxlength="7">

						<span class="input-qty-pretty">
							<span class="input-qty-pretty-value">1</span>
							<span class="input-qty-pretty-unit"></span>
						</span>
					</div>

			<button type="button" class="btn cart-change-qty" data-change-type="plus" data-auid="increase-product-quantity" alt="Plus" aria-label="Plus">
				<span class="icon-plus-sign"></span>
			</button>

			<p class="deal-limit-reached hidden">Deal Limit Reached</p>

			<div class="tooltip-qty-error tooltip-qty-limit hidden">
				<p>
					Limit to
					&nbsp;
					999
					&nbsp;each&nbsp;
					per customer.</p>
			</div>
			<div class="tooltip-qty-error tooltip-round-error hidden">
				<p>
					We do not have this in the weight you wanted. We've rounded your order to the nearest weight increment we stock.</p>
			</div>
		</div>
	</form>

<!-- End Template: AddToCartSmall -->

</div>
</div>
<div class="item">
		









































	
	
		
		
		
		
			
		
	





























<div class="module-grocery-product quickview-simple  clicked" data-quickview-ajax-url="/p/20839412004_EA/quickViewProduct" data-product-id="20839412004_EA"  data-product-price="$1.88">
    
	
	
		<span class="subtitle"></span>
	

	<div class="product-page-hotspot">
	    <div class="product-cell quickview-button">
	  	    <div class="product-image ">
                
	  		    <img src="https://assets.shop.loblaws.ca/products/20839412004/b1/en/front/20839412004_front_a01.png" onerror="this.src='https://assets.shop.loblaws.ca/products/NoImage/b1/en/front/NoImage_front_a01_@2.png';" alt="Barbecue Baby Back Ribs Chips" />
                
	  			    
	  	        
                
                    
                

	  		    

	  		    

	  		    

	  		    <div class="hover-text-container">
	  			    <button href="#" tabindex="0" class="hover-text " aria-label="Quick View for Barbecue Baby Back Ribs Chips.">Quick View</button>
	  		    </div>
	  	    </div>
	    </div>

	    <div class="product-in-cart">
	  	    <div class="wrapper-product-in-cart">
	  		    <span>
	  			    In Cart
	  		    </span>
	  	    </div>
	    </div>

	    <div class="product-info">
	  	    <div class="product-name-wrapper">
	  		    <a href="/Food/Pantry/Chips-%26-Salty-Snacks/Potato-Chips/President%27s-Choice-Barbecue-Baby-Back-Ribs-Chips/p/20839412004_EA" class="product-name" aria-label="Product page for Barbecue Baby Back Ribs Chips" >
	  			    <span class="js-product-entry-brand">President's Choice&nbsp;</span>

	  			    

	  			    <span class="js-product-entry-name">Barbecue Baby Back Ribs Chips</span>

	  			    <span class="js-product-entry-size-detail">(200 g)</span>

	  		    </a>
	  	    </div>
	  	    
	  	    
	  		    
	  		    
	  			    



	
	
		
		<span class="ad-match-badge  hidden">Ad Match</span>
	

	  				
	  			        
	  					
	  				        
	  					
	  				
	  		    
	  	    

	  	    <div class="price">
			    <div class="price-wrapper no-discount  ">
				    <span class="reg-price  " aria-label="Regular Price: $1.88">
					    <span class="reg-price-text">$1.88</span>
					    
					    <sup class="reg-price-unit">ea</sup>
				    </span>
				    <span class="sale-price hidden" aria-label="Sale Price:">
					    <span class="sale-price-text"></span>
					    <sup class="sale-price-unit">ea</sup>
				    </span>
				    
				    <span class="secondary-price hidden">
					    
					    <span class="secondary-price-text" aria-label="Secondary Price:"></span>
				    </span>
			    </div>
	  	    </div>

	  	    <div class="qty">
	  		    <span class="reg-qty  ">
		
			
		  	
		  		<span class="sr-only">Sale Price Per Unit:</span>
        $0.94
        /
        100
        g
		  	
	  	
	</span>

	<span class="sale-qty hidden">
		
			
		  	
		  		<span class="sr-only">Sale Price Per Unit:</span>
        $0.94
        /
        100
        g
		  	
	  	
	</span>

	<span class="secondary-qty hidden">
		
	  	<span class="secondary-qty-text"></span>
	</span>
	  	    </div>
	    </div>


	    

	    
	</div>
	<form class="form-product  quickview-btn-simple"
	  data-product-id="20839412004_EA"
	  data-min-qty="1.0"
	  data-max-qty="999.0"
	  data-unit-type="ea"
	  data-cart-qty="1"
	  data-default-qty="1"
	  novalidate="novalidate"
	  promoCode=""
	  promoNumber=""
	  data-is-customized="false"
	  data-cart-url="/cart/product/20839412004_EA"
	  data-csrf-token="5582ec01-90c0-448b-b4f7-e2cf68d9f8a0"
	  data-is-weighted-product="false">

	<div class="module-add-to-cart " data-change-type="plus" data-auto-edit="true" data-auto-add="true"
		 data-cart-ajax-url="/cart/updateCart">
		<div class="wrapper-add-to-cart-btn">
					<div class="module-add-to-cart-button-small">
							<button type="button" class="btn btn-secondary btn-add-to-cart " data-auid="add-to-cart-button" data-has-pts-badge="false" aria-label="Add Barbecue Baby Back Ribs Chips to cart">
										<span class="icon-cart"></span>
										<span class="add-to-cart-text">
											Add</span>
									</button>
									<button type="button" class="btn btn-secondary btn-edit-cart hidden " aria-label="Edit Cart">
										<span class="qty-in-cart"></span>
										<span class="edit-cart-text">
											<spring code="product.edit.text" />"
										</span>
									</button>
								<div class="add-list-parent add-list-module  bottom-add-list-module ">
	<button class="btn btn-inline-link btn-save-to-list  dark is-btn-animated" 
	  data-login-url="/account/login?productCode=20839412004_EA" 
	  data-ajax-url="/restful/lists/all?productCode=20839412004_EA" 
	  data-user-guest="Y" 
	  data-user-guest="Y" data-product-code="20839412004_EA" 
	  data-delete-item="false"
	  aria-label="Add Barbecue Baby Back Ribs Chips to a List">
	  <span class="glyphicon glyphicon-th-list"></span>
	  <div class="list-cta-text  is-btn-animated">Add to List</div>
	</button>
	 
	<!-- this is the list HTML   -->
	<div class="save-to-list-popup  is-btn-animated animation-up dark" 
	  data-save-to-list-error="Can not get lists at this time. Please try again later."
	  data-product-name="Barbecue Baby Back Ribs Chips">
	  <div class="inner-container">
	  </div>
	  
	</div>
</div>

</div>
				</div>
			</div>


	<div class="module-plus-minus-buttons small hidden ">
			<button type="button" class="btn cart-change-qty" data-change-type="minus" data-auid="decrease-product-quantity" alt="Minus" aria-label="Minus">
				<span class="icon-minimize"></span>
			</button>
			<div class="plus-minus-input-wrapper">
				<input class="input-qty cart-change-qty" aria-label="Enter manual quantity" type="text" name="qty" title="Change quantity in cart"
							data-unit-type="ea"
							value="1ea" data-change-type="equals"
							maxlength="7">

						<span class="input-qty-pretty">
							<span class="input-qty-pretty-value">1</span>
							<span class="input-qty-pretty-unit"></span>
						</span>
					</div>

			<button type="button" class="btn cart-change-qty" data-change-type="plus" data-auid="increase-product-quantity" alt="Plus" aria-label="Plus">
				<span class="icon-plus-sign"></span>
			</button>

			<p class="deal-limit-reached hidden">Deal Limit Reached</p>

			<div class="tooltip-qty-error tooltip-qty-limit hidden">
				<p>
					Limit to
					&nbsp;
					999
					&nbsp;each&nbsp;
					per customer.</p>
			</div>
			<div class="tooltip-qty-error tooltip-round-error hidden">
				<p>
					We do not have this in the weight you wanted. We've rounded your order to the nearest weight increment we stock.</p>
			</div>
		</div>
	</form>

<!-- End Template: AddToCartSmall -->

</div>
</div>
<div class="item">
		









































	
	
		
		
		
		
			
		
	





























<div class="module-grocery-product quickview-simple  clicked" data-quickview-ajax-url="/p/20015224_EA/quickViewProduct" data-product-id="20015224_EA"  data-product-price="$14.48">
    
	
	
		<span class="subtitle"></span>
	

	<div class="product-page-hotspot">
	    <div class="product-cell quickview-button">
	  	    <div class="product-image ">
                
	  		    <img src="https://assets.shop.loblaws.ca/products/20015224/b1/en/front/20015224_front_a01.png" onerror="this.src='https://assets.shop.loblaws.ca/products/NoImage/b1/en/front/NoImage_front_a01_@2.png';" alt="Variety Pack" />
                
	  			    
	  	        
                
                    
                

	  		    

	  		    

	  		    

	  		    <div class="hover-text-container">
	  			    <button href="#" tabindex="0" class="hover-text " aria-label="Quick View for Variety Pack.">Quick View</button>
	  		    </div>
	  	    </div>
	    </div>

	    <div class="product-in-cart">
	  	    <div class="wrapper-product-in-cart">
	  		    <span>
	  			    In Cart
	  		    </span>
	  	    </div>
	    </div>

	    <div class="product-info">
	  	    <div class="product-name-wrapper">
	  		    <a href="/Food/Pantry/Chips-%26-Salty-Snacks/Pretzels-%26-Snack-Mixes/Variety-Pack/p/20015224_EA" class="product-name" aria-label="Product page for Variety Pack" >
	  			    <span class="js-product-entry-brand">Fritos&nbsp;</span>

	  			    

	  			    <span class="js-product-entry-name">Variety Pack</span>

	  			    <span class="js-product-entry-size-detail">(50x28g)</span>

	  		    </a>
	  	    </div>
	  	    
	  	    
	  		    
	  		    
	  			    



	
	
		
		<span class="ad-match-badge  hidden">Ad Match</span>
	

	  				
	  			        
	  					
	  				        
	  					
	  				
	  		    
	  	    

	  	    <div class="price">
			    <div class="price-wrapper no-discount  ">
				    <span class="reg-price  " aria-label="Regular Price: $14.48">
					    <span class="reg-price-text">$14.48</span>
					    
					    <sup class="reg-price-unit">ea</sup>
				    </span>
				    <span class="sale-price hidden" aria-label="Sale Price:">
					    <span class="sale-price-text"></span>
					    <sup class="sale-price-unit">ea</sup>
				    </span>
				    
				    <span class="secondary-price hidden">
					    
					    <span class="secondary-price-text" aria-label="Secondary Price:"></span>
				    </span>
			    </div>
	  	    </div>

	  	    <div class="qty">
	  		    <span class="reg-qty  ">
		
			
		  	
		  		<span class="sr-only">Sale Price Per Unit:</span>
        $1.03
        /
        100
        g
		  	
	  	
	</span>

	<span class="sale-qty hidden">
		
			
		  	
		  		<span class="sr-only">Sale Price Per Unit:</span>
        $1.03
        /
        100
        g
		  	
	  	
	</span>

	<span class="secondary-qty hidden">
		
	  	<span class="secondary-qty-text"></span>
	</span>
	  	    </div>
	    </div>


	    

	    
	</div>
	<form class="form-product  quickview-btn-simple"
	  data-product-id="20015224_EA"
	  data-min-qty="1.0"
	  data-max-qty="999.0"
	  data-unit-type="ea"
	  data-cart-qty="1"
	  data-default-qty="1"
	  novalidate="novalidate"
	  promoCode=""
	  promoNumber=""
	  data-is-customized="false"
	  data-cart-url="/cart/product/20015224_EA"
	  data-csrf-token="5582ec01-90c0-448b-b4f7-e2cf68d9f8a0"
	  data-is-weighted-product="false">

	<div class="module-add-to-cart " data-change-type="plus" data-auto-edit="true" data-auto-add="true"
		 data-cart-ajax-url="/cart/updateCart">
		<div class="wrapper-add-to-cart-btn">
					<div class="module-add-to-cart-button-small">
							<button type="button" class="btn btn-secondary btn-add-to-cart " data-auid="add-to-cart-button" data-has-pts-badge="false" aria-label="Add Variety Pack to cart">
										<span class="icon-cart"></span>
										<span class="add-to-cart-text">
											Add</span>
									</button>
									<button type="button" class="btn btn-secondary btn-edit-cart hidden " aria-label="Edit Cart">
										<span class="qty-in-cart"></span>
										<span class="edit-cart-text">
											<spring code="product.edit.text" />"
										</span>
									</button>
								<div class="add-list-parent add-list-module  bottom-add-list-module ">
	<button class="btn btn-inline-link btn-save-to-list  dark is-btn-animated" 
	  data-login-url="/account/login?productCode=20015224_EA" 
	  data-ajax-url="/restful/lists/all?productCode=20015224_EA" 
	  data-user-guest="Y" 
	  data-user-guest="Y" data-product-code="20015224_EA" 
	  data-delete-item="false"
	  aria-label="Add Variety Pack to a List">
	  <span class="glyphicon glyphicon-th-list"></span>
	  <div class="list-cta-text  is-btn-animated">Add to List</div>
	</button>
	 
	<!-- this is the list HTML   -->
	<div class="save-to-list-popup  is-btn-animated animation-up dark" 
	  data-save-to-list-error="Can not get lists at this time. Please try again later."
	  data-product-name="Variety Pack">
	  <div class="inner-container">
	  </div>
	  
	</div>
</div>

</div>
				</div>
			</div>


	<div class="module-plus-minus-buttons small hidden ">
			<button type="button" class="btn cart-change-qty" data-change-type="minus" data-auid="decrease-product-quantity" alt="Minus" aria-label="Minus">
				<span class="icon-minimize"></span>
			</button>
			<div class="plus-minus-input-wrapper">
				<input class="input-qty cart-change-qty" aria-label="Enter manual quantity" type="text" name="qty" title="Change quantity in cart"
							data-unit-type="ea"
							value="1ea" data-change-type="equals"
							maxlength="7">

						<span class="input-qty-pretty">
							<span class="input-qty-pretty-value">1</span>
							<span class="input-qty-pretty-unit"></span>
						</span>
					</div>

			<button type="button" class="btn cart-change-qty" data-change-type="plus" data-auid="increase-product-quantity" alt="Plus" aria-label="Plus">
				<span class="icon-plus-sign"></span>
			</button>

			<p class="deal-limit-reached hidden">Deal Limit Reached</p>

			<div class="tooltip-qty-error tooltip-qty-limit hidden">
				<p>
					Limit to
					&nbsp;
					999
					&nbsp;each&nbsp;
					per customer.</p>
			</div>
			<div class="tooltip-qty-error tooltip-round-error hidden">
				<p>
					We do not have this in the weight you wanted. We've rounded your order to the nearest weight increment we stock.</p>
			</div>
		</div>
	</form>

<!-- End Template: AddToCartSmall -->

</div>
</div>
<div class="item">
		









































	
	
		
		
		
		
			
		
	





























<div class="module-grocery-product quickview-simple  clicked" data-quickview-ajax-url="/p/21054930_EA/quickViewProduct" data-product-id="21054930_EA"  data-product-price="$4.48">
    
	
	
		<span class="subtitle"></span>
	

	<div class="product-page-hotspot">
	    <div class="product-cell quickview-button">
	  	    <div class="product-image ">
                
	  		    <img src="https://assets.shop.loblaws.ca/products/21054930/b1/en/front/21054930_front_a01.png" onerror="this.src='https://assets.shop.loblaws.ca/products/NoImage/b1/en/front/NoImage_front_a01_@2.png';" alt="Hickory Smoke Flavour Roasted Almonds" />
                
	  			    
	  	        
                
                    
                

	  		    

	  		    

	  		    

	  		    <div class="hover-text-container">
	  			    <button href="#" tabindex="0" class="hover-text " aria-label="Quick View for Hickory Smoke Flavour Roasted Almonds.">Quick View</button>
	  		    </div>
	  	    </div>
	    </div>

	    <div class="product-in-cart">
	  	    <div class="wrapper-product-in-cart">
	  		    <span>
	  			    In Cart
	  		    </span>
	  	    </div>
	    </div>

	    <div class="product-info">
	  	    <div class="product-name-wrapper">
	  		    <a href="/Food/Pantry/Chips-%26-Salty-Snacks/Pretzels-%26-Snack-Mixes/President%27s-Choice-Hickory-Smoke-Flavour-Roasted-Almonds/p/21054930_EA" class="product-name" aria-label="Product page for Hickory Smoke Flavour Roasted Almonds" >
	  			    <span class="js-product-entry-brand">President's Choice&nbsp;</span>

	  			    

	  			    <span class="js-product-entry-name">Hickory Smoke Flavour Roasted Almonds</span>

	  			    <span class="js-product-entry-size-detail">(200 g)</span>

	  		    </a>
	  	    </div>
	  	    
	  	    
	  		    
	  		    
	  			    



	
	
		
		<span class="ad-match-badge  hidden">Ad Match</span>
	

	  				
	  			        
	  					
	  				        
	  					
	  				
	  		    
	  	    

	  	    <div class="price">
			    <div class="price-wrapper no-discount  ">
				    <span class="reg-price  " aria-label="Regular Price: $4.48">
					    <span class="reg-price-text">$4.48</span>
					    
					    <sup class="reg-price-unit">ea</sup>
				    </span>
				    <span class="sale-price hidden" aria-label="Sale Price:">
					    <span class="sale-price-text"></span>
					    <sup class="sale-price-unit">ea</sup>
				    </span>
				    
				    <span class="secondary-price hidden">
					    
					    <span class="secondary-price-text" aria-label="Secondary Price:"></span>
				    </span>
			    </div>
	  	    </div>

	  	    <div class="qty">
	  		    <span class="reg-qty  ">
		
			
		  	
		  		<span class="sr-only">Sale Price Per Unit:</span>
        $2.24
        /
        100
        g
		  	
	  	
	</span>

	<span class="sale-qty hidden">
		
			
		  	
		  		<span class="sr-only">Sale Price Per Unit:</span>
        $2.24
        /
        100
        g
		  	
	  	
	</span>

	<span class="secondary-qty hidden">
		
	  	<span class="secondary-qty-text"></span>
	</span>
	  	    </div>
	    </div>


	    

	    
	</div>
	<form class="form-product  quickview-btn-simple"
	  data-product-id="21054930_EA"
	  data-min-qty="1.0"
	  data-max-qty="999.0"
	  data-unit-type="ea"
	  data-cart-qty="1"
	  data-default-qty="1"
	  novalidate="novalidate"
	  promoCode=""
	  promoNumber=""
	  data-is-customized="false"
	  data-cart-url="/cart/product/21054930_EA"
	  data-csrf-token="5582ec01-90c0-448b-b4f7-e2cf68d9f8a0"
	  data-is-weighted-product="false">

	<div class="module-add-to-cart " data-change-type="plus" data-auto-edit="true" data-auto-add="true"
		 data-cart-ajax-url="/cart/updateCart">
		<div class="wrapper-add-to-cart-btn">
					<div class="module-add-to-cart-button-small">
							<button type="button" class="btn btn-secondary btn-add-to-cart " data-auid="add-to-cart-button" data-has-pts-badge="false" aria-label="Add Hickory Smoke Flavour Roasted Almonds to cart">
										<span class="icon-cart"></span>
										<span class="add-to-cart-text">
											Add</span>
									</button>
									<button type="button" class="btn btn-secondary btn-edit-cart hidden " aria-label="Edit Cart">
										<span class="qty-in-cart"></span>
										<span class="edit-cart-text">
											<spring code="product.edit.text" />"
										</span>
									</button>
								<div class="add-list-parent add-list-module  bottom-add-list-module ">
	<button class="btn btn-inline-link btn-save-to-list  dark is-btn-animated" 
	  data-login-url="/account/login?productCode=21054930_EA" 
	  data-ajax-url="/restful/lists/all?productCode=21054930_EA" 
	  data-user-guest="Y" 
	  data-user-guest="Y" data-product-code="21054930_EA" 
	  data-delete-item="false"
	  aria-label="Add Hickory Smoke Flavour Roasted Almonds to a List">
	  <span class="glyphicon glyphicon-th-list"></span>
	  <div class="list-cta-text  is-btn-animated">Add to List</div>
	</button>
	 
	<!-- this is the list HTML   -->
	<div class="save-to-list-popup  is-btn-animated animation-up dark" 
	  data-save-to-list-error="Can not get lists at this time. Please try again later."
	  data-product-name="Hickory Smoke Flavour Roasted Almonds">
	  <div class="inner-container">
	  </div>
	  
	</div>
</div>

</div>
				</div>
			</div>


	<div class="module-plus-minus-buttons small hidden ">
			<button type="button" class="btn cart-change-qty" data-change-type="minus" data-auid="decrease-product-quantity" alt="Minus" aria-label="Minus">
				<span class="icon-minimize"></span>
			</button>
			<div class="plus-minus-input-wrapper">
				<input class="input-qty cart-change-qty" aria-label="Enter manual quantity" type="text" name="qty" title="Change quantity in cart"
							data-unit-type="ea"
							value="1ea" data-change-type="equals"
							maxlength="7">

						<span class="input-qty-pretty">
							<span class="input-qty-pretty-value">1</span>
							<span class="input-qty-pretty-unit"></span>
						</span>
					</div>

			<button type="button" class="btn cart-change-qty" data-change-type="plus" data-auid="increase-product-quantity" alt="Plus" aria-label="Plus">
				<span class="icon-plus-sign"></span>
			</button>

			<p class="deal-limit-reached hidden">Deal Limit Reached</p>

			<div class="tooltip-qty-error tooltip-qty-limit hidden">
				<p>
					Limit to
					&nbsp;
					999
					&nbsp;each&nbsp;
					per customer.</p>
			</div>
			<div class="tooltip-qty-error tooltip-round-error hidden">
				<p>
					We do not have this in the weight you wanted. We've rounded your order to the nearest weight increment we stock.</p>
			</div>
		</div>
	</form>

<!-- End Template: AddToCartSmall -->

</div>
</div>
<div class="item">
		






































	




	
	
		
		
		
		
			
		
	





























<div class="module-grocery-product quickview-simple  clicked" data-quickview-ajax-url="/p/21014195_EA/quickViewProduct" data-product-id="21014195_EA"  data-product-price="$3.98">
    
	
	
		<span class="subtitle"></span>
	

	<div class="product-page-hotspot">
	    <div class="product-cell quickview-button">
	  	    <div class="product-image ">
                
	  		    <img src="https://assets.shop.loblaws.ca/products/21014195/b1/en/front/21014195_front_a01.png" onerror="this.src='https://assets.shop.loblaws.ca/products/NoImage/b1/en/front/NoImage_front_a01_@2.png';" alt="Healthy Pop Butter Flavour Microwave Pop Corn" />
                
	  			    
	  			        <span class="sticker deal">
	  				        <span class="deal-badge">
	  				            
	  			                
	  				            

	  				            <span class="module-deal-badge module-deal-badge-grid simple-save-unit "
	  						        data-deal-type="$3.98 LIMIT 4"
	  						        data-ajax-promo-url="/simpleDeal/deals/product-tile?productCode=21014195_EA"
	  						        data-deal-id="21014195_EA">
	  						        <span class="deal-type">$3.98 LIMIT 4</span>
	  						            








	<span class="deal-expiry">
		Exp. 12/27
	</span>

	  					                
	  				            </span>
	  			            </span>
	  		            </span>
	  			        
	  	            
	  	        
                
                    
                

	  		    

	  		    

	  		    

	  		    <div class="hover-text-container">
	  			    <button href="#" tabindex="0" class="hover-text " aria-label="Quick View for Healthy Pop Butter Flavour Microwave Pop Corn.">Quick View</button>
	  		    </div>
	  	    </div>
	    </div>

	    <div class="product-in-cart">
	  	    <div class="wrapper-product-in-cart">
	  		    <span>
	  			    In Cart
	  		    </span>
	  	    </div>
	    </div>

	    <div class="product-info">
	  	    <div class="product-name-wrapper">
	  		    <a href="/Food/Pantry/Chips-%26-Salty-Snacks/Potato-Chips/Jolly-Time-Healthy-Pop-Butter-Flavour-Microwave-Pop-Corn/p/21014195_EA" class="product-name" aria-label="Product page for Healthy Pop Butter Flavour Microwave Pop Corn" >
	  			    

	  			    

	  			    <span class="js-product-entry-name">Healthy Pop Butter Flavour Microwave Pop Corn</span>

	  			    <span class="js-product-entry-size-detail">(510 g)</span>

	  		    </a>
	  	    </div>
	  	    
	  	    
	  		    
	  		    
	  			    



	
	
		
		<span class="ad-match-badge  hidden">Ad Match</span>
	

	  				
	  			        
	  					
	  				        
	  					
	  				
	  		    
	  	    

	  	    <div class="price">
			    <div class="price-wrapper no-discount promo-alert ">
				    <span class="reg-price  price-alert" aria-label="Regular Price: $3.98">
					    <span class="reg-price-text">$3.98</span>
					    
					    <sup class="reg-price-unit">ea</sup>
				    </span>
				    <span class="sale-price hidden" aria-label="Sale Price:">
					    <span class="sale-price-text"></span>
					    <sup class="sale-price-unit">ea</sup>
				    </span>
				    
				    <span class="secondary-price hidden">
					    
					    <span class="secondary-price-text" aria-label="Secondary Price:"></span>
				    </span>
			    </div>
	  	    </div>

	  	    <div class="qty">
	  		    <span class="reg-qty  price-alert">
		
			
		  	
		  		<span class="sr-only">Sale Price Per Unit:</span>
        $0.78
        /
        100
        g
		  	
	  	
	</span>

	<span class="sale-qty hidden">
		
			
		  	
		  		<span class="sr-only">Sale Price Per Unit:</span>
        $0.78
        /
        100
        g
		  	
	  	
	</span>

	<span class="secondary-qty hidden">
		
	  	<span class="secondary-qty-text"></span>
	</span>
	  	    </div>
	    </div>


	    

	    
	</div>
	<form class="form-product  quickview-btn-simple"
	  data-product-id="21014195_EA"
	  data-min-qty="1.0"
	  data-max-qty="999.0"
	  data-unit-type="ea"
	  data-cart-qty="1"
	  data-default-qty="1"
	  novalidate="novalidate"
	  promoCode=""
	  promoNumber=""
	  data-is-customized="false"
	  data-cart-url="/cart/product/21014195_EA"
	  data-csrf-token="5582ec01-90c0-448b-b4f7-e2cf68d9f8a0"
	  data-is-weighted-product="false">

	<div class="module-add-to-cart " data-change-type="plus" data-auto-edit="true" data-auto-add="true"
		 data-cart-ajax-url="/cart/updateCart">
		<div class="wrapper-add-to-cart-btn">
					<div class="module-add-to-cart-button-small">
							<button type="button" class="btn btn-secondary btn-add-to-cart " data-auid="add-to-cart-button" data-has-pts-badge="false" aria-label="Add Healthy Pop Butter Flavour Microwave Pop Corn to cart">
										<span class="icon-cart"></span>
										<span class="add-to-cart-text">
											Add</span>
									</button>
									<button type="button" class="btn btn-secondary btn-edit-cart hidden " aria-label="Edit Cart">
										<span class="qty-in-cart"></span>
										<span class="edit-cart-text">
											<spring code="product.edit.text" />"
										</span>
									</button>
								<div class="add-list-parent add-list-module  bottom-add-list-module ">
	<button class="btn btn-inline-link btn-save-to-list  dark is-btn-animated" 
	  data-login-url="/account/login?productCode=21014195_EA" 
	  data-ajax-url="/restful/lists/all?productCode=21014195_EA" 
	  data-user-guest="Y" 
	  data-user-guest="Y" data-product-code="21014195_EA" 
	  data-delete-item="false"
	  aria-label="Add Healthy Pop Butter Flavour Microwave Pop Corn to a List">
	  <span class="glyphicon glyphicon-th-list"></span>
	  <div class="list-cta-text  is-btn-animated">Add to List</div>
	</button>
	 
	<!-- this is the list HTML   -->
	<div class="save-to-list-popup  is-btn-animated animation-up dark" 
	  data-save-to-list-error="Can not get lists at this time. Please try again later."
	  data-product-name="Healthy Pop Butter Flavour Microwave Pop Corn">
	  <div class="inner-container">
	  </div>
	  
	</div>
</div>

</div>
				</div>
			</div>


	<div class="module-plus-minus-buttons small hidden ">
			<button type="button" class="btn cart-change-qty" data-change-type="minus" data-auid="decrease-product-quantity" alt="Minus" aria-label="Minus">
				<span class="icon-minimize"></span>
			</button>
			<div class="plus-minus-input-wrapper">
				<input class="input-qty cart-change-qty" aria-label="Enter manual quantity" type="text" name="qty" title="Change quantity in cart"
							data-unit-type="ea"
							value="1ea" data-change-type="equals"
							maxlength="7">

						<span class="input-qty-pretty">
							<span class="input-qty-pretty-value">1</span>
							<span class="input-qty-pretty-unit"></span>
						</span>
					</div>

			<button type="button" class="btn cart-change-qty" data-change-type="plus" data-auid="increase-product-quantity" alt="Plus" aria-label="Plus">
				<span class="icon-plus-sign"></span>
			</button>

			<p class="deal-limit-reached hidden">Deal Limit Reached</p>

			<div class="tooltip-qty-error tooltip-qty-limit hidden">
				<p>
					Limit to
					&nbsp;
					999
					&nbsp;each&nbsp;
					per customer.</p>
			</div>
			<div class="tooltip-qty-error tooltip-round-error hidden">
				<p>
					We do not have this in the weight you wanted. We've rounded your order to the nearest weight increment we stock.</p>
			</div>
		</div>
	</form>

<!-- End Template: AddToCartSmall -->

</div>
</div>
<div class="item">
		









































	
	
		
		
		
		
			
		
	





























<div class="module-grocery-product quickview-simple  clicked" data-quickview-ajax-url="/p/20915557_EA/quickViewProduct" data-product-id="20915557_EA"  data-product-price="$8.88">
    
	
	
		<span class="subtitle"></span>
	

	<div class="product-page-hotspot">
	    <div class="product-cell quickview-button">
	  	    <div class="product-image ">
                
	  		    <img src="https://assets.shop.loblaws.ca/products/20915557/b1/en/front/20915557_front_a01.png" onerror="this.src='https://assets.shop.loblaws.ca/products/NoImage/b1/en/front/NoImage_front_a01_@2.png';" alt="Cheezies" />
                
	  			    
	  	        
                
                    
                

	  		    

	  		    

	  		    

	  		    <div class="hover-text-container">
	  			    <button href="#" tabindex="0" class="hover-text " aria-label="Quick View for Cheezies.">Quick View</button>
	  		    </div>
	  	    </div>
	    </div>

	    <div class="product-in-cart">
	  	    <div class="wrapper-product-in-cart">
	  		    <span>
	  			    In Cart
	  		    </span>
	  	    </div>
	    </div>

	    <div class="product-info">
	  	    <div class="product-name-wrapper">
	  		    <a href="/Food/Pantry/Chips-%26-Salty-Snacks/Potato-Chips/Hawkins-Cheezies/p/20915557_EA" class="product-name" aria-label="Product page for Cheezies" >
	  			    <span class="js-product-entry-brand">Hawkins&nbsp;</span>

	  			    

	  			    <span class="js-product-entry-name">Cheezies</span>

	  			    <span class="js-product-entry-size-detail">(1120 g)</span>

	  		    </a>
	  	    </div>
	  	    
	  	    
	  		    
	  		    
	  			    



	
	
		
		<span class="ad-match-badge  hidden">Ad Match</span>
	

	  				
	  			        
	  					
	  				        
	  					
	  				
	  		    
	  	    

	  	    <div class="price">
			    <div class="price-wrapper no-discount  ">
				    <span class="reg-price  " aria-label="Regular Price: $8.88">
					    <span class="reg-price-text">$8.88</span>
					    
					    <sup class="reg-price-unit">ea</sup>
				    </span>
				    <span class="sale-price hidden" aria-label="Sale Price:">
					    <span class="sale-price-text"></span>
					    <sup class="sale-price-unit">ea</sup>
				    </span>
				    
				    <span class="secondary-price hidden">
					    
					    <span class="secondary-price-text" aria-label="Secondary Price:"></span>
				    </span>
			    </div>
	  	    </div>

	  	    <div class="qty">
	  		    <span class="reg-qty  ">
		
			
		  	
		  		<span class="sr-only">Sale Price Per Unit:</span>
        $0.79
        /
        100
        g
		  	
	  	
	</span>

	<span class="sale-qty hidden">
		
			
		  	
		  		<span class="sr-only">Sale Price Per Unit:</span>
        $0.79
        /
        100
        g
		  	
	  	
	</span>

	<span class="secondary-qty hidden">
		
	  	<span class="secondary-qty-text"></span>
	</span>
	  	    </div>
	    </div>


	    

	    
	</div>
	<form class="form-product  quickview-btn-simple"
	  data-product-id="20915557_EA"
	  data-min-qty="1.0"
	  data-max-qty="999.0"
	  data-unit-type="ea"
	  data-cart-qty="1"
	  data-default-qty="1"
	  novalidate="novalidate"
	  promoCode=""
	  promoNumber=""
	  data-is-customized="false"
	  data-cart-url="/cart/product/20915557_EA"
	  data-csrf-token="5582ec01-90c0-448b-b4f7-e2cf68d9f8a0"
	  data-is-weighted-product="false">

	<div class="module-add-to-cart " data-change-type="plus" data-auto-edit="true" data-auto-add="true"
		 data-cart-ajax-url="/cart/updateCart">
		<div class="wrapper-add-to-cart-btn">
					<div class="module-add-to-cart-button-small">
							<button type="button" class="btn btn-secondary btn-add-to-cart " data-auid="add-to-cart-button" data-has-pts-badge="false" aria-label="Add Cheezies to cart">
										<span class="icon-cart"></span>
										<span class="add-to-cart-text">
											Add</span>
									</button>
									<button type="button" class="btn btn-secondary btn-edit-cart hidden " aria-label="Edit Cart">
										<span class="qty-in-cart"></span>
										<span class="edit-cart-text">
											<spring code="product.edit.text" />"
										</span>
									</button>
								<div class="add-list-parent add-list-module  bottom-add-list-module ">
	<button class="btn btn-inline-link btn-save-to-list  dark is-btn-animated" 
	  data-login-url="/account/login?productCode=20915557_EA" 
	  data-ajax-url="/restful/lists/all?productCode=20915557_EA" 
	  data-user-guest="Y" 
	  data-user-guest="Y" data-product-code="20915557_EA" 
	  data-delete-item="false"
	  aria-label="Add Cheezies to a List">
	  <span class="glyphicon glyphicon-th-list"></span>
	  <div class="list-cta-text  is-btn-animated">Add to List</div>
	</button>
	 
	<!-- this is the list HTML   -->
	<div class="save-to-list-popup  is-btn-animated animation-up dark" 
	  data-save-to-list-error="Can not get lists at this time. Please try again later."
	  data-product-name="Cheezies">
	  <div class="inner-container">
	  </div>
	  
	</div>
</div>

</div>
				</div>
			</div>


	<div class="module-plus-minus-buttons small hidden ">
			<button type="button" class="btn cart-change-qty" data-change-type="minus" data-auid="decrease-product-quantity" alt="Minus" aria-label="Minus">
				<span class="icon-minimize"></span>
			</button>
			<div class="plus-minus-input-wrapper">
				<input class="input-qty cart-change-qty" aria-label="Enter manual quantity" type="text" name="qty" title="Change quantity in cart"
							data-unit-type="ea"
							value="1ea" data-change-type="equals"
							maxlength="7">

						<span class="input-qty-pretty">
							<span class="input-qty-pretty-value">1</span>
							<span class="input-qty-pretty-unit"></span>
						</span>
					</div>

			<button type="button" class="btn cart-change-qty" data-change-type="plus" data-auid="increase-product-quantity" alt="Plus" aria-label="Plus">
				<span class="icon-plus-sign"></span>
			</button>

			<p class="deal-limit-reached hidden">Deal Limit Reached</p>

			<div class="tooltip-qty-error tooltip-qty-limit hidden">
				<p>
					Limit to
					&nbsp;
					999
					&nbsp;each&nbsp;
					per customer.</p>
			</div>
			<div class="tooltip-qty-error tooltip-round-error hidden">
				<p>
					We do not have this in the weight you wanted. We've rounded your order to the nearest weight increment we stock.</p>
			</div>
		</div>
	</form>

<!-- End Template: AddToCartSmall -->

</div>
</div>
<div class="item">
		









































	
	
		
		
		
		
			
		
	





























<div class="module-grocery-product quickview-simple  clicked" data-quickview-ajax-url="/p/20599687_EA/quickViewProduct" data-product-id="20599687_EA"  data-product-price="$6.98">
    
	
	
		<span class="subtitle"></span>
	

	<div class="product-page-hotspot">
	    <div class="product-cell quickview-button">
	  	    <div class="product-image ">
                
	  		    <img src="https://assets.shop.loblaws.ca/products/20599687/b1/en/front/20599687_front_a01.png" onerror="this.src='https://assets.shop.loblaws.ca/products/NoImage/b1/en/front/NoImage_front_a01_@2.png';" alt="Lay's Potato Chips, 4 Flavour 18 bag - Variety pack" />
                
	  			    
	  	        
                
                    
                

	  		    

	  		    

	  		    

	  		    <div class="hover-text-container">
	  			    <button href="#" tabindex="0" class="hover-text " aria-label="Quick View for Lay's Potato Chips, 4 Flavour 18 bag - Variety pack.">Quick View</button>
	  		    </div>
	  	    </div>
	    </div>

	    <div class="product-in-cart">
	  	    <div class="wrapper-product-in-cart">
	  		    <span>
	  			    In Cart
	  		    </span>
	  	    </div>
	    </div>

	    <div class="product-info">
	  	    <div class="product-name-wrapper">
	  		    <a href="/Food/Pantry/Chips-%26-Salty-Snacks/Potato-Chips/Lay%27s-Potato-Chips%2C-4-Flavour-18-bag---Variety-pack/p/20599687_EA" class="product-name" aria-label="Product page for Lay's Potato Chips, 4 Flavour 18 bag - Variety pack" >
	  			    <span class="js-product-entry-brand">Fritos&nbsp;</span>

	  			    

	  			    <span class="js-product-entry-name">Lay's Potato Chips, 4 Flavour 18 bag - Variety pack</span>

	  			    <span class="js-product-entry-size-detail">(504 g)</span>

	  		    </a>
	  	    </div>
	  	    
	  	    
	  		    
	  		    
	  			    



	
	
		
		<span class="ad-match-badge  hidden">Ad Match</span>
	

	  				
	  			        
	  					
	  				        
	  					
	  				
	  		    
	  	    

	  	    <div class="price">
			    <div class="price-wrapper no-discount  ">
				    <span class="reg-price  " aria-label="Regular Price: $6.98">
					    <span class="reg-price-text">$6.98</span>
					    
					    <sup class="reg-price-unit">ea</sup>
				    </span>
				    <span class="sale-price hidden" aria-label="Sale Price:">
					    <span class="sale-price-text"></span>
					    <sup class="sale-price-unit">ea</sup>
				    </span>
				    
				    <span class="secondary-price hidden">
					    
					    <span class="secondary-price-text" aria-label="Secondary Price:"></span>
				    </span>
			    </div>
	  	    </div>

	  	    <div class="qty">
	  		    <span class="reg-qty  ">
		
			
		  	
		  		<span class="sr-only">Sale Price Per Unit:</span>
        $1.38
        /
        100
        g
		  	
	  	
	</span>

	<span class="sale-qty hidden">
		
			
		  	
		  		<span class="sr-only">Sale Price Per Unit:</span>
        $1.38
        /
        100
        g
		  	
	  	
	</span>

	<span class="secondary-qty hidden">
		
	  	<span class="secondary-qty-text"></span>
	</span>
	  	    </div>
	    </div>


	    

	    
	</div>
	<form class="form-product  quickview-btn-simple"
	  data-product-id="20599687_EA"
	  data-min-qty="1.0"
	  data-max-qty="999.0"
	  data-unit-type="ea"
	  data-cart-qty="1"
	  data-default-qty="1"
	  novalidate="novalidate"
	  promoCode=""
	  promoNumber=""
	  data-is-customized="false"
	  data-cart-url="/cart/product/20599687_EA"
	  data-csrf-token="5582ec01-90c0-448b-b4f7-e2cf68d9f8a0"
	  data-is-weighted-product="false">

	<div class="module-add-to-cart " data-change-type="plus" data-auto-edit="true" data-auto-add="true"
		 data-cart-ajax-url="/cart/updateCart">
		<div class="wrapper-add-to-cart-btn">
					<div class="module-add-to-cart-button-small">
							<button type="button" class="btn btn-secondary btn-add-to-cart " data-auid="add-to-cart-button" data-has-pts-badge="false" aria-label="Add Lay's Potato Chips, 4 Flavour 18 bag - Variety pack to cart">
										<span class="icon-cart"></span>
										<span class="add-to-cart-text">
											Add</span>
									</button>
									<button type="button" class="btn btn-secondary btn-edit-cart hidden " aria-label="Edit Cart">
										<span class="qty-in-cart"></span>
										<span class="edit-cart-text">
											<spring code="product.edit.text" />"
										</span>
									</button>
								<div class="add-list-parent add-list-module  bottom-add-list-module ">
	<button class="btn btn-inline-link btn-save-to-list  dark is-btn-animated" 
	  data-login-url="/account/login?productCode=20599687_EA" 
	  data-ajax-url="/restful/lists/all?productCode=20599687_EA" 
	  data-user-guest="Y" 
	  data-user-guest="Y" data-product-code="20599687_EA" 
	  data-delete-item="false"
	  aria-label="Add Lay's Potato Chips, 4 Flavour 18 bag - Variety pack to a List">
	  <span class="glyphicon glyphicon-th-list"></span>
	  <div class="list-cta-text  is-btn-animated">Add to List</div>
	</button>
	 
	<!-- this is the list HTML   -->
	<div class="save-to-list-popup  is-btn-animated animation-up dark" 
	  data-save-to-list-error="Can not get lists at this time. Please try again later."
	  data-product-name="Lay's Potato Chips, 4 Flavour 18 bag - Variety pack">
	  <div class="inner-container">
	  </div>
	  
	</div>
</div>

</div>
				</div>
			</div>


	<div class="module-plus-minus-buttons small hidden ">
			<button type="button" class="btn cart-change-qty" data-change-type="minus" data-auid="decrease-product-quantity" alt="Minus" aria-label="Minus">
				<span class="icon-minimize"></span>
			</button>
			<div class="plus-minus-input-wrapper">
				<input class="input-qty cart-change-qty" aria-label="Enter manual quantity" type="text" name="qty" title="Change quantity in cart"
							data-unit-type="ea"
							value="1ea" data-change-type="equals"
							maxlength="7">

						<span class="input-qty-pretty">
							<span class="input-qty-pretty-value">1</span>
							<span class="input-qty-pretty-unit"></span>
						</span>
					</div>

			<button type="button" class="btn cart-change-qty" data-change-type="plus" data-auid="increase-product-quantity" alt="Plus" aria-label="Plus">
				<span class="icon-plus-sign"></span>
			</button>

			<p class="deal-limit-reached hidden">Deal Limit Reached</p>

			<div class="tooltip-qty-error tooltip-qty-limit hidden">
				<p>
					Limit to
					&nbsp;
					999
					&nbsp;each&nbsp;
					per customer.</p>
			</div>
			<div class="tooltip-qty-error tooltip-round-error hidden">
				<p>
					We do not have this in the weight you wanted. We've rounded your order to the nearest weight increment we stock.</p>
			</div>
		</div>
	</form>

<!-- End Template: AddToCartSmall -->

</div>
</div>
<div class="item">
		






































	




	
	
		
		
		
		
			
		
	





























<div class="module-grocery-product quickview-simple  clicked" data-quickview-ajax-url="/p/20140411001_EA/quickViewProduct" data-product-id="20140411001_EA"  data-product-price="$3.98">
    
	
	
		<span class="subtitle"></span>
	

	<div class="product-page-hotspot">
	    <div class="product-cell quickview-button">
	  	    <div class="product-image ">
                
	  		    <img src="https://assets.shop.loblaws.ca/products/20140411001/b1/en/front/20140411001_front_a01.png" onerror="this.src='https://assets.shop.loblaws.ca/products/NoImage/b1/en/front/NoImage_front_a01_@2.png';" alt="Vegetable Chips, Original" />
                
	  			    
	  			        <span class="sticker deal">
	  				        <span class="deal-badge">
	  				            
	  			                
	  				            

	  				            <span class="module-deal-badge module-deal-badge-grid simple-save-unit "
	  						        data-deal-type="$3.98 LIMIT 4"
	  						        data-ajax-promo-url="/simpleDeal/deals/product-tile?productCode=20140411001_EA"
	  						        data-deal-id="20140411001_EA">
	  						        <span class="deal-type">$3.98 LIMIT 4</span>
	  						            








	<span class="deal-expiry">
		Exp. 12/27
	</span>

	  					                
	  				            </span>
	  			            </span>
	  		            </span>
	  			        
	  	            
	  	        
                
                    
                

	  		    

	  		    

	  		    

	  		    <div class="hover-text-container">
	  			    <button href="#" tabindex="0" class="hover-text " aria-label="Quick View for Vegetable Chips, Original.">Quick View</button>
	  		    </div>
	  	    </div>
	    </div>

	    <div class="product-in-cart">
	  	    <div class="wrapper-product-in-cart">
	  		    <span>
	  			    In Cart
	  		    </span>
	  	    </div>
	    </div>

	    <div class="product-info">
	  	    <div class="product-name-wrapper">
	  		    <a href="/Food/Pantry/Chips-%26-Salty-Snacks/Potato-Chips/Vegetable-Chips%2C-Original/p/20140411001_EA" class="product-name" aria-label="Product page for Vegetable Chips, Original" >
	  			    <span class="js-product-entry-brand">Terra&nbsp;</span>

	  			    

	  			    <span class="js-product-entry-name">Vegetable Chips, Original</span>

	  			    <span class="js-product-entry-size-detail">(170 g)</span>

	  		    </a>
	  	    </div>
	  	    
	  	    
	  		    
	  		    
	  			    



	
	
		
		<span class="ad-match-badge  hidden">Ad Match</span>
	

	  				
	  			        
	  					
	  				        
	  					
	  				
	  		    
	  	    

	  	    <div class="price">
			    <div class="price-wrapper no-discount promo-alert ">
				    <span class="reg-price  price-alert" aria-label="Regular Price: $3.98">
					    <span class="reg-price-text">$3.98</span>
					    
					    <sup class="reg-price-unit">ea</sup>
				    </span>
				    <span class="sale-price hidden" aria-label="Sale Price:">
					    <span class="sale-price-text"></span>
					    <sup class="sale-price-unit">ea</sup>
				    </span>
				    
				    <span class="secondary-price hidden">
					    
					    <span class="secondary-price-text" aria-label="Secondary Price:"></span>
				    </span>
			    </div>
	  	    </div>

	  	    <div class="qty">
	  		    <span class="reg-qty  price-alert">
		
			
		  	
		  		<span class="sr-only">Sale Price Per Unit:</span>
        $2.34
        /
        100
        g
		  	
	  	
	</span>

	<span class="sale-qty hidden">
		
			
		  	
		  		<span class="sr-only">Sale Price Per Unit:</span>
        $2.34
        /
        100
        g
		  	
	  	
	</span>

	<span class="secondary-qty hidden">
		
	  	<span class="secondary-qty-text"></span>
	</span>
	  	    </div>
	    </div>


	    

	    
	</div>
	<form class="form-product  quickview-btn-simple"
	  data-product-id="20140411001_EA"
	  data-min-qty="1.0"
	  data-max-qty="999.0"
	  data-unit-type="ea"
	  data-cart-qty="1"
	  data-default-qty="1"
	  novalidate="novalidate"
	  promoCode=""
	  promoNumber=""
	  data-is-customized="false"
	  data-cart-url="/cart/product/20140411001_EA"
	  data-csrf-token="5582ec01-90c0-448b-b4f7-e2cf68d9f8a0"
	  data-is-weighted-product="false">

	<div class="module-add-to-cart " data-change-type="plus" data-auto-edit="true" data-auto-add="true"
		 data-cart-ajax-url="/cart/updateCart">
		<div class="wrapper-add-to-cart-btn">
					<div class="module-add-to-cart-button-small">
							<button type="button" class="btn btn-secondary btn-add-to-cart " data-auid="add-to-cart-button" data-has-pts-badge="false" aria-label="Add Vegetable Chips, Original to cart">
										<span class="icon-cart"></span>
										<span class="add-to-cart-text">
											Add</span>
									</button>
									<button type="button" class="btn btn-secondary btn-edit-cart hidden " aria-label="Edit Cart">
										<span class="qty-in-cart"></span>
										<span class="edit-cart-text">
											<spring code="product.edit.text" />"
										</span>
									</button>
								<div class="add-list-parent add-list-module  bottom-add-list-module ">
	<button class="btn btn-inline-link btn-save-to-list  dark is-btn-animated" 
	  data-login-url="/account/login?productCode=20140411001_EA" 
	  data-ajax-url="/restful/lists/all?productCode=20140411001_EA" 
	  data-user-guest="Y" 
	  data-user-guest="Y" data-product-code="20140411001_EA" 
	  data-delete-item="false"
	  aria-label="Add Vegetable Chips, Original to a List">
	  <span class="glyphicon glyphicon-th-list"></span>
	  <div class="list-cta-text  is-btn-animated">Add to List</div>
	</button>
	 
	<!-- this is the list HTML   -->
	<div class="save-to-list-popup  is-btn-animated animation-up dark" 
	  data-save-to-list-error="Can not get lists at this time. Please try again later."
	  data-product-name="Vegetable Chips, Original">
	  <div class="inner-container">
	  </div>
	  
	</div>
</div>

</div>
				</div>
			</div>


	<div class="module-plus-minus-buttons small hidden ">
			<button type="button" class="btn cart-change-qty" data-change-type="minus" data-auid="decrease-product-quantity" alt="Minus" aria-label="Minus">
				<span class="icon-minimize"></span>
			</button>
			<div class="plus-minus-input-wrapper">
				<input class="input-qty cart-change-qty" aria-label="Enter manual quantity" type="text" name="qty" title="Change quantity in cart"
							data-unit-type="ea"
							value="1ea" data-change-type="equals"
							maxlength="7">

						<span class="input-qty-pretty">
							<span class="input-qty-pretty-value">1</span>
							<span class="input-qty-pretty-unit"></span>
						</span>
					</div>

			<button type="button" class="btn cart-change-qty" data-change-type="plus" data-auid="increase-product-quantity" alt="Plus" aria-label="Plus">
				<span class="icon-plus-sign"></span>
			</button>

			<p class="deal-limit-reached hidden">Deal Limit Reached</p>

			<div class="tooltip-qty-error tooltip-qty-limit hidden">
				<p>
					Limit to
					&nbsp;
					999
					&nbsp;each&nbsp;
					per customer.</p>
			</div>
			<div class="tooltip-qty-error tooltip-round-error hidden">
				<p>
					We do not have this in the weight you wanted. We've rounded your order to the nearest weight increment we stock.</p>
			</div>
		</div>
	</form>

<!-- End Template: AddToCartSmall -->

</div>
</div>
<div class="item">
		






































	


	



	
	
		
		
		
		
			
		
	





























<div class="module-grocery-product quickview-simple  clicked" data-quickview-ajax-url="/p/20840911001_EA/quickViewProduct" data-product-id="20840911001_EA"  data-product-price="$1.68">
    
	
	
		<span class="subtitle">New</span>
	

	<div class="product-page-hotspot">
	    <div class="product-cell quickview-button">
	  	    <div class="product-image ">
                
	  		    <img src="https://assets.shop.loblaws.ca/products/20840911001/b1/en/front/20840911001_front_a01.png" onerror="this.src='https://assets.shop.loblaws.ca/products/NoImage/b1/en/front/NoImage_front_a01_@2.png';" alt="Loads Of Ketchup Flavour Rippled Potato Chips" />
                
	  			    
	  			        <span class="sticker deal">
	  				        <span class="deal-badge">
	  				            
	  			                
	  				            

	  				            <span class="module-deal-badge module-deal-badge-grid simple-save-unit "
	  						        data-deal-type="SAVE $0.20"
	  						        data-ajax-promo-url="/simpleDeal/deals/product-tile?productCode=20840911001_EA"
	  						        data-deal-id="20840911001_EA">
	  						        <span class="deal-type">SAVE $0.20</span>
	  						            








	<span class="deal-expiry">
		Exp. 01/03
	</span>

	  					                
	  				            </span>
	  			            </span>
	  		            </span>
	  			        
	  	            
	  	        
                
                    
                

	  		    

	  		    

	  		    

	  		    <div class="hover-text-container">
	  			    <button href="#" tabindex="0" class="hover-text " aria-label="Quick View for Loads Of Ketchup Flavour Rippled Potato Chips.">Quick View</button>
	  		    </div>
	  	    </div>
	    </div>

	    <div class="product-in-cart">
	  	    <div class="wrapper-product-in-cart">
	  		    <span>
	  			    In Cart
	  		    </span>
	  	    </div>
	    </div>

	    <div class="product-info">
	  	    <div class="product-name-wrapper">
	  		    <a href="/Food/Pantry/Chips-%26-Salty-Snacks/Potato-Chips/President%27s-Choice-Loads-Of-Ketchup-Flavour-Rippled-Potato-Chips/p/20840911001_EA" class="product-name" aria-label="Product page for Loads Of Ketchup Flavour Rippled Potato Chips" >
	  			    <span class="js-product-entry-brand">President's Choice&nbsp;</span>

	  			    

	  			    <span class="js-product-entry-name">Loads Of Ketchup Flavour Rippled Potato Chips</span>

	  			    <span class="js-product-entry-size-detail">(200 g)</span>

	  		    </a>
	  	    </div>
	  	    
	  	    
	  		    
	  		    
	  			    



	
	
		
		<span class="ad-match-badge  hidden">Ad Match</span>
	

	  				
	  			        
	  					
	  				        
	  					
	  				
	  		    
	  	    

	  	    <div class="price">
			    <div class="price-wrapper discount promo-alert ">
				    <span class="reg-price  price-alert" aria-label="Regular Price: $1.68">
					    <span class="reg-price-text">$1.68</span>
					    
					    <sup class="reg-price-unit">ea</sup>
				    </span>
				    <span class="sale-price hidden" aria-label="Sale Price:">
					    <span class="sale-price-text"></span>
					    <sup class="sale-price-unit">ea</sup>
				    </span>
				    
					    <span class="old-price" aria-label="Original Price: $1.88">
						    <span class="old-price-text">$1.88</span>
					    </span>
				    
				    <span class="secondary-price hidden">
					    
					    <span class="secondary-price-text" aria-label="Secondary Price:"></span>
				    </span>
			    </div>
	  	    </div>

	  	    <div class="qty">
	  		    <span class="reg-qty  price-alert">
		
			
		  	
		  		<span class="sr-only">Sale Price Per Unit:</span>
        $0.84
        /
        100
        g
		  	
	  	
	</span>

	<span class="sale-qty hidden">
		
			
		  	
		  		<span class="sr-only">Sale Price Per Unit:</span>
        $0.84
        /
        100
        g
		  	
	  	
	</span>

	<span class="secondary-qty hidden">
		
	  	<span class="secondary-qty-text"></span>
	</span>
	  	    </div>
	    </div>


	    

	    
	</div>
	<form class="form-product  quickview-btn-simple"
	  data-product-id="20840911001_EA"
	  data-min-qty="1.0"
	  data-max-qty="999.0"
	  data-unit-type="ea"
	  data-cart-qty="1"
	  data-default-qty="1"
	  novalidate="novalidate"
	  promoCode=""
	  promoNumber=""
	  data-is-customized="false"
	  data-cart-url="/cart/product/20840911001_EA"
	  data-csrf-token="5582ec01-90c0-448b-b4f7-e2cf68d9f8a0"
	  data-is-weighted-product="false">

	<div class="module-add-to-cart " data-change-type="plus" data-auto-edit="true" data-auto-add="true"
		 data-cart-ajax-url="/cart/updateCart">
		<div class="wrapper-add-to-cart-btn">
					<div class="module-add-to-cart-button-small">
							<button type="button" class="btn btn-secondary btn-add-to-cart " data-auid="add-to-cart-button" data-has-pts-badge="false" aria-label="Add Loads Of Ketchup Flavour Rippled Potato Chips to cart">
										<span class="icon-cart"></span>
										<span class="add-to-cart-text">
											Add</span>
									</button>
									<button type="button" class="btn btn-secondary btn-edit-cart hidden " aria-label="Edit Cart">
										<span class="qty-in-cart"></span>
										<span class="edit-cart-text">
											<spring code="product.edit.text" />"
										</span>
									</button>
								<div class="add-list-parent add-list-module  bottom-add-list-module ">
	<button class="btn btn-inline-link btn-save-to-list  dark is-btn-animated" 
	  data-login-url="/account/login?productCode=20840911001_EA" 
	  data-ajax-url="/restful/lists/all?productCode=20840911001_EA" 
	  data-user-guest="Y" 
	  data-user-guest="Y" data-product-code="20840911001_EA" 
	  data-delete-item="false"
	  aria-label="Add Loads Of Ketchup Flavour Rippled Potato Chips to a List">
	  <span class="glyphicon glyphicon-th-list"></span>
	  <div class="list-cta-text  is-btn-animated">Add to List</div>
	</button>
	 
	<!-- this is the list HTML   -->
	<div class="save-to-list-popup  is-btn-animated animation-up dark" 
	  data-save-to-list-error="Can not get lists at this time. Please try again later."
	  data-product-name="Loads Of Ketchup Flavour Rippled Potato Chips">
	  <div class="inner-container">
	  </div>
	  
	</div>
</div>

</div>
				</div>
			</div>


	<div class="module-plus-minus-buttons small hidden ">
			<button type="button" class="btn cart-change-qty" data-change-type="minus" data-auid="decrease-product-quantity" alt="Minus" aria-label="Minus">
				<span class="icon-minimize"></span>
			</button>
			<div class="plus-minus-input-wrapper">
				<input class="input-qty cart-change-qty" aria-label="Enter manual quantity" type="text" name="qty" title="Change quantity in cart"
							data-unit-type="ea"
							value="1ea" data-change-type="equals"
							maxlength="7">

						<span class="input-qty-pretty">
							<span class="input-qty-pretty-value">1</span>
							<span class="input-qty-pretty-unit"></span>
						</span>
					</div>

			<button type="button" class="btn cart-change-qty" data-change-type="plus" data-auid="increase-product-quantity" alt="Plus" aria-label="Plus">
				<span class="icon-plus-sign"></span>
			</button>

			<p class="deal-limit-reached hidden">Deal Limit Reached</p>

			<div class="tooltip-qty-error tooltip-qty-limit hidden">
				<p>
					Limit to
					&nbsp;
					999
					&nbsp;each&nbsp;
					per customer.</p>
			</div>
			<div class="tooltip-qty-error tooltip-round-error hidden">
				<p>
					We do not have this in the weight you wanted. We've rounded your order to the nearest weight increment we stock.</p>
			</div>
		</div>
	</form>

<!-- End Template: AddToCartSmall -->

</div>
</div>
<div class="item">
		









































	
	
		
		
		
		
			
		
	





























<div class="module-grocery-product quickview-simple  clicked" data-quickview-ajax-url="/p/21065495_EA/quickViewProduct" data-product-id="21065495_EA"  data-product-price="$4.48">
    
	
	
		<span class="subtitle"></span>
	

	<div class="product-page-hotspot">
	    <div class="product-cell quickview-button">
	  	    <div class="product-image ">
                
	  		    <img src="https://assets.shop.loblaws.ca/products/21065495/b1/en/front/21065495_front_a01.png" onerror="this.src='https://assets.shop.loblaws.ca/products/NoImage/b1/en/front/NoImage_front_a01_@2.png';" alt="Pico de Gallo Bean & Rice Chips" />
                
	  			    
	  	        
                
                    
                

	  		    

	  		    

	  		    

	  		    <div class="hover-text-container">
	  			    <button href="#" tabindex="0" class="hover-text " aria-label="Quick View for Pico de Gallo Bean & Rice Chips.">Quick View</button>
	  		    </div>
	  	    </div>
	    </div>

	    <div class="product-in-cart">
	  	    <div class="wrapper-product-in-cart">
	  		    <span>
	  			    In Cart
	  		    </span>
	  	    </div>
	    </div>

	    <div class="product-info">
	  	    <div class="product-name-wrapper">
	  		    <a href="/Food/Pantry/Chips-%26-Salty-Snacks/Potato-Chips/Beanfields-Pico-de-Gallo-Bean-%26-Rice-Chips/p/21065495_EA" class="product-name" aria-label="Product page for Pico de Gallo Bean & Rice Chips" >
	  			    <span class="js-product-entry-brand">Beanfields&nbsp;</span>

	  			    

	  			    <span class="js-product-entry-name">Pico de Gallo Bean & Rice Chips</span>

	  			    <span class="js-product-entry-size-detail">(156 g)</span>

	  		    </a>
	  	    </div>
	  	    
	  	    
	  		    
	  		    
	  			    



	
	
		
		<span class="ad-match-badge  hidden">Ad Match</span>
	

	  				
	  			        
	  					
	  				        
	  					
	  				
	  		    
	  	    

	  	    <div class="price">
			    <div class="price-wrapper no-discount  ">
				    <span class="reg-price  " aria-label="Regular Price: $4.48">
					    <span class="reg-price-text">$4.48</span>
					    
					    <sup class="reg-price-unit">ea</sup>
				    </span>
				    <span class="sale-price hidden" aria-label="Sale Price:">
					    <span class="sale-price-text"></span>
					    <sup class="sale-price-unit">ea</sup>
				    </span>
				    
				    <span class="secondary-price hidden">
					    
					    <span class="secondary-price-text" aria-label="Secondary Price:"></span>
				    </span>
			    </div>
	  	    </div>

	  	    <div class="qty">
	  		    <span class="reg-qty  ">
		
			
		  	
		  		<span class="sr-only">Sale Price Per Unit:</span>
        $2.87
        /
        100
        g
		  	
	  	
	</span>

	<span class="sale-qty hidden">
		
			
		  	
		  		<span class="sr-only">Sale Price Per Unit:</span>
        $2.87
        /
        100
        g
		  	
	  	
	</span>

	<span class="secondary-qty hidden">
		
	  	<span class="secondary-qty-text"></span>
	</span>
	  	    </div>
	    </div>


	    

	    
	</div>
	<form class="form-product  quickview-btn-simple"
	  data-product-id="21065495_EA"
	  data-min-qty="1.0"
	  data-max-qty="999.0"
	  data-unit-type="ea"
	  data-cart-qty="1"
	  data-default-qty="1"
	  novalidate="novalidate"
	  promoCode=""
	  promoNumber=""
	  data-is-customized="false"
	  data-cart-url="/cart/product/21065495_EA"
	  data-csrf-token="5582ec01-90c0-448b-b4f7-e2cf68d9f8a0"
	  data-is-weighted-product="false">

	<div class="module-add-to-cart " data-change-type="plus" data-auto-edit="true" data-auto-add="true"
		 data-cart-ajax-url="/cart/updateCart">
		<div class="wrapper-add-to-cart-btn">
					<div class="module-add-to-cart-button-small">
							<button type="button" class="btn btn-secondary btn-add-to-cart " data-auid="add-to-cart-button" data-has-pts-badge="false" aria-label="Add Pico de Gallo Bean & Rice Chips to cart">
										<span class="icon-cart"></span>
										<span class="add-to-cart-text">
											Add</span>
									</button>
									<button type="button" class="btn btn-secondary btn-edit-cart hidden " aria-label="Edit Cart">
										<span class="qty-in-cart"></span>
										<span class="edit-cart-text">
											<spring code="product.edit.text" />"
										</span>
									</button>
								<div class="add-list-parent add-list-module  bottom-add-list-module ">
	<button class="btn btn-inline-link btn-save-to-list  dark is-btn-animated" 
	  data-login-url="/account/login?productCode=21065495_EA" 
	  data-ajax-url="/restful/lists/all?productCode=21065495_EA" 
	  data-user-guest="Y" 
	  data-user-guest="Y" data-product-code="21065495_EA" 
	  data-delete-item="false"
	  aria-label="Add Pico de Gallo Bean & Rice Chips to a List">
	  <span class="glyphicon glyphicon-th-list"></span>
	  <div class="list-cta-text  is-btn-animated">Add to List</div>
	</button>
	 
	<!-- this is the list HTML   -->
	<div class="save-to-list-popup  is-btn-animated animation-up dark" 
	  data-save-to-list-error="Can not get lists at this time. Please try again later."
	  data-product-name="Pico de Gallo Bean & Rice Chips">
	  <div class="inner-container">
	  </div>
	  
	</div>
</div>

</div>
				</div>
			</div>


	<div class="module-plus-minus-buttons small hidden ">
			<button type="button" class="btn cart-change-qty" data-change-type="minus" data-auid="decrease-product-quantity" alt="Minus" aria-label="Minus">
				<span class="icon-minimize"></span>
			</button>
			<div class="plus-minus-input-wrapper">
				<input class="input-qty cart-change-qty" aria-label="Enter manual quantity" type="text" name="qty" title="Change quantity in cart"
							data-unit-type="ea"
							value="1ea" data-change-type="equals"
							maxlength="7">

						<span class="input-qty-pretty">
							<span class="input-qty-pretty-value">1</span>
							<span class="input-qty-pretty-unit"></span>
						</span>
					</div>

			<button type="button" class="btn cart-change-qty" data-change-type="plus" data-auid="increase-product-quantity" alt="Plus" aria-label="Plus">
				<span class="icon-plus-sign"></span>
			</button>

			<p class="deal-limit-reached hidden">Deal Limit Reached</p>

			<div class="tooltip-qty-error tooltip-qty-limit hidden">
				<p>
					Limit to
					&nbsp;
					999
					&nbsp;each&nbsp;
					per customer.</p>
			</div>
			<div class="tooltip-qty-error tooltip-round-error hidden">
				<p>
					We do not have this in the weight you wanted. We've rounded your order to the nearest weight increment we stock.</p>
			</div>
		</div>
	</form>

<!-- End Template: AddToCartSmall -->

</div>
</div>
<div class="item">
		









































	
	
		
		
		
		
			
		
	





























<div class="module-grocery-product quickview-simple  clicked" data-quickview-ajax-url="/p/21050571_EA/quickViewProduct" data-product-id="21050571_EA"  data-product-price="$2.97">
    
	
	
		<span class="subtitle"></span>
	

	<div class="product-page-hotspot">
	    <div class="product-cell quickview-button">
	  	    <div class="product-image ">
                
	  		    <img src="https://assets.shop.loblaws.ca/products/21050571/b1/en/front/21050571_front_a01.png" onerror="this.src='https://assets.shop.loblaws.ca/products/NoImage/b1/en/front/NoImage_front_a01_@2.png';" alt="Tortilla Chips, Multigrain Scoops!" />
                
	  			    
	  			        <span class="sticker deal">
	  				        <span class="deal-badge">
	  				            
	  			                
	  				            

	  				            <span class="module-deal-badge module-deal-badge-grid simple-save-unit "
	  						        data-deal-type="2 FOR $5.00"
	  						        data-ajax-promo-url="/simpleDeal/deals/product-tile?productCode=21050571_EA"
	  						        data-deal-id="21050571_EA">
	  						        <span class="deal-type">2 FOR $5.00</span>
	  						            








	<span class="deal-expiry">
		Exp. 12/19
	</span>

	  					                
	  				            </span>
	  			            </span>
	  		            </span>
	  			        
	  	            
	  	        
                
                    
                

	  		    

	  		    

	  		    

	  		    <div class="hover-text-container">
	  			    <button href="#" tabindex="0" class="hover-text " aria-label="Quick View for Tortilla Chips, Multigrain Scoops!.">Quick View</button>
	  		    </div>
	  	    </div>
	    </div>

	    <div class="product-in-cart">
	  	    <div class="wrapper-product-in-cart">
	  		    <span>
	  			    In Cart
	  		    </span>
	  	    </div>
	    </div>

	    <div class="product-info">
	  	    <div class="product-name-wrapper">
	  		    <a href="/Food/Pantry/Chips-%26-Salty-Snacks/Tortilla-Chips/Tostitos-Tortilla-Chips%2C-Multigrain-Scoops%21/p/21050571_EA" class="product-name" aria-label="Product page for Tortilla Chips, Multigrain Scoops!" >
	  			    <span class="js-product-entry-brand">Tostitos&nbsp;</span>

	  			    

	  			    <span class="js-product-entry-name">Tortilla Chips, Multigrain Scoops!</span>

	  			    <span class="js-product-entry-size-detail">(205 g)</span>

	  		    </a>
	  	    </div>
	  	    
	  	    
	  		    
	  		    
	  			    



	
	
		
		<span class="ad-match-badge  hidden">Ad Match</span>
	

	  				
	  			        
	  					
	  				        
	  					
	  				
	  		    
	  	    

	  	    <div class="price">
			    <div class="price-wrapper no-discount  ">
				    <span class="reg-price  " aria-label="Regular Price: $2.97">
					    <span class="reg-price-text">$2.97</span>
					    
					    <sup class="reg-price-unit">ea</sup>
				    </span>
				    <span class="sale-price hidden" aria-label="Sale Price:">
					    <span class="sale-price-text"></span>
					    <sup class="sale-price-unit">ea</sup>
				    </span>
				    
				    <span class="secondary-price hidden">
					    
					    <span class="secondary-price-text" aria-label="Secondary Price:"></span>
				    </span>
			    </div>
	  	    </div>

	  	    <div class="qty">
	  		    <span class="reg-qty  ">
		
			
		  	
		  		<span class="sr-only">Sale Price Per Unit:</span>
        $1.45
        /
        100
        g
		  	
	  	
	</span>

	<span class="sale-qty hidden">
		
			
		  	
		  		<span class="sr-only">Sale Price Per Unit:</span>
        $1.45
        /
        100
        g
		  	
	  	
	</span>

	<span class="secondary-qty hidden">
		
	  	<span class="secondary-qty-text"></span>
	</span>
	  	    </div>
	    </div>


	    

	    
	</div>
	<form class="form-product  quickview-btn-simple"
	  data-product-id="21050571_EA"
	  data-min-qty="1.0"
	  data-max-qty="999.0"
	  data-unit-type="ea"
	  data-cart-qty="1"
	  data-default-qty="1"
	  novalidate="novalidate"
	  promoCode=""
	  promoNumber=""
	  data-is-customized="false"
	  data-cart-url="/cart/product/21050571_EA"
	  data-csrf-token="5582ec01-90c0-448b-b4f7-e2cf68d9f8a0"
	  data-is-weighted-product="false">

	<div class="module-add-to-cart " data-change-type="plus" data-auto-edit="true" data-auto-add="true"
		 data-cart-ajax-url="/cart/updateCart">
		<div class="wrapper-add-to-cart-btn">
					<div class="module-add-to-cart-button-small">
							<button type="button" class="btn btn-secondary btn-add-to-cart " data-auid="add-to-cart-button" data-has-pts-badge="false" aria-label="Add Tortilla Chips, Multigrain Scoops! to cart">
										<span class="icon-cart"></span>
										<span class="add-to-cart-text">
											Add</span>
									</button>
									<button type="button" class="btn btn-secondary btn-edit-cart hidden " aria-label="Edit Cart">
										<span class="qty-in-cart"></span>
										<span class="edit-cart-text">
											<spring code="product.edit.text" />"
										</span>
									</button>
								<div class="add-list-parent add-list-module  bottom-add-list-module ">
	<button class="btn btn-inline-link btn-save-to-list  dark is-btn-animated" 
	  data-login-url="/account/login?productCode=21050571_EA" 
	  data-ajax-url="/restful/lists/all?productCode=21050571_EA" 
	  data-user-guest="Y" 
	  data-user-guest="Y" data-product-code="21050571_EA" 
	  data-delete-item="false"
	  aria-label="Add Tortilla Chips, Multigrain Scoops! to a List">
	  <span class="glyphicon glyphicon-th-list"></span>
	  <div class="list-cta-text  is-btn-animated">Add to List</div>
	</button>
	 
	<!-- this is the list HTML   -->
	<div class="save-to-list-popup  is-btn-animated animation-up dark" 
	  data-save-to-list-error="Can not get lists at this time. Please try again later."
	  data-product-name="Tortilla Chips, Multigrain Scoops!">
	  <div class="inner-container">
	  </div>
	  
	</div>
</div>

</div>
				</div>
			</div>


	<div class="module-plus-minus-buttons small hidden ">
			<button type="button" class="btn cart-change-qty" data-change-type="minus" data-auid="decrease-product-quantity" alt="Minus" aria-label="Minus">
				<span class="icon-minimize"></span>
			</button>
			<div class="plus-minus-input-wrapper">
				<input class="input-qty cart-change-qty" aria-label="Enter manual quantity" type="text" name="qty" title="Change quantity in cart"
							data-unit-type="ea"
							value="1ea" data-change-type="equals"
							maxlength="7">

						<span class="input-qty-pretty">
							<span class="input-qty-pretty-value">1</span>
							<span class="input-qty-pretty-unit"></span>
						</span>
					</div>

			<button type="button" class="btn cart-change-qty" data-change-type="plus" data-auid="increase-product-quantity" alt="Plus" aria-label="Plus">
				<span class="icon-plus-sign"></span>
			</button>

			<p class="deal-limit-reached hidden">Deal Limit Reached</p>

			<div class="tooltip-qty-error tooltip-qty-limit hidden">
				<p>
					Limit to
					&nbsp;
					999
					&nbsp;each&nbsp;
					per customer.</p>
			</div>
			<div class="tooltip-qty-error tooltip-round-error hidden">
				<p>
					We do not have this in the weight you wanted. We've rounded your order to the nearest weight increment we stock.</p>
			</div>
		</div>
	</form>

<!-- End Template: AddToCartSmall -->

</div>
</div>
<div class="item">
		






































	




	
	
		
		
		
		
			
		
	





























<div class="module-grocery-product quickview-simple  clicked" data-quickview-ajax-url="/p/20370855002_EA/quickViewProduct" data-product-id="20370855002_EA"  data-product-price="$1.98">
    
	
	
		<span class="subtitle"></span>
	

	<div class="product-page-hotspot">
	    <div class="product-cell quickview-button">
	  	    <div class="product-image ">
                
	  		    <img src="https://assets.shop.loblaws.ca/products/20370855002/b1/en/front/20370855002_front_a01.png" onerror="this.src='https://assets.shop.loblaws.ca/products/NoImage/b1/en/front/NoImage_front_a01_@2.png';" alt="Potato Chips, Rock Salt & Vinegar" />
                
	  			    
	  			        <span class="sticker deal">
	  				        <span class="deal-badge">
	  				            
	  			                
	  				            

	  				            <span class="module-deal-badge module-deal-badge-grid simple-save-unit "
	  						        data-deal-type="$1.98 LIMIT 6"
	  						        data-ajax-promo-url="/simpleDeal/deals/product-tile?productCode=20370855002_EA"
	  						        data-deal-id="20370855002_EA">
	  						        <span class="deal-type">$1.98 LIMIT 6</span>
	  						            








	<span class="deal-expiry">
		Exp. 01/03
	</span>

	  					                
	  				            </span>
	  			            </span>
	  		            </span>
	  			        
	  	            
	  	        
                
                    
                

	  		    

	  		    

	  		    

	  		    <div class="hover-text-container">
	  			    <button href="#" tabindex="0" class="hover-text " aria-label="Quick View for Potato Chips, Rock Salt & Vinegar.">Quick View</button>
	  		    </div>
	  	    </div>
	    </div>

	    <div class="product-in-cart">
	  	    <div class="wrapper-product-in-cart">
	  		    <span>
	  			    In Cart
	  		    </span>
	  	    </div>
	    </div>

	    <div class="product-info">
	  	    <div class="product-name-wrapper">
	  		    <a href="/Food/Pantry/Chips-%26-Salty-Snacks/Potato-Chips/Hardbite-Potato-Chips%2C-Rock-Salt-%26-Vinegar/p/20370855002_EA" class="product-name" aria-label="Product page for Potato Chips, Rock Salt & Vinegar" >
	  			    

	  			    

	  			    <span class="js-product-entry-name">Potato Chips, Rock Salt & Vinegar</span>

	  			    <span class="js-product-entry-size-detail">(150 g)</span>

	  		    </a>
	  	    </div>
	  	    
	  	    
	  		    
	  		    
	  			    



	
	
		
		<span class="ad-match-badge  hidden">Ad Match</span>
	

	  				
	  			        
	  					
	  				        
	  					
	  				
	  		    
	  	    

	  	    <div class="price">
			    <div class="price-wrapper no-discount promo-alert ">
				    <span class="reg-price  price-alert" aria-label="Regular Price: $1.98">
					    <span class="reg-price-text">$1.98</span>
					    
					    <sup class="reg-price-unit">ea</sup>
				    </span>
				    <span class="sale-price hidden" aria-label="Sale Price:">
					    <span class="sale-price-text"></span>
					    <sup class="sale-price-unit">ea</sup>
				    </span>
				    
				    <span class="secondary-price hidden">
					    
					    <span class="secondary-price-text" aria-label="Secondary Price:"></span>
				    </span>
			    </div>
	  	    </div>

	  	    <div class="qty">
	  		    <span class="reg-qty  price-alert">
		
			
		  	
		  		<span class="sr-only">Sale Price Per Unit:</span>
        $1.32
        /
        100
        g
		  	
	  	
	</span>

	<span class="sale-qty hidden">
		
			
		  	
		  		<span class="sr-only">Sale Price Per Unit:</span>
        $1.32
        /
        100
        g
		  	
	  	
	</span>

	<span class="secondary-qty hidden">
		
	  	<span class="secondary-qty-text"></span>
	</span>
	  	    </div>
	    </div>


	    

	    
	</div>
	<form class="form-product  quickview-btn-simple"
	  data-product-id="20370855002_EA"
	  data-min-qty="1.0"
	  data-max-qty="999.0"
	  data-unit-type="ea"
	  data-cart-qty="1"
	  data-default-qty="1"
	  novalidate="novalidate"
	  promoCode=""
	  promoNumber=""
	  data-is-customized="false"
	  data-cart-url="/cart/product/20370855002_EA"
	  data-csrf-token="5582ec01-90c0-448b-b4f7-e2cf68d9f8a0"
	  data-is-weighted-product="false">

	<div class="module-add-to-cart " data-change-type="plus" data-auto-edit="true" data-auto-add="true"
		 data-cart-ajax-url="/cart/updateCart">
		<div class="wrapper-add-to-cart-btn">
					<div class="module-add-to-cart-button-small">
							<button type="button" class="btn btn-secondary btn-add-to-cart " data-auid="add-to-cart-button" data-has-pts-badge="false" aria-label="Add Potato Chips, Rock Salt & Vinegar to cart">
										<span class="icon-cart"></span>
										<span class="add-to-cart-text">
											Add</span>
									</button>
									<button type="button" class="btn btn-secondary btn-edit-cart hidden " aria-label="Edit Cart">
										<span class="qty-in-cart"></span>
										<span class="edit-cart-text">
											<spring code="product.edit.text" />"
										</span>
									</button>
								<div class="add-list-parent add-list-module  bottom-add-list-module ">
	<button class="btn btn-inline-link btn-save-to-list  dark is-btn-animated" 
	  data-login-url="/account/login?productCode=20370855002_EA" 
	  data-ajax-url="/restful/lists/all?productCode=20370855002_EA" 
	  data-user-guest="Y" 
	  data-user-guest="Y" data-product-code="20370855002_EA" 
	  data-delete-item="false"
	  aria-label="Add Potato Chips, Rock Salt & Vinegar to a List">
	  <span class="glyphicon glyphicon-th-list"></span>
	  <div class="list-cta-text  is-btn-animated">Add to List</div>
	</button>
	 
	<!-- this is the list HTML   -->
	<div class="save-to-list-popup  is-btn-animated animation-up dark" 
	  data-save-to-list-error="Can not get lists at this time. Please try again later."
	  data-product-name="Potato Chips, Rock Salt & Vinegar">
	  <div class="inner-container">
	  </div>
	  
	</div>
</div>

</div>
				</div>
			</div>


	<div class="module-plus-minus-buttons small hidden ">
			<button type="button" class="btn cart-change-qty" data-change-type="minus" data-auid="decrease-product-quantity" alt="Minus" aria-label="Minus">
				<span class="icon-minimize"></span>
			</button>
			<div class="plus-minus-input-wrapper">
				<input class="input-qty cart-change-qty" aria-label="Enter manual quantity" type="text" name="qty" title="Change quantity in cart"
							data-unit-type="ea"
							value="1ea" data-change-type="equals"
							maxlength="7">

						<span class="input-qty-pretty">
							<span class="input-qty-pretty-value">1</span>
							<span class="input-qty-pretty-unit"></span>
						</span>
					</div>

			<button type="button" class="btn cart-change-qty" data-change-type="plus" data-auid="increase-product-quantity" alt="Plus" aria-label="Plus">
				<span class="icon-plus-sign"></span>
			</button>

			<p class="deal-limit-reached hidden">Deal Limit Reached</p>

			<div class="tooltip-qty-error tooltip-qty-limit hidden">
				<p>
					Limit to
					&nbsp;
					999
					&nbsp;each&nbsp;
					per customer.</p>
			</div>
			<div class="tooltip-qty-error tooltip-round-error hidden">
				<p>
					We do not have this in the weight you wanted. We've rounded your order to the nearest weight increment we stock.</p>
			</div>
		</div>
	</form>

<!-- End Template: AddToCartSmall -->

</div>
</div>
<div class="item">
		









































	
	
		
		
		
		
			
		
	





























<div class="module-grocery-product quickview-simple  clicked" data-quickview-ajax-url="/p/20536835_EA/quickViewProduct" data-product-id="20536835_EA"  data-product-price="$1.28">
    
	
	
		<span class="subtitle"></span>
	

	<div class="product-page-hotspot">
	    <div class="product-cell quickview-button">
	  	    <div class="product-image ">
                
	  		    <img src="https://assets.shop.loblaws.ca/products/20536835/b1/en/front/20536835_front_a01.png" onerror="this.src='https://assets.shop.loblaws.ca/products/NoImage/b1/en/front/NoImage_front_a01_@2.png';" alt="Shrimp Cracker" />
                
	  			    
	  	        
                
                    
                

	  		    

	  		    

	  		    

	  		    <div class="hover-text-container">
	  			    <button href="#" tabindex="0" class="hover-text " aria-label="Quick View for Shrimp Cracker.">Quick View</button>
	  		    </div>
	  	    </div>
	    </div>

	    <div class="product-in-cart">
	  	    <div class="wrapper-product-in-cart">
	  		    <span>
	  			    In Cart
	  		    </span>
	  	    </div>
	    </div>

	    <div class="product-info">
	  	    <div class="product-name-wrapper">
	  		    <a href="/Food/Pantry/Chips-%26-Salty-Snacks/Pretzels-%26-Snack-Mixes/Shrimp-Cracker/p/20536835_EA" class="product-name" aria-label="Product page for Shrimp Cracker" >
	  			    <span class="js-product-entry-brand">Nong Shim&nbsp;</span>

	  			    

	  			    <span class="js-product-entry-name">Shrimp Cracker</span>

	  			    <span class="js-product-entry-size-detail">(75 g)</span>

	  		    </a>
	  	    </div>
	  	    
	  	    
	  		    
	  		    
	  			    



	
	
		
		<span class="ad-match-badge  hidden">Ad Match</span>
	

	  				
	  			        
	  					
	  				        
	  					
	  				
	  		    
	  	    

	  	    <div class="price">
			    <div class="price-wrapper no-discount  ">
				    <span class="reg-price  " aria-label="Regular Price: $1.28">
					    <span class="reg-price-text">$1.28</span>
					    
					    <sup class="reg-price-unit">ea</sup>
				    </span>
				    <span class="sale-price hidden" aria-label="Sale Price:">
					    <span class="sale-price-text"></span>
					    <sup class="sale-price-unit">ea</sup>
				    </span>
				    
				    <span class="secondary-price hidden">
					    
					    <span class="secondary-price-text" aria-label="Secondary Price:"></span>
				    </span>
			    </div>
	  	    </div>

	  	    <div class="qty">
	  		    <span class="reg-qty  ">
		
			
		  	
		  		<span class="sr-only">Sale Price Per Unit:</span>
        $1.71
        /
        100
        g
		  	
	  	
	</span>

	<span class="sale-qty hidden">
		
			
		  	
		  		<span class="sr-only">Sale Price Per Unit:</span>
        $1.71
        /
        100
        g
		  	
	  	
	</span>

	<span class="secondary-qty hidden">
		
	  	<span class="secondary-qty-text"></span>
	</span>
	  	    </div>
	    </div>


	    

	    
	</div>
	<form class="form-product  quickview-btn-simple"
	  data-product-id="20536835_EA"
	  data-min-qty="1.0"
	  data-max-qty="999.0"
	  data-unit-type="ea"
	  data-cart-qty="1"
	  data-default-qty="1"
	  novalidate="novalidate"
	  promoCode=""
	  promoNumber=""
	  data-is-customized="false"
	  data-cart-url="/cart/product/20536835_EA"
	  data-csrf-token="5582ec01-90c0-448b-b4f7-e2cf68d9f8a0"
	  data-is-weighted-product="false">

	<div class="module-add-to-cart " data-change-type="plus" data-auto-edit="true" data-auto-add="true"
		 data-cart-ajax-url="/cart/updateCart">
		<div class="wrapper-add-to-cart-btn">
					<div class="module-add-to-cart-button-small">
							<button type="button" class="btn btn-secondary btn-add-to-cart " data-auid="add-to-cart-button" data-has-pts-badge="false" aria-label="Add Shrimp Cracker to cart">
										<span class="icon-cart"></span>
										<span class="add-to-cart-text">
											Add</span>
									</button>
									<button type="button" class="btn btn-secondary btn-edit-cart hidden " aria-label="Edit Cart">
										<span class="qty-in-cart"></span>
										<span class="edit-cart-text">
											<spring code="product.edit.text" />"
										</span>
									</button>
								<div class="add-list-parent add-list-module  bottom-add-list-module ">
	<button class="btn btn-inline-link btn-save-to-list  dark is-btn-animated" 
	  data-login-url="/account/login?productCode=20536835_EA" 
	  data-ajax-url="/restful/lists/all?productCode=20536835_EA" 
	  data-user-guest="Y" 
	  data-user-guest="Y" data-product-code="20536835_EA" 
	  data-delete-item="false"
	  aria-label="Add Shrimp Cracker to a List">
	  <span class="glyphicon glyphicon-th-list"></span>
	  <div class="list-cta-text  is-btn-animated">Add to List</div>
	</button>
	 
	<!-- this is the list HTML   -->
	<div class="save-to-list-popup  is-btn-animated animation-up dark" 
	  data-save-to-list-error="Can not get lists at this time. Please try again later."
	  data-product-name="Shrimp Cracker">
	  <div class="inner-container">
	  </div>
	  
	</div>
</div>

</div>
				</div>
			</div>


	<div class="module-plus-minus-buttons small hidden ">
			<button type="button" class="btn cart-change-qty" data-change-type="minus" data-auid="decrease-product-quantity" alt="Minus" aria-label="Minus">
				<span class="icon-minimize"></span>
			</button>
			<div class="plus-minus-input-wrapper">
				<input class="input-qty cart-change-qty" aria-label="Enter manual quantity" type="text" name="qty" title="Change quantity in cart"
							data-unit-type="ea"
							value="1ea" data-change-type="equals"
							maxlength="7">

						<span class="input-qty-pretty">
							<span class="input-qty-pretty-value">1</span>
							<span class="input-qty-pretty-unit"></span>
						</span>
					</div>

			<button type="button" class="btn cart-change-qty" data-change-type="plus" data-auid="increase-product-quantity" alt="Plus" aria-label="Plus">
				<span class="icon-plus-sign"></span>
			</button>

			<p class="deal-limit-reached hidden">Deal Limit Reached</p>

			<div class="tooltip-qty-error tooltip-qty-limit hidden">
				<p>
					Limit to
					&nbsp;
					999
					&nbsp;each&nbsp;
					per customer.</p>
			</div>
			<div class="tooltip-qty-error tooltip-round-error hidden">
				<p>
					We do not have this in the weight you wanted. We've rounded your order to the nearest weight increment we stock.</p>
			</div>
		</div>
	</form>

<!-- End Template: AddToCartSmall -->

</div>
</div>
<div class="item">
		






































	




	
	
		
		
		
		
			
		
	





























<div class="module-grocery-product quickview-simple  clicked" data-quickview-ajax-url="/p/21031312_EA/quickViewProduct" data-product-id="21031312_EA"  data-product-price="$2.98">
    
	
	
		<span class="subtitle"></span>
	

	<div class="product-page-hotspot">
	    <div class="product-cell quickview-button">
	  	    <div class="product-image ">
                
	  		    <img src="https://assets.shop.loblaws.ca/products/21031312/b1/en/front/21031312_front_a01.png" onerror="this.src='https://assets.shop.loblaws.ca/products/NoImage/b1/en/front/NoImage_front_a01_@2.png';" alt="Red Corn Tortilla Chips" />
                
	  			    
	  			        <span class="sticker deal">
	  				        <span class="deal-badge">
	  				            
	  			                
	  				            

	  				            <span class="module-deal-badge module-deal-badge-grid simple-save-unit "
	  						        data-deal-type="$2.98 LIMIT 4"
	  						        data-ajax-promo-url="/simpleDeal/deals/product-tile?productCode=21031312_EA"
	  						        data-deal-id="21031312_EA">
	  						        <span class="deal-type">$2.98 LIMIT 4</span>
	  						            








	<span class="deal-expiry">
		Exp. 12/27
	</span>

	  					                
	  				            </span>
	  			            </span>
	  		            </span>
	  			        
	  	            
	  	        
                
                    
                

	  		    

	  		    

	  		    

	  		    <div class="hover-text-container">
	  			    <button href="#" tabindex="0" class="hover-text " aria-label="Quick View for Red Corn Tortilla Chips.">Quick View</button>
	  		    </div>
	  	    </div>
	    </div>

	    <div class="product-in-cart">
	  	    <div class="wrapper-product-in-cart">
	  		    <span>
	  			    In Cart
	  		    </span>
	  	    </div>
	    </div>

	    <div class="product-info">
	  	    <div class="product-name-wrapper">
	  		    <a href="/Food/Pantry/Chips-%26-Salty-Snacks/Potato-Chips/Que-Pasa-Red-Corn-Tortilla-Chips/p/21031312_EA" class="product-name" aria-label="Product page for Red Corn Tortilla Chips" >
	  			    <span class="js-product-entry-brand">Que Pasa&nbsp;</span>

	  			    

	  			    <span class="js-product-entry-name">Red Corn Tortilla Chips</span>

	  			    <span class="js-product-entry-size-detail">(300 g)</span>

	  		    </a>
	  	    </div>
	  	    
	  	    
	  		    
	  		    
	  			    



	
	
		
		<span class="ad-match-badge  hidden">Ad Match</span>
	

	  				
	  			        
	  					
	  				        
	  					
	  				
	  		    
	  	    

	  	    <div class="price">
			    <div class="price-wrapper no-discount promo-alert ">
				    <span class="reg-price  price-alert" aria-label="Regular Price: $2.98">
					    <span class="reg-price-text">$2.98</span>
					    
					    <sup class="reg-price-unit">ea</sup>
				    </span>
				    <span class="sale-price hidden" aria-label="Sale Price:">
					    <span class="sale-price-text"></span>
					    <sup class="sale-price-unit">ea</sup>
				    </span>
				    
				    <span class="secondary-price hidden">
					    
					    <span class="secondary-price-text" aria-label="Secondary Price:"></span>
				    </span>
			    </div>
	  	    </div>

	  	    <div class="qty">
	  		    <span class="reg-qty  price-alert">
		
			
		  	
		  		<span class="sr-only">Sale Price Per Unit:</span>
        $0.99
        /
        100
        g
		  	
	  	
	</span>

	<span class="sale-qty hidden">
		
			
		  	
		  		<span class="sr-only">Sale Price Per Unit:</span>
        $0.99
        /
        100
        g
		  	
	  	
	</span>

	<span class="secondary-qty hidden">
		
	  	<span class="secondary-qty-text"></span>
	</span>
	  	    </div>
	    </div>


	    

	    
	</div>
	<form class="form-product  quickview-btn-simple"
	  data-product-id="21031312_EA"
	  data-min-qty="1.0"
	  data-max-qty="999.0"
	  data-unit-type="ea"
	  data-cart-qty="1"
	  data-default-qty="1"
	  novalidate="novalidate"
	  promoCode=""
	  promoNumber=""
	  data-is-customized="false"
	  data-cart-url="/cart/product/21031312_EA"
	  data-csrf-token="5582ec01-90c0-448b-b4f7-e2cf68d9f8a0"
	  data-is-weighted-product="false">

	<div class="module-add-to-cart " data-change-type="plus" data-auto-edit="true" data-auto-add="true"
		 data-cart-ajax-url="/cart/updateCart">
		<div class="wrapper-add-to-cart-btn">
					<div class="module-add-to-cart-button-small">
							<button type="button" class="btn btn-secondary btn-add-to-cart " data-auid="add-to-cart-button" data-has-pts-badge="false" aria-label="Add Red Corn Tortilla Chips to cart">
										<span class="icon-cart"></span>
										<span class="add-to-cart-text">
											Add</span>
									</button>
									<button type="button" class="btn btn-secondary btn-edit-cart hidden " aria-label="Edit Cart">
										<span class="qty-in-cart"></span>
										<span class="edit-cart-text">
											<spring code="product.edit.text" />"
										</span>
									</button>
								<div class="add-list-parent add-list-module  bottom-add-list-module ">
	<button class="btn btn-inline-link btn-save-to-list  dark is-btn-animated" 
	  data-login-url="/account/login?productCode=21031312_EA" 
	  data-ajax-url="/restful/lists/all?productCode=21031312_EA" 
	  data-user-guest="Y" 
	  data-user-guest="Y" data-product-code="21031312_EA" 
	  data-delete-item="false"
	  aria-label="Add Red Corn Tortilla Chips to a List">
	  <span class="glyphicon glyphicon-th-list"></span>
	  <div class="list-cta-text  is-btn-animated">Add to List</div>
	</button>
	 
	<!-- this is the list HTML   -->
	<div class="save-to-list-popup  is-btn-animated animation-up dark" 
	  data-save-to-list-error="Can not get lists at this time. Please try again later."
	  data-product-name="Red Corn Tortilla Chips">
	  <div class="inner-container">
	  </div>
	  
	</div>
</div>

</div>
				</div>
			</div>


	<div class="module-plus-minus-buttons small hidden ">
			<button type="button" class="btn cart-change-qty" data-change-type="minus" data-auid="decrease-product-quantity" alt="Minus" aria-label="Minus">
				<span class="icon-minimize"></span>
			</button>
			<div class="plus-minus-input-wrapper">
				<input class="input-qty cart-change-qty" aria-label="Enter manual quantity" type="text" name="qty" title="Change quantity in cart"
							data-unit-type="ea"
							value="1ea" data-change-type="equals"
							maxlength="7">

						<span class="input-qty-pretty">
							<span class="input-qty-pretty-value">1</span>
							<span class="input-qty-pretty-unit"></span>
						</span>
					</div>

			<button type="button" class="btn cart-change-qty" data-change-type="plus" data-auid="increase-product-quantity" alt="Plus" aria-label="Plus">
				<span class="icon-plus-sign"></span>
			</button>

			<p class="deal-limit-reached hidden">Deal Limit Reached</p>

			<div class="tooltip-qty-error tooltip-qty-limit hidden">
				<p>
					Limit to
					&nbsp;
					999
					&nbsp;each&nbsp;
					per customer.</p>
			</div>
			<div class="tooltip-qty-error tooltip-round-error hidden">
				<p>
					We do not have this in the weight you wanted. We've rounded your order to the nearest weight increment we stock.</p>
			</div>
		</div>
	</form>

<!-- End Template: AddToCartSmall -->

</div>
</div>
<div class="item">
		






































	




	
	
		
		
		
		
			
		
	





























<div class="module-grocery-product quickview-simple  clicked" data-quickview-ajax-url="/p/20298997008_EA/quickViewProduct" data-product-id="20298997008_EA"  data-product-price="$2.48">
    
	
	
		<span class="subtitle"></span>
	

	<div class="product-page-hotspot">
	    <div class="product-cell quickview-button">
	  	    <div class="product-image ">
                
	  		    <img src="https://assets.shop.loblaws.ca/products/20298997008/b1/en/front/20298997008_front_a01.png" onerror="this.src='https://assets.shop.loblaws.ca/products/NoImage/b1/en/front/NoImage_front_a01_@2.png';" alt="Potato Chips, Low Sodium" />
                
	  			    
	  			        <span class="sticker deal">
	  				        <span class="deal-badge">
	  				            
	  			                
	  				            

	  				            <span class="module-deal-badge module-deal-badge-grid simple-save-unit "
	  						        data-deal-type="$2.48 LIMIT 4"
	  						        data-ajax-promo-url="/simpleDeal/deals/product-tile?productCode=20298997008_EA"
	  						        data-deal-id="20298997008_EA">
	  						        <span class="deal-type">$2.48 LIMIT 4</span>
	  						            








	<span class="deal-expiry">
		Exp. 12/20
	</span>

	  					                
	  				            </span>
	  			            </span>
	  		            </span>
	  			        
	  	            
	  	        
                
                    
                

	  		    

	  		    

	  		    

	  		    <div class="hover-text-container">
	  			    <button href="#" tabindex="0" class="hover-text " aria-label="Quick View for Potato Chips, Low Sodium.">Quick View</button>
	  		    </div>
	  	    </div>
	    </div>

	    <div class="product-in-cart">
	  	    <div class="wrapper-product-in-cart">
	  		    <span>
	  			    In Cart
	  		    </span>
	  	    </div>
	    </div>

	    <div class="product-info">
	  	    <div class="product-name-wrapper">
	  		    <a href="/Food/Natural-%26-Organic/Pantry/Snacks-%26-Candy/Potato-Chips%2C-Low-Sodium/p/20298997008_EA" class="product-name" aria-label="Product page for Potato Chips, Low Sodium" >
	  			    <span class="js-product-entry-brand">Kettle&nbsp;</span>

	  			    

	  			    <span class="js-product-entry-name">Potato Chips, Low Sodium</span>

	  			    <span class="js-product-entry-size-detail">(220 g)</span>

	  		    </a>
	  	    </div>
	  	    
	  	    
	  		    
	  		    
	  			    



	
	
		
		<span class="ad-match-badge  hidden">Ad Match</span>
	

	  				
	  			        
	  					
	  				        
	  					
	  				
	  		    
	  	    

	  	    <div class="price">
			    <div class="price-wrapper no-discount promo-alert ">
				    <span class="reg-price  price-alert" aria-label="Regular Price: $2.48">
					    <span class="reg-price-text">$2.48</span>
					    
					    <sup class="reg-price-unit">ea</sup>
				    </span>
				    <span class="sale-price hidden" aria-label="Sale Price:">
					    <span class="sale-price-text"></span>
					    <sup class="sale-price-unit">ea</sup>
				    </span>
				    
				    <span class="secondary-price hidden">
					    
					    <span class="secondary-price-text" aria-label="Secondary Price:"></span>
				    </span>
			    </div>
	  	    </div>

	  	    <div class="qty">
	  		    <span class="reg-qty  price-alert">
		
			
		  	
		  		<span class="sr-only">Sale Price Per Unit:</span>
        $1.13
        /
        100
        g
		  	
	  	
	</span>

	<span class="sale-qty hidden">
		
			
		  	
		  		<span class="sr-only">Sale Price Per Unit:</span>
        $1.13
        /
        100
        g
		  	
	  	
	</span>

	<span class="secondary-qty hidden">
		
	  	<span class="secondary-qty-text"></span>
	</span>
	  	    </div>
	    </div>


	    

	    
	</div>
	<form class="form-product  quickview-btn-simple"
	  data-product-id="20298997008_EA"
	  data-min-qty="1.0"
	  data-max-qty="999.0"
	  data-unit-type="ea"
	  data-cart-qty="1"
	  data-default-qty="1"
	  novalidate="novalidate"
	  promoCode=""
	  promoNumber=""
	  data-is-customized="false"
	  data-cart-url="/cart/product/20298997008_EA"
	  data-csrf-token="5582ec01-90c0-448b-b4f7-e2cf68d9f8a0"
	  data-is-weighted-product="false">

	<div class="module-add-to-cart " data-change-type="plus" data-auto-edit="true" data-auto-add="true"
		 data-cart-ajax-url="/cart/updateCart">
		<div class="wrapper-add-to-cart-btn">
					<div class="module-add-to-cart-button-small">
							<button type="button" class="btn btn-secondary btn-add-to-cart " data-auid="add-to-cart-button" data-has-pts-badge="false" aria-label="Add Potato Chips, Low Sodium to cart">
										<span class="icon-cart"></span>
										<span class="add-to-cart-text">
											Add</span>
									</button>
									<button type="button" class="btn btn-secondary btn-edit-cart hidden " aria-label="Edit Cart">
										<span class="qty-in-cart"></span>
										<span class="edit-cart-text">
											<spring code="product.edit.text" />"
										</span>
									</button>
								<div class="add-list-parent add-list-module  bottom-add-list-module ">
	<button class="btn btn-inline-link btn-save-to-list  dark is-btn-animated" 
	  data-login-url="/account/login?productCode=20298997008_EA" 
	  data-ajax-url="/restful/lists/all?productCode=20298997008_EA" 
	  data-user-guest="Y" 
	  data-user-guest="Y" data-product-code="20298997008_EA" 
	  data-delete-item="false"
	  aria-label="Add Potato Chips, Low Sodium to a List">
	  <span class="glyphicon glyphicon-th-list"></span>
	  <div class="list-cta-text  is-btn-animated">Add to List</div>
	</button>
	 
	<!-- this is the list HTML   -->
	<div class="save-to-list-popup  is-btn-animated animation-up dark" 
	  data-save-to-list-error="Can not get lists at this time. Please try again later."
	  data-product-name="Potato Chips, Low Sodium">
	  <div class="inner-container">
	  </div>
	  
	</div>
</div>

</div>
				</div>
			</div>


	<div class="module-plus-minus-buttons small hidden ">
			<button type="button" class="btn cart-change-qty" data-change-type="minus" data-auid="decrease-product-quantity" alt="Minus" aria-label="Minus">
				<span class="icon-minimize"></span>
			</button>
			<div class="plus-minus-input-wrapper">
				<input class="input-qty cart-change-qty" aria-label="Enter manual quantity" type="text" name="qty" title="Change quantity in cart"
							data-unit-type="ea"
							value="1ea" data-change-type="equals"
							maxlength="7">

						<span class="input-qty-pretty">
							<span class="input-qty-pretty-value">1</span>
							<span class="input-qty-pretty-unit"></span>
						</span>
					</div>

			<button type="button" class="btn cart-change-qty" data-change-type="plus" data-auid="increase-product-quantity" alt="Plus" aria-label="Plus">
				<span class="icon-plus-sign"></span>
			</button>

			<p class="deal-limit-reached hidden">Deal Limit Reached</p>

			<div class="tooltip-qty-error tooltip-qty-limit hidden">
				<p>
					Limit to
					&nbsp;
					999
					&nbsp;each&nbsp;
					per customer.</p>
			</div>
			<div class="tooltip-qty-error tooltip-round-error hidden">
				<p>
					We do not have this in the weight you wanted. We've rounded your order to the nearest weight increment we stock.</p>
			</div>
		</div>
	</form>

<!-- End Template: AddToCartSmall -->

</div>
</div>
<div class="item">
		









































	
	
		
		
		
		
			
		
	





























<div class="module-grocery-product quickview-simple  clicked" data-quickview-ajax-url="/p/20153272_EA/quickViewProduct" data-product-id="20153272_EA"  data-product-price="$3.18">
    
	
	
		<span class="subtitle"></span>
	

	<div class="product-page-hotspot">
	    <div class="product-cell quickview-button">
	  	    <div class="product-image ">
                
	  		    <img src="https://assets.shop.loblaws.ca/products/20153272/b1/en/front/20153272_front_a01.png" onerror="this.src='https://assets.shop.loblaws.ca/products/NoImage/b1/en/front/NoImage_front_a01_@2.png';" alt="Cheezies" />
                
	  			    
	  	        
                
                    
                

	  		    

	  		    

	  		    

	  		    <div class="hover-text-container">
	  			    <button href="#" tabindex="0" class="hover-text " aria-label="Quick View for Cheezies.">Quick View</button>
	  		    </div>
	  	    </div>
	    </div>

	    <div class="product-in-cart">
	  	    <div class="wrapper-product-in-cart">
	  		    <span>
	  			    In Cart
	  		    </span>
	  	    </div>
	    </div>

	    <div class="product-info">
	  	    <div class="product-name-wrapper">
	  		    <a href="/Food/Pantry/Chips-%26-Salty-Snacks/Pretzels-%26-Snack-Mixes/Cheezies/p/20153272_EA" class="product-name" aria-label="Product page for Cheezies" >
	  			    <span class="js-product-entry-brand">Hawkins&nbsp;</span>

	  			    

	  			    <span class="js-product-entry-name">Cheezies</span>

	  			    <span class="js-product-entry-size-detail">(210 g)</span>

	  		    </a>
	  	    </div>
	  	    
	  	    
	  		    
	  		    
	  			    



	
	
		
		<span class="ad-match-badge  hidden">Ad Match</span>
	

	  				
	  			        
	  					
	  				        
	  					
	  				
	  		    
	  	    

	  	    <div class="price">
			    <div class="price-wrapper no-discount  ">
				    <span class="reg-price  " aria-label="Regular Price: $3.18">
					    <span class="reg-price-text">$3.18</span>
					    
					    <sup class="reg-price-unit">ea</sup>
				    </span>
				    <span class="sale-price hidden" aria-label="Sale Price:">
					    <span class="sale-price-text"></span>
					    <sup class="sale-price-unit">ea</sup>
				    </span>
				    
				    <span class="secondary-price hidden">
					    
					    <span class="secondary-price-text" aria-label="Secondary Price:"></span>
				    </span>
			    </div>
	  	    </div>

	  	    <div class="qty">
	  		    <span class="reg-qty  ">
		
			
		  	
		  		<span class="sr-only">Sale Price Per Unit:</span>
        $1.51
        /
        100
        g
		  	
	  	
	</span>

	<span class="sale-qty hidden">
		
			
		  	
		  		<span class="sr-only">Sale Price Per Unit:</span>
        $1.51
        /
        100
        g
		  	
	  	
	</span>

	<span class="secondary-qty hidden">
		
	  	<span class="secondary-qty-text"></span>
	</span>
	  	    </div>
	    </div>


	    

	    
	</div>
	<form class="form-product  quickview-btn-simple"
	  data-product-id="20153272_EA"
	  data-min-qty="1.0"
	  data-max-qty="999.0"
	  data-unit-type="ea"
	  data-cart-qty="1"
	  data-default-qty="1"
	  novalidate="novalidate"
	  promoCode=""
	  promoNumber=""
	  data-is-customized="false"
	  data-cart-url="/cart/product/20153272_EA"
	  data-csrf-token="5582ec01-90c0-448b-b4f7-e2cf68d9f8a0"
	  data-is-weighted-product="false">

	<div class="module-add-to-cart " data-change-type="plus" data-auto-edit="true" data-auto-add="true"
		 data-cart-ajax-url="/cart/updateCart">
		<div class="wrapper-add-to-cart-btn">
					<div class="module-add-to-cart-button-small">
							<button type="button" class="btn btn-secondary btn-add-to-cart " data-auid="add-to-cart-button" data-has-pts-badge="false" aria-label="Add Cheezies to cart">
										<span class="icon-cart"></span>
										<span class="add-to-cart-text">
											Add</span>
									</button>
									<button type="button" class="btn btn-secondary btn-edit-cart hidden " aria-label="Edit Cart">
										<span class="qty-in-cart"></span>
										<span class="edit-cart-text">
											<spring code="product.edit.text" />"
										</span>
									</button>
								<div class="add-list-parent add-list-module  bottom-add-list-module ">
	<button class="btn btn-inline-link btn-save-to-list  dark is-btn-animated" 
	  data-login-url="/account/login?productCode=20153272_EA" 
	  data-ajax-url="/restful/lists/all?productCode=20153272_EA" 
	  data-user-guest="Y" 
	  data-user-guest="Y" data-product-code="20153272_EA" 
	  data-delete-item="false"
	  aria-label="Add Cheezies to a List">
	  <span class="glyphicon glyphicon-th-list"></span>
	  <div class="list-cta-text  is-btn-animated">Add to List</div>
	</button>
	 
	<!-- this is the list HTML   -->
	<div class="save-to-list-popup  is-btn-animated animation-up dark" 
	  data-save-to-list-error="Can not get lists at this time. Please try again later."
	  data-product-name="Cheezies">
	  <div class="inner-container">
	  </div>
	  
	</div>
</div>

</div>
				</div>
			</div>


	<div class="module-plus-minus-buttons small hidden ">
			<button type="button" class="btn cart-change-qty" data-change-type="minus" data-auid="decrease-product-quantity" alt="Minus" aria-label="Minus">
				<span class="icon-minimize"></span>
			</button>
			<div class="plus-minus-input-wrapper">
				<input class="input-qty cart-change-qty" aria-label="Enter manual quantity" type="text" name="qty" title="Change quantity in cart"
							data-unit-type="ea"
							value="1ea" data-change-type="equals"
							maxlength="7">

						<span class="input-qty-pretty">
							<span class="input-qty-pretty-value">1</span>
							<span class="input-qty-pretty-unit"></span>
						</span>
					</div>

			<button type="button" class="btn cart-change-qty" data-change-type="plus" data-auid="increase-product-quantity" alt="Plus" aria-label="Plus">
				<span class="icon-plus-sign"></span>
			</button>

			<p class="deal-limit-reached hidden">Deal Limit Reached</p>

			<div class="tooltip-qty-error tooltip-qty-limit hidden">
				<p>
					Limit to
					&nbsp;
					999
					&nbsp;each&nbsp;
					per customer.</p>
			</div>
			<div class="tooltip-qty-error tooltip-round-error hidden">
				<p>
					We do not have this in the weight you wanted. We've rounded your order to the nearest weight increment we stock.</p>
			</div>
		</div>
	</form>

<!-- End Template: AddToCartSmall -->

</div>
</div>
<div class="item">
		






































	


	



	
	
		
		
		
		
			
		
	





























<div class="module-grocery-product quickview-simple  clicked" data-quickview-ajax-url="/p/20956605_EA/quickViewProduct" data-product-id="20956605_EA"  data-product-price="$1.68">
    
	
	
		<span class="subtitle"></span>
	

	<div class="product-page-hotspot">
	    <div class="product-cell quickview-button">
	  	    <div class="product-image ">
                
	  		    <img src="https://assets.shop.loblaws.ca/products/20956605/b1/en/front/20956605_front_a01.png" onerror="this.src='https://assets.shop.loblaws.ca/products/NoImage/b1/en/front/NoImage_front_a01_@2.png';" alt="Caramelized Onion & Balsamic Vinegar Flavour Kettle Cooked Potato Chips" />
                
	  			    
	  			        <span class="sticker deal">
	  				        <span class="deal-badge">
	  				            
	  			                
	  				            

	  				            <span class="module-deal-badge module-deal-badge-grid simple-save-unit "
	  						        data-deal-type="SAVE $0.80"
	  						        data-ajax-promo-url="/simpleDeal/deals/product-tile?productCode=20956605_EA"
	  						        data-deal-id="20956605_EA">
	  						        <span class="deal-type">SAVE $0.80</span>
	  						            








	<span class="deal-expiry">
		Exp. 01/03
	</span>

	  					                
	  				            </span>
	  			            </span>
	  		            </span>
	  			        
	  	            
	  	        
                
                    
                

	  		    

	  		    

	  		    

	  		    <div class="hover-text-container">
	  			    <button href="#" tabindex="0" class="hover-text " aria-label="Quick View for Caramelized Onion & Balsamic Vinegar Flavour Kettle Cooked Potato Chips.">Quick View</button>
	  		    </div>
	  	    </div>
	    </div>

	    <div class="product-in-cart">
	  	    <div class="wrapper-product-in-cart">
	  		    <span>
	  			    In Cart
	  		    </span>
	  	    </div>
	    </div>

	    <div class="product-info">
	  	    <div class="product-name-wrapper">
	  		    <a href="/Food/Pantry/Chips-%26-Salty-Snacks/Potato-Chips/President%27s-Choice-Caramelized-Onion-%26-Balsamic-Vinegar-Flavour-Kettle-Cooked-Potato-Chips/p/20956605_EA" class="product-name" aria-label="Product page for Caramelized Onion & Balsamic Vinegar Flavour Kettle Cooked Potato Chips" >
	  			    <span class="js-product-entry-brand">President's Choice&nbsp;</span>

	  			    

	  			    <span class="js-product-entry-name">Caramelized Onion & Balsamic Vinegar Flavour Kettle Cooked Potato Chips</span>

	  			    <span class="js-product-entry-size-detail">(220 g)</span>

	  		    </a>
	  	    </div>
	  	    
	  	    
	  		    
	  		    
	  			    



	
	
		
		<span class="ad-match-badge  hidden">Ad Match</span>
	

	  				
	  			        
	  					
	  				        
	  					
	  				
	  		    
	  	    

	  	    <div class="price">
			    <div class="price-wrapper discount promo-alert ">
				    <span class="reg-price  price-alert" aria-label="Regular Price: $1.68">
					    <span class="reg-price-text">$1.68</span>
					    
					    <sup class="reg-price-unit">ea</sup>
				    </span>
				    <span class="sale-price hidden" aria-label="Sale Price:">
					    <span class="sale-price-text"></span>
					    <sup class="sale-price-unit">ea</sup>
				    </span>
				    
					    <span class="old-price" aria-label="Original Price: $2.48">
						    <span class="old-price-text">$2.48</span>
					    </span>
				    
				    <span class="secondary-price hidden">
					    
					    <span class="secondary-price-text" aria-label="Secondary Price:"></span>
				    </span>
			    </div>
	  	    </div>

	  	    <div class="qty">
	  		    <span class="reg-qty  price-alert">
		
			
		  	
		  		<span class="sr-only">Sale Price Per Unit:</span>
        $0.76
        /
        100
        g
		  	
	  	
	</span>

	<span class="sale-qty hidden">
		
			
		  	
		  		<span class="sr-only">Sale Price Per Unit:</span>
        $0.76
        /
        100
        g
		  	
	  	
	</span>

	<span class="secondary-qty hidden">
		
	  	<span class="secondary-qty-text"></span>
	</span>
	  	    </div>
	    </div>


	    

	    
	</div>
	<form class="form-product  quickview-btn-simple"
	  data-product-id="20956605_EA"
	  data-min-qty="1.0"
	  data-max-qty="999.0"
	  data-unit-type="ea"
	  data-cart-qty="1"
	  data-default-qty="1"
	  novalidate="novalidate"
	  promoCode=""
	  promoNumber=""
	  data-is-customized="false"
	  data-cart-url="/cart/product/20956605_EA"
	  data-csrf-token="5582ec01-90c0-448b-b4f7-e2cf68d9f8a0"
	  data-is-weighted-product="false">

	<div class="module-add-to-cart " data-change-type="plus" data-auto-edit="true" data-auto-add="true"
		 data-cart-ajax-url="/cart/updateCart">
		<div class="wrapper-add-to-cart-btn">
					<div class="module-add-to-cart-button-small">
							<button type="button" class="btn btn-secondary btn-add-to-cart " data-auid="add-to-cart-button" data-has-pts-badge="false" aria-label="Add Caramelized Onion & Balsamic Vinegar Flavour Kettle Cooked Potato Chips to cart">
										<span class="icon-cart"></span>
										<span class="add-to-cart-text">
											Add</span>
									</button>
									<button type="button" class="btn btn-secondary btn-edit-cart hidden " aria-label="Edit Cart">
										<span class="qty-in-cart"></span>
										<span class="edit-cart-text">
											<spring code="product.edit.text" />"
										</span>
									</button>
								<div class="add-list-parent add-list-module  bottom-add-list-module ">
	<button class="btn btn-inline-link btn-save-to-list  dark is-btn-animated" 
	  data-login-url="/account/login?productCode=20956605_EA" 
	  data-ajax-url="/restful/lists/all?productCode=20956605_EA" 
	  data-user-guest="Y" 
	  data-user-guest="Y" data-product-code="20956605_EA" 
	  data-delete-item="false"
	  aria-label="Add Caramelized Onion & Balsamic Vinegar Flavour Kettle Cooked Potato Chips to a List">
	  <span class="glyphicon glyphicon-th-list"></span>
	  <div class="list-cta-text  is-btn-animated">Add to List</div>
	</button>
	 
	<!-- this is the list HTML   -->
	<div class="save-to-list-popup  is-btn-animated animation-up dark" 
	  data-save-to-list-error="Can not get lists at this time. Please try again later."
	  data-product-name="Caramelized Onion & Balsamic Vinegar Flavour Kettle Cooked Potato Chips">
	  <div class="inner-container">
	  </div>
	  
	</div>
</div>

</div>
				</div>
			</div>


	<div class="module-plus-minus-buttons small hidden ">
			<button type="button" class="btn cart-change-qty" data-change-type="minus" data-auid="decrease-product-quantity" alt="Minus" aria-label="Minus">
				<span class="icon-minimize"></span>
			</button>
			<div class="plus-minus-input-wrapper">
				<input class="input-qty cart-change-qty" aria-label="Enter manual quantity" type="text" name="qty" title="Change quantity in cart"
							data-unit-type="ea"
							value="1ea" data-change-type="equals"
							maxlength="7">

						<span class="input-qty-pretty">
							<span class="input-qty-pretty-value">1</span>
							<span class="input-qty-pretty-unit"></span>
						</span>
					</div>

			<button type="button" class="btn cart-change-qty" data-change-type="plus" data-auid="increase-product-quantity" alt="Plus" aria-label="Plus">
				<span class="icon-plus-sign"></span>
			</button>

			<p class="deal-limit-reached hidden">Deal Limit Reached</p>

			<div class="tooltip-qty-error tooltip-qty-limit hidden">
				<p>
					Limit to
					&nbsp;
					999
					&nbsp;each&nbsp;
					per customer.</p>
			</div>
			<div class="tooltip-qty-error tooltip-round-error hidden">
				<p>
					We do not have this in the weight you wanted. We've rounded your order to the nearest weight increment we stock.</p>
			</div>
		</div>
	</form>

<!-- End Template: AddToCartSmall -->

</div>
</div>
<div class="item">
		









































	
	
		
		
		
		
			
		
	





























<div class="module-grocery-product quickview-simple  clicked" data-quickview-ajax-url="/p/20944890_EA/quickViewProduct" data-product-id="20944890_EA"  data-product-price="$3.18">
    
	
	
		<span class="subtitle"></span>
	

	<div class="product-page-hotspot">
	    <div class="product-cell quickview-button">
	  	    <div class="product-image ">
                
	  		    <img src="https://assets.shop.loblaws.ca/products/20944890/b1/en/front/20944890_front_a01.png" onerror="this.src='https://assets.shop.loblaws.ca/products/NoImage/b1/en/front/NoImage_front_a01_@2.png';" alt="Tortilla Chips, Jalapeo & Cheddar" />
                
	  			    
	  	        
                
                    
                

	  		    

	  		    

	  		    

	  		    <div class="hover-text-container">
	  			    <button href="#" tabindex="0" class="hover-text " aria-label="Quick View for Tortilla Chips, Jalapeo & Cheddar.">Quick View</button>
	  		    </div>
	  	    </div>
	    </div>

	    <div class="product-in-cart">
	  	    <div class="wrapper-product-in-cart">
	  		    <span>
	  			    In Cart
	  		    </span>
	  	    </div>
	    </div>

	    <div class="product-info">
	  	    <div class="product-name-wrapper">
	  		    <a href="/Food/Pantry/Chips-%26-Salty-Snacks/Pretzels-%26-Snack-Mixes/Doritos-Tortilla-Chips%2C-Jalape%C3%B1o-%26-Cheddar/p/20944890_EA" class="product-name" aria-label="Product page for Tortilla Chips, Jalapeo & Cheddar" >
	  			    <span class="js-product-entry-brand">Doritos&nbsp;</span>

	  			    

	  			    <span class="js-product-entry-name">Tortilla Chips, Jalapeo & Cheddar</span>

	  			    <span class="js-product-entry-size-detail">(255 g)</span>

	  		    </a>
	  	    </div>
	  	    
	  	    
	  		    
	  		    
	  			    



	
	
		
		<span class="ad-match-badge  hidden">Ad Match</span>
	

	  				
	  			        
	  					
	  				        
	  					
	  				
	  		    
	  	    

	  	    <div class="price">
			    <div class="price-wrapper no-discount  ">
				    <span class="reg-price  " aria-label="Regular Price: $3.18">
					    <span class="reg-price-text">$3.18</span>
					    
					    <sup class="reg-price-unit">ea</sup>
				    </span>
				    <span class="sale-price hidden" aria-label="Sale Price:">
					    <span class="sale-price-text"></span>
					    <sup class="sale-price-unit">ea</sup>
				    </span>
				    
				    <span class="secondary-price hidden">
					    
					    <span class="secondary-price-text" aria-label="Secondary Price:"></span>
				    </span>
			    </div>
	  	    </div>

	  	    <div class="qty">
	  		    <span class="reg-qty  ">
		
			
		  	
		  		<span class="sr-only">Sale Price Per Unit:</span>
        $1.25
        /
        100
        g
		  	
	  	
	</span>

	<span class="sale-qty hidden">
		
			
		  	
		  		<span class="sr-only">Sale Price Per Unit:</span>
        $1.25
        /
        100
        g
		  	
	  	
	</span>

	<span class="secondary-qty hidden">
		
	  	<span class="secondary-qty-text"></span>
	</span>
	  	    </div>
	    </div>


	    

	    
	</div>
	<form class="form-product  quickview-btn-simple"
	  data-product-id="20944890_EA"
	  data-min-qty="1.0"
	  data-max-qty="999.0"
	  data-unit-type="ea"
	  data-cart-qty="1"
	  data-default-qty="1"
	  novalidate="novalidate"
	  promoCode=""
	  promoNumber=""
	  data-is-customized="false"
	  data-cart-url="/cart/product/20944890_EA"
	  data-csrf-token="5582ec01-90c0-448b-b4f7-e2cf68d9f8a0"
	  data-is-weighted-product="false">

	<div class="module-add-to-cart " data-change-type="plus" data-auto-edit="true" data-auto-add="true"
		 data-cart-ajax-url="/cart/updateCart">
		<div class="wrapper-add-to-cart-btn">
					<div class="module-add-to-cart-button-small">
							<button type="button" class="btn btn-secondary btn-add-to-cart " data-auid="add-to-cart-button" data-has-pts-badge="false" aria-label="Add Tortilla Chips, Jalapeo & Cheddar to cart">
										<span class="icon-cart"></span>
										<span class="add-to-cart-text">
											Add</span>
									</button>
									<button type="button" class="btn btn-secondary btn-edit-cart hidden " aria-label="Edit Cart">
										<span class="qty-in-cart"></span>
										<span class="edit-cart-text">
											<spring code="product.edit.text" />"
										</span>
									</button>
								<div class="add-list-parent add-list-module  bottom-add-list-module ">
	<button class="btn btn-inline-link btn-save-to-list  dark is-btn-animated" 
	  data-login-url="/account/login?productCode=20944890_EA" 
	  data-ajax-url="/restful/lists/all?productCode=20944890_EA" 
	  data-user-guest="Y" 
	  data-user-guest="Y" data-product-code="20944890_EA" 
	  data-delete-item="false"
	  aria-label="Add Tortilla Chips, Jalapeo & Cheddar to a List">
	  <span class="glyphicon glyphicon-th-list"></span>
	  <div class="list-cta-text  is-btn-animated">Add to List</div>
	</button>
	 
	<!-- this is the list HTML   -->
	<div class="save-to-list-popup  is-btn-animated animation-up dark" 
	  data-save-to-list-error="Can not get lists at this time. Please try again later."
	  data-product-name="Tortilla Chips, Jalapeo & Cheddar">
	  <div class="inner-container">
	  </div>
	  
	</div>
</div>

</div>
				</div>
			</div>


	<div class="module-plus-minus-buttons small hidden ">
			<button type="button" class="btn cart-change-qty" data-change-type="minus" data-auid="decrease-product-quantity" alt="Minus" aria-label="Minus">
				<span class="icon-minimize"></span>
			</button>
			<div class="plus-minus-input-wrapper">
				<input class="input-qty cart-change-qty" aria-label="Enter manual quantity" type="text" name="qty" title="Change quantity in cart"
							data-unit-type="ea"
							value="1ea" data-change-type="equals"
							maxlength="7">

						<span class="input-qty-pretty">
							<span class="input-qty-pretty-value">1</span>
							<span class="input-qty-pretty-unit"></span>
						</span>
					</div>

			<button type="button" class="btn cart-change-qty" data-change-type="plus" data-auid="increase-product-quantity" alt="Plus" aria-label="Plus">
				<span class="icon-plus-sign"></span>
			</button>

			<p class="deal-limit-reached hidden">Deal Limit Reached</p>

			<div class="tooltip-qty-error tooltip-qty-limit hidden">
				<p>
					Limit to
					&nbsp;
					999
					&nbsp;each&nbsp;
					per customer.</p>
			</div>
			<div class="tooltip-qty-error tooltip-round-error hidden">
				<p>
					We do not have this in the weight you wanted. We've rounded your order to the nearest weight increment we stock.</p>
			</div>
		</div>
	</form>

<!-- End Template: AddToCartSmall -->

</div>
</div>
<div class="item">
		









































	
	
		
		
		
		
			
		
	





























<div class="module-grocery-product quickview-simple  clicked" data-quickview-ajax-url="/p/20329183_EA/quickViewProduct" data-product-id="20329183_EA"  data-product-price="$1.18">
    
	
	
		<span class="subtitle"></span>
	

	<div class="product-page-hotspot">
	    <div class="product-cell quickview-button">
	  	    <div class="product-image ">
                
	  		    <img src="https://assets.shop.loblaws.ca/products/20329183/b1/en/front/20329183_front_a01.png" onerror="this.src='https://assets.shop.loblaws.ca/products/NoImage/b1/en/front/NoImage_front_a01_@2.png';" alt="Potato Chips, Sour Cream & Onion" />
                
	  			    
	  	        
                
                    
                

	  		    

	  		    

	  		    

	  		    <div class="hover-text-container">
	  			    <button href="#" tabindex="0" class="hover-text " aria-label="Quick View for Potato Chips, Sour Cream & Onion.">Quick View</button>
	  		    </div>
	  	    </div>
	    </div>

	    <div class="product-in-cart">
	  	    <div class="wrapper-product-in-cart">
	  		    <span>
	  			    In Cart
	  		    </span>
	  	    </div>
	    </div>

	    <div class="product-info">
	  	    <div class="product-name-wrapper">
	  		    <a href="/Food/Pantry/Chips-%26-Salty-Snacks/Potato-Chips/Potato-Chips%2C-Sour-Cream-%26-Onion/p/20329183_EA" class="product-name" aria-label="Product page for Potato Chips, Sour Cream & Onion" >
	  			    <span class="js-product-entry-brand">No Name&nbsp;</span>

	  			    

	  			    <span class="js-product-entry-name">Potato Chips, Sour Cream & Onion</span>

	  			    <span class="js-product-entry-size-detail">(200 g)</span>

	  		    </a>
	  	    </div>
	  	    
	  	    
	  		    
	  		    
	  			    



	
	
		
		<span class="ad-match-badge  hidden">Ad Match</span>
	

	  				
	  			        
	  					
	  				        
	  					
	  				
	  		    
	  	    

	  	    <div class="price">
			    <div class="price-wrapper no-discount  ">
				    <span class="reg-price  " aria-label="Regular Price: $1.18">
					    <span class="reg-price-text">$1.18</span>
					    
					    <sup class="reg-price-unit">ea</sup>
				    </span>
				    <span class="sale-price hidden" aria-label="Sale Price:">
					    <span class="sale-price-text"></span>
					    <sup class="sale-price-unit">ea</sup>
				    </span>
				    
				    <span class="secondary-price hidden">
					    
					    <span class="secondary-price-text" aria-label="Secondary Price:"></span>
				    </span>
			    </div>
	  	    </div>

	  	    <div class="qty">
	  		    <span class="reg-qty  ">
		
			
		  	
		  		<span class="sr-only">Sale Price Per Unit:</span>
        $0.59
        /
        100
        g
		  	
	  	
	</span>

	<span class="sale-qty hidden">
		
			
		  	
		  		<span class="sr-only">Sale Price Per Unit:</span>
        $0.59
        /
        100
        g
		  	
	  	
	</span>

	<span class="secondary-qty hidden">
		
	  	<span class="secondary-qty-text"></span>
	</span>
	  	    </div>
	    </div>


	    

	    
	</div>
	<form class="form-product  quickview-btn-simple"
	  data-product-id="20329183_EA"
	  data-min-qty="1.0"
	  data-max-qty="999.0"
	  data-unit-type="ea"
	  data-cart-qty="1"
	  data-default-qty="1"
	  novalidate="novalidate"
	  promoCode=""
	  promoNumber=""
	  data-is-customized="false"
	  data-cart-url="/cart/product/20329183_EA"
	  data-csrf-token="5582ec01-90c0-448b-b4f7-e2cf68d9f8a0"
	  data-is-weighted-product="false">

	<div class="module-add-to-cart " data-change-type="plus" data-auto-edit="true" data-auto-add="true"
		 data-cart-ajax-url="/cart/updateCart">
		<div class="wrapper-add-to-cart-btn">
					<div class="module-add-to-cart-button-small">
							<button type="button" class="btn btn-secondary btn-add-to-cart " data-auid="add-to-cart-button" data-has-pts-badge="false" aria-label="Add Potato Chips, Sour Cream & Onion to cart">
										<span class="icon-cart"></span>
										<span class="add-to-cart-text">
											Add</span>
									</button>
									<button type="button" class="btn btn-secondary btn-edit-cart hidden " aria-label="Edit Cart">
										<span class="qty-in-cart"></span>
										<span class="edit-cart-text">
											<spring code="product.edit.text" />"
										</span>
									</button>
								<div class="add-list-parent add-list-module  bottom-add-list-module ">
	<button class="btn btn-inline-link btn-save-to-list  dark is-btn-animated" 
	  data-login-url="/account/login?productCode=20329183_EA" 
	  data-ajax-url="/restful/lists/all?productCode=20329183_EA" 
	  data-user-guest="Y" 
	  data-user-guest="Y" data-product-code="20329183_EA" 
	  data-delete-item="false"
	  aria-label="Add Potato Chips, Sour Cream & Onion to a List">
	  <span class="glyphicon glyphicon-th-list"></span>
	  <div class="list-cta-text  is-btn-animated">Add to List</div>
	</button>
	 
	<!-- this is the list HTML   -->
	<div class="save-to-list-popup  is-btn-animated animation-up dark" 
	  data-save-to-list-error="Can not get lists at this time. Please try again later."
	  data-product-name="Potato Chips, Sour Cream & Onion">
	  <div class="inner-container">
	  </div>
	  
	</div>
</div>

</div>
				</div>
			</div>


	<div class="module-plus-minus-buttons small hidden ">
			<button type="button" class="btn cart-change-qty" data-change-type="minus" data-auid="decrease-product-quantity" alt="Minus" aria-label="Minus">
				<span class="icon-minimize"></span>
			</button>
			<div class="plus-minus-input-wrapper">
				<input class="input-qty cart-change-qty" aria-label="Enter manual quantity" type="text" name="qty" title="Change quantity in cart"
							data-unit-type="ea"
							value="1ea" data-change-type="equals"
							maxlength="7">

						<span class="input-qty-pretty">
							<span class="input-qty-pretty-value">1</span>
							<span class="input-qty-pretty-unit"></span>
						</span>
					</div>

			<button type="button" class="btn cart-change-qty" data-change-type="plus" data-auid="increase-product-quantity" alt="Plus" aria-label="Plus">
				<span class="icon-plus-sign"></span>
			</button>

			<p class="deal-limit-reached hidden">Deal Limit Reached</p>

			<div class="tooltip-qty-error tooltip-qty-limit hidden">
				<p>
					Limit to
					&nbsp;
					999
					&nbsp;each&nbsp;
					per customer.</p>
			</div>
			<div class="tooltip-qty-error tooltip-round-error hidden">
				<p>
					We do not have this in the weight you wanted. We've rounded your order to the nearest weight increment we stock.</p>
			</div>
		</div>
	</form>

<!-- End Template: AddToCartSmall -->

</div>
</div>
<div class="item">
		






































	




	
	
		
		
		
		
			
		
	





























<div class="module-grocery-product quickview-simple  clicked" data-quickview-ajax-url="/p/20298997004_EA/quickViewProduct" data-product-id="20298997004_EA"  data-product-price="$2.48">
    
	
	
		<span class="subtitle"></span>
	

	<div class="product-page-hotspot">
	    <div class="product-cell quickview-button">
	  	    <div class="product-image ">
                
	  		    <img src="https://assets.shop.loblaws.ca/products/20298997004/b1/en/front/20298997004_front_a01.png" onerror="this.src='https://assets.shop.loblaws.ca/products/NoImage/b1/en/front/NoImage_front_a01_@2.png';" alt="Kettle Chips, Sea Salt & Vinegar" />
                
	  			    
	  			        <span class="sticker deal">
	  				        <span class="deal-badge">
	  				            
	  			                
	  				            

	  				            <span class="module-deal-badge module-deal-badge-grid simple-save-unit "
	  						        data-deal-type="$2.48 LIMIT 4"
	  						        data-ajax-promo-url="/simpleDeal/deals/product-tile?productCode=20298997004_EA"
	  						        data-deal-id="20298997004_EA">
	  						        <span class="deal-type">$2.48 LIMIT 4</span>
	  						            








	<span class="deal-expiry">
		Exp. 12/20
	</span>

	  					                
	  				            </span>
	  			            </span>
	  		            </span>
	  			        
	  	            
	  	        
                
                    
                

	  		    

	  		    

	  		    

	  		    <div class="hover-text-container">
	  			    <button href="#" tabindex="0" class="hover-text " aria-label="Quick View for Kettle Chips, Sea Salt & Vinegar.">Quick View</button>
	  		    </div>
	  	    </div>
	    </div>

	    <div class="product-in-cart">
	  	    <div class="wrapper-product-in-cart">
	  		    <span>
	  			    In Cart
	  		    </span>
	  	    </div>
	    </div>

	    <div class="product-info">
	  	    <div class="product-name-wrapper">
	  		    <a href="/Food/Natural-%26-Organic/Pantry/Snacks-%26-Candy/Kettle-Chips%2C-Sea-Salt-%26-Vinegar/p/20298997004_EA" class="product-name" aria-label="Product page for Kettle Chips, Sea Salt & Vinegar" >
	  			    <span class="js-product-entry-brand">Kettle&nbsp;</span>

	  			    

	  			    <span class="js-product-entry-name">Kettle Chips, Sea Salt & Vinegar</span>

	  			    <span class="js-product-entry-size-detail">(220 g)</span>

	  		    </a>
	  	    </div>
	  	    
	  	    
	  		    
	  		    
	  			    



	
	
		
		<span class="ad-match-badge  hidden">Ad Match</span>
	

	  				
	  			        
	  					
	  				        
	  					
	  				
	  		    
	  	    

	  	    <div class="price">
			    <div class="price-wrapper no-discount promo-alert ">
				    <span class="reg-price  price-alert" aria-label="Regular Price: $2.48">
					    <span class="reg-price-text">$2.48</span>
					    
					    <sup class="reg-price-unit">ea</sup>
				    </span>
				    <span class="sale-price hidden" aria-label="Sale Price:">
					    <span class="sale-price-text"></span>
					    <sup class="sale-price-unit">ea</sup>
				    </span>
				    
				    <span class="secondary-price hidden">
					    
					    <span class="secondary-price-text" aria-label="Secondary Price:"></span>
				    </span>
			    </div>
	  	    </div>

	  	    <div class="qty">
	  		    <span class="reg-qty  price-alert">
		
			
		  	
		  		<span class="sr-only">Sale Price Per Unit:</span>
        $1.13
        /
        100
        g
		  	
	  	
	</span>

	<span class="sale-qty hidden">
		
			
		  	
		  		<span class="sr-only">Sale Price Per Unit:</span>
        $1.13
        /
        100
        g
		  	
	  	
	</span>

	<span class="secondary-qty hidden">
		
	  	<span class="secondary-qty-text"></span>
	</span>
	  	    </div>
	    </div>


	    

	    
	</div>
	<form class="form-product  quickview-btn-simple"
	  data-product-id="20298997004_EA"
	  data-min-qty="1.0"
	  data-max-qty="999.0"
	  data-unit-type="ea"
	  data-cart-qty="1"
	  data-default-qty="1"
	  novalidate="novalidate"
	  promoCode=""
	  promoNumber=""
	  data-is-customized="false"
	  data-cart-url="/cart/product/20298997004_EA"
	  data-csrf-token="5582ec01-90c0-448b-b4f7-e2cf68d9f8a0"
	  data-is-weighted-product="false">

	<div class="module-add-to-cart " data-change-type="plus" data-auto-edit="true" data-auto-add="true"
		 data-cart-ajax-url="/cart/updateCart">
		<div class="wrapper-add-to-cart-btn">
					<div class="module-add-to-cart-button-small">
							<button type="button" class="btn btn-secondary btn-add-to-cart " data-auid="add-to-cart-button" data-has-pts-badge="false" aria-label="Add Kettle Chips, Sea Salt & Vinegar to cart">
										<span class="icon-cart"></span>
										<span class="add-to-cart-text">
											Add</span>
									</button>
									<button type="button" class="btn btn-secondary btn-edit-cart hidden " aria-label="Edit Cart">
										<span class="qty-in-cart"></span>
										<span class="edit-cart-text">
											<spring code="product.edit.text" />"
										</span>
									</button>
								<div class="add-list-parent add-list-module  bottom-add-list-module ">
	<button class="btn btn-inline-link btn-save-to-list  dark is-btn-animated" 
	  data-login-url="/account/login?productCode=20298997004_EA" 
	  data-ajax-url="/restful/lists/all?productCode=20298997004_EA" 
	  data-user-guest="Y" 
	  data-user-guest="Y" data-product-code="20298997004_EA" 
	  data-delete-item="false"
	  aria-label="Add Kettle Chips, Sea Salt & Vinegar to a List">
	  <span class="glyphicon glyphicon-th-list"></span>
	  <div class="list-cta-text  is-btn-animated">Add to List</div>
	</button>
	 
	<!-- this is the list HTML   -->
	<div class="save-to-list-popup  is-btn-animated animation-up dark" 
	  data-save-to-list-error="Can not get lists at this time. Please try again later."
	  data-product-name="Kettle Chips, Sea Salt & Vinegar">
	  <div class="inner-container">
	  </div>
	  
	</div>
</div>

</div>
				</div>
			</div>


	<div class="module-plus-minus-buttons small hidden ">
			<button type="button" class="btn cart-change-qty" data-change-type="minus" data-auid="decrease-product-quantity" alt="Minus" aria-label="Minus">
				<span class="icon-minimize"></span>
			</button>
			<div class="plus-minus-input-wrapper">
				<input class="input-qty cart-change-qty" aria-label="Enter manual quantity" type="text" name="qty" title="Change quantity in cart"
							data-unit-type="ea"
							value="1ea" data-change-type="equals"
							maxlength="7">

						<span class="input-qty-pretty">
							<span class="input-qty-pretty-value">1</span>
							<span class="input-qty-pretty-unit"></span>
						</span>
					</div>

			<button type="button" class="btn cart-change-qty" data-change-type="plus" data-auid="increase-product-quantity" alt="Plus" aria-label="Plus">
				<span class="icon-plus-sign"></span>
			</button>

			<p class="deal-limit-reached hidden">Deal Limit Reached</p>

			<div class="tooltip-qty-error tooltip-qty-limit hidden">
				<p>
					Limit to
					&nbsp;
					999
					&nbsp;each&nbsp;
					per customer.</p>
			</div>
			<div class="tooltip-qty-error tooltip-round-error hidden">
				<p>
					We do not have this in the weight you wanted. We've rounded your order to the nearest weight increment we stock.</p>
			</div>
		</div>
	</form>

<!-- End Template: AddToCartSmall -->

</div>
</div>
<div class="item">
		






































	




	
	
		
		
		
		
			
		
	





























<div class="module-grocery-product quickview-simple  clicked" data-quickview-ajax-url="/p/21105831_EA/quickViewProduct" data-product-id="21105831_EA"  data-product-price="$1.88">
    
	
	
		<span class="subtitle"></span>
	

	<div class="product-page-hotspot">
	    <div class="product-cell quickview-button">
	  	    <div class="product-image ">
                
	  		    <img src="https://assets.shop.loblaws.ca/products/21105831/b1/en/front/21105831_front_a01.png" onerror="this.src='https://assets.shop.loblaws.ca/products/NoImage/b1/en/front/NoImage_front_a01_@2.png';" alt="Mystery Flavour" />
                
	  			    
	  			        <span class="sticker deal">
	  				        <span class="deal-badge">
	  				            
	  			                
	  				            

	  				            <span class="module-deal-badge module-deal-badge-grid simple-save-unit "
	  						        data-deal-type="$1.88 LIMIT 4"
	  						        data-ajax-promo-url="/simpleDeal/deals/product-tile?productCode=21105831_EA"
	  						        data-deal-id="21105831_EA">
	  						        <span class="deal-type">$1.88 LIMIT 4</span>
	  						            








	<span class="deal-expiry">
		Exp. 12/27
	</span>

	  					                
	  				            </span>
	  			            </span>
	  		            </span>
	  			        
	  	            
	  	        
                
                    
                

	  		    

	  		    

	  		    

	  		    <div class="hover-text-container">
	  			    <button href="#" tabindex="0" class="hover-text " aria-label="Quick View for Mystery Flavour.">Quick View</button>
	  		    </div>
	  	    </div>
	    </div>

	    <div class="product-in-cart">
	  	    <div class="wrapper-product-in-cart">
	  		    <span>
	  			    In Cart
	  		    </span>
	  	    </div>
	    </div>

	    <div class="product-info">
	  	    <div class="product-name-wrapper">
	  		    <a href="/Food/Pantry/Chips-%26-Salty-Snacks/Potato-Chips/Pringles-Mystery-Flavour/p/21105831_EA" class="product-name" aria-label="Product page for Mystery Flavour" >
	  			    <span class="js-product-entry-brand">Pringles&nbsp;</span>

	  			    

	  			    <span class="js-product-entry-name">Mystery Flavour</span>

	  			    <span class="js-product-entry-size-detail">(156 g)</span>

	  		    </a>
	  	    </div>
	  	    
	  	    
	  		    
	  		    
	  			    



	
	
		
		<span class="ad-match-badge  hidden">Ad Match</span>
	

	  				
	  			        
	  					
	  				        
	  					
	  				
	  		    
	  	    

	  	    <div class="price">
			    <div class="price-wrapper no-discount promo-alert ">
				    <span class="reg-price  price-alert" aria-label="Regular Price: $1.88">
					    <span class="reg-price-text">$1.88</span>
					    
					    <sup class="reg-price-unit">ea</sup>
				    </span>
				    <span class="sale-price hidden" aria-label="Sale Price:">
					    <span class="sale-price-text"></span>
					    <sup class="sale-price-unit">ea</sup>
				    </span>
				    
				    <span class="secondary-price hidden">
					    
					    <span class="secondary-price-text" aria-label="Secondary Price:"></span>
				    </span>
			    </div>
	  	    </div>

	  	    <div class="qty">
	  		    <span class="reg-qty  price-alert">
		
			
		  	
		  		<span class="sr-only">Sale Price Per Unit:</span>
        $1.21
        /
        100
        g
		  	
	  	
	</span>

	<span class="sale-qty hidden">
		
			
		  	
		  		<span class="sr-only">Sale Price Per Unit:</span>
        $1.21
        /
        100
        g
		  	
	  	
	</span>

	<span class="secondary-qty hidden">
		
	  	<span class="secondary-qty-text"></span>
	</span>
	  	    </div>
	    </div>


	    

	    
	</div>
	<form class="form-product  quickview-btn-simple"
	  data-product-id="21105831_EA"
	  data-min-qty="1.0"
	  data-max-qty="999.0"
	  data-unit-type="ea"
	  data-cart-qty="1"
	  data-default-qty="1"
	  novalidate="novalidate"
	  promoCode=""
	  promoNumber=""
	  data-is-customized="false"
	  data-cart-url="/cart/product/21105831_EA"
	  data-csrf-token="5582ec01-90c0-448b-b4f7-e2cf68d9f8a0"
	  data-is-weighted-product="false">

	<div class="module-add-to-cart " data-change-type="plus" data-auto-edit="true" data-auto-add="true"
		 data-cart-ajax-url="/cart/updateCart">
		<div class="wrapper-add-to-cart-btn">
					<div class="module-add-to-cart-button-small">
							<button type="button" class="btn btn-secondary btn-add-to-cart " data-auid="add-to-cart-button" data-has-pts-badge="false" aria-label="Add Mystery Flavour to cart">
										<span class="icon-cart"></span>
										<span class="add-to-cart-text">
											Add</span>
									</button>
									<button type="button" class="btn btn-secondary btn-edit-cart hidden " aria-label="Edit Cart">
										<span class="qty-in-cart"></span>
										<span class="edit-cart-text">
											<spring code="product.edit.text" />"
										</span>
									</button>
								<div class="add-list-parent add-list-module  bottom-add-list-module ">
	<button class="btn btn-inline-link btn-save-to-list  dark is-btn-animated" 
	  data-login-url="/account/login?productCode=21105831_EA" 
	  data-ajax-url="/restful/lists/all?productCode=21105831_EA" 
	  data-user-guest="Y" 
	  data-user-guest="Y" data-product-code="21105831_EA" 
	  data-delete-item="false"
	  aria-label="Add Mystery Flavour to a List">
	  <span class="glyphicon glyphicon-th-list"></span>
	  <div class="list-cta-text  is-btn-animated">Add to List</div>
	</button>
	 
	<!-- this is the list HTML   -->
	<div class="save-to-list-popup  is-btn-animated animation-up dark" 
	  data-save-to-list-error="Can not get lists at this time. Please try again later."
	  data-product-name="Mystery Flavour">
	  <div class="inner-container">
	  </div>
	  
	</div>
</div>

</div>
				</div>
			</div>


	<div class="module-plus-minus-buttons small hidden ">
			<button type="button" class="btn cart-change-qty" data-change-type="minus" data-auid="decrease-product-quantity" alt="Minus" aria-label="Minus">
				<span class="icon-minimize"></span>
			</button>
			<div class="plus-minus-input-wrapper">
				<input class="input-qty cart-change-qty" aria-label="Enter manual quantity" type="text" name="qty" title="Change quantity in cart"
							data-unit-type="ea"
							value="1ea" data-change-type="equals"
							maxlength="7">

						<span class="input-qty-pretty">
							<span class="input-qty-pretty-value">1</span>
							<span class="input-qty-pretty-unit"></span>
						</span>
					</div>

			<button type="button" class="btn cart-change-qty" data-change-type="plus" data-auid="increase-product-quantity" alt="Plus" aria-label="Plus">
				<span class="icon-plus-sign"></span>
			</button>

			<p class="deal-limit-reached hidden">Deal Limit Reached</p>

			<div class="tooltip-qty-error tooltip-qty-limit hidden">
				<p>
					Limit to
					&nbsp;
					999
					&nbsp;each&nbsp;
					per customer.</p>
			</div>
			<div class="tooltip-qty-error tooltip-round-error hidden">
				<p>
					We do not have this in the weight you wanted. We've rounded your order to the nearest weight increment we stock.</p>
			</div>
		</div>
	</form>

<!-- End Template: AddToCartSmall -->

</div>
</div>
<div class="item">
		









































	
	
		
		
		
		
			
		
	





























<div class="module-grocery-product quickview-simple  clicked" data-quickview-ajax-url="/p/20659742_EA/quickViewProduct" data-product-id="20659742_EA"  data-product-price="$0.98">
    
	
	
		<span class="subtitle"></span>
	

	<div class="product-page-hotspot">
	    <div class="product-cell quickview-button">
	  	    <div class="product-image ">
                
	  		    <img src="https://assets.shop.loblaws.ca/products/20659742/b1/en/front/20659742_front_a01.png" onerror="this.src='https://assets.shop.loblaws.ca/products/NoImage/b1/en/front/NoImage_front_a01_@2.png';" alt="Kurkure Snacks, Masala Munch" />
                
	  			    
	  	        
                
                    
                

	  		    

	  		    

	  		    

	  		    <div class="hover-text-container">
	  			    <button href="#" tabindex="0" class="hover-text " aria-label="Quick View for Kurkure Snacks, Masala Munch.">Quick View</button>
	  		    </div>
	  	    </div>
	    </div>

	    <div class="product-in-cart">
	  	    <div class="wrapper-product-in-cart">
	  		    <span>
	  			    In Cart
	  		    </span>
	  	    </div>
	    </div>

	    <div class="product-info">
	  	    <div class="product-name-wrapper">
	  		    <a href="/Food/International-Foods/Pantry/Snacks/Kurkure-Snacks%2C-Masala-Munch/p/20659742_EA" class="product-name" aria-label="Product page for Kurkure Snacks, Masala Munch" >
	  			    

	  			    

	  			    <span class="js-product-entry-name">Kurkure Snacks, Masala Munch</span>

	  			    <span class="js-product-entry-size-detail">(115 g)</span>

	  		    </a>
	  	    </div>
	  	    
	  	    
	  		    
	  		    
	  			    



	
	
		
		<span class="ad-match-badge  hidden">Ad Match</span>
	

	  				
	  			        
	  					
	  				        
	  					
	  				
	  		    
	  	    

	  	    <div class="price">
			    <div class="price-wrapper no-discount  ">
				    <span class="reg-price  " aria-label="Regular Price: $0.98">
					    <span class="reg-price-text">$0.98</span>
					    
					    <sup class="reg-price-unit">ea</sup>
				    </span>
				    <span class="sale-price hidden" aria-label="Sale Price:">
					    <span class="sale-price-text"></span>
					    <sup class="sale-price-unit">ea</sup>
				    </span>
				    
				    <span class="secondary-price hidden">
					    
					    <span class="secondary-price-text" aria-label="Secondary Price:"></span>
				    </span>
			    </div>
	  	    </div>

	  	    <div class="qty">
	  		    <span class="reg-qty  ">
		
			
		  	
		  		<span class="sr-only">Sale Price Per Unit:</span>
        $0.85
        /
        100
        g
		  	
	  	
	</span>

	<span class="sale-qty hidden">
		
			
		  	
		  		<span class="sr-only">Sale Price Per Unit:</span>
        $0.85
        /
        100
        g
		  	
	  	
	</span>

	<span class="secondary-qty hidden">
		
	  	<span class="secondary-qty-text"></span>
	</span>
	  	    </div>
	    </div>


	    

	    
	</div>
	<form class="form-product  quickview-btn-simple"
	  data-product-id="20659742_EA"
	  data-min-qty="1.0"
	  data-max-qty="999.0"
	  data-unit-type="ea"
	  data-cart-qty="1"
	  data-default-qty="1"
	  novalidate="novalidate"
	  promoCode=""
	  promoNumber=""
	  data-is-customized="false"
	  data-cart-url="/cart/product/20659742_EA"
	  data-csrf-token="5582ec01-90c0-448b-b4f7-e2cf68d9f8a0"
	  data-is-weighted-product="false">

	<div class="module-add-to-cart " data-change-type="plus" data-auto-edit="true" data-auto-add="true"
		 data-cart-ajax-url="/cart/updateCart">
		<div class="wrapper-add-to-cart-btn">
					<div class="module-add-to-cart-button-small">
							<button type="button" class="btn btn-secondary btn-add-to-cart " data-auid="add-to-cart-button" data-has-pts-badge="false" aria-label="Add Kurkure Snacks, Masala Munch to cart">
										<span class="icon-cart"></span>
										<span class="add-to-cart-text">
											Add</span>
									</button>
									<button type="button" class="btn btn-secondary btn-edit-cart hidden " aria-label="Edit Cart">
										<span class="qty-in-cart"></span>
										<span class="edit-cart-text">
											<spring code="product.edit.text" />"
										</span>
									</button>
								<div class="add-list-parent add-list-module  bottom-add-list-module ">
	<button class="btn btn-inline-link btn-save-to-list  dark is-btn-animated" 
	  data-login-url="/account/login?productCode=20659742_EA" 
	  data-ajax-url="/restful/lists/all?productCode=20659742_EA" 
	  data-user-guest="Y" 
	  data-user-guest="Y" data-product-code="20659742_EA" 
	  data-delete-item="false"
	  aria-label="Add Kurkure Snacks, Masala Munch to a List">
	  <span class="glyphicon glyphicon-th-list"></span>
	  <div class="list-cta-text  is-btn-animated">Add to List</div>
	</button>
	 
	<!-- this is the list HTML   -->
	<div class="save-to-list-popup  is-btn-animated animation-up dark" 
	  data-save-to-list-error="Can not get lists at this time. Please try again later."
	  data-product-name="Kurkure Snacks, Masala Munch">
	  <div class="inner-container">
	  </div>
	  
	</div>
</div>

</div>
				</div>
			</div>


	<div class="module-plus-minus-buttons small hidden ">
			<button type="button" class="btn cart-change-qty" data-change-type="minus" data-auid="decrease-product-quantity" alt="Minus" aria-label="Minus">
				<span class="icon-minimize"></span>
			</button>
			<div class="plus-minus-input-wrapper">
				<input class="input-qty cart-change-qty" aria-label="Enter manual quantity" type="text" name="qty" title="Change quantity in cart"
							data-unit-type="ea"
							value="1ea" data-change-type="equals"
							maxlength="7">

						<span class="input-qty-pretty">
							<span class="input-qty-pretty-value">1</span>
							<span class="input-qty-pretty-unit"></span>
						</span>
					</div>

			<button type="button" class="btn cart-change-qty" data-change-type="plus" data-auid="increase-product-quantity" alt="Plus" aria-label="Plus">
				<span class="icon-plus-sign"></span>
			</button>

			<p class="deal-limit-reached hidden">Deal Limit Reached</p>

			<div class="tooltip-qty-error tooltip-qty-limit hidden">
				<p>
					Limit to
					&nbsp;
					999
					&nbsp;each&nbsp;
					per customer.</p>
			</div>
			<div class="tooltip-qty-error tooltip-round-error hidden">
				<p>
					We do not have this in the weight you wanted. We've rounded your order to the nearest weight increment we stock.</p>
			</div>
		</div>
	</form>

<!-- End Template: AddToCartSmall -->

</div>
</div>
<div class="item">
		









































	
	
		
		
		
		
			
		
	





























<div class="module-grocery-product quickview-simple  clicked" data-quickview-ajax-url="/p/21003407_EA/quickViewProduct" data-product-id="21003407_EA"  data-product-price="$3.98">
    
	
	
		<span class="subtitle"></span>
	

	<div class="product-page-hotspot">
	    <div class="product-cell quickview-button">
	  	    <div class="product-image ">
                
	  		    <img src="https://assets.shop.loblaws.ca/products/21003407/b1/en/front/21003407_front_a01.png" onerror="this.src='https://assets.shop.loblaws.ca/products/NoImage/b1/en/front/NoImage_front_a01_@2.png';" alt="Kettle Style Blue Corn Tortilla Chips Seasoned With Sea Salt" />
                
	  			    
	  	        
                
                    
                

	  		    

	  		    

	  		    

	  		    <div class="hover-text-container">
	  			    <button href="#" tabindex="0" class="hover-text " aria-label="Quick View for Kettle Style Blue Corn Tortilla Chips Seasoned With Sea Salt.">Quick View</button>
	  		    </div>
	  	    </div>
	    </div>

	    <div class="product-in-cart">
	  	    <div class="wrapper-product-in-cart">
	  		    <span>
	  			    In Cart
	  		    </span>
	  	    </div>
	    </div>

	    <div class="product-info">
	  	    <div class="product-name-wrapper">
	  		    <a href="/Food/Pantry/Chips-%26-Salty-Snacks/Potato-Chips/President%27s-Choice-Kettle-Style-Blue-Corn-Tortilla-Chips-Seasoned-With-Sea-Salt/p/21003407_EA" class="product-name" aria-label="Product page for Kettle Style Blue Corn Tortilla Chips Seasoned With Sea Salt" >
	  			    <span class="js-product-entry-brand">President's Choice&nbsp;</span>

	  			    

	  			    <span class="js-product-entry-name">Kettle Style Blue Corn Tortilla Chips Seasoned With Sea Salt</span>

	  			    <span class="js-product-entry-size-detail">(368 g)</span>

	  		    </a>
	  	    </div>
	  	    
	  	    
	  		    
	  		    
	  			    



	
	
		
		<span class="ad-match-badge  hidden">Ad Match</span>
	

	  				
	  			        
	  					
	  				        
	  					
	  				
	  		    
	  	    

	  	    <div class="price">
			    <div class="price-wrapper no-discount  ">
				    <span class="reg-price  " aria-label="Regular Price: $3.98">
					    <span class="reg-price-text">$3.98</span>
					    
					    <sup class="reg-price-unit">ea</sup>
				    </span>
				    <span class="sale-price hidden" aria-label="Sale Price:">
					    <span class="sale-price-text"></span>
					    <sup class="sale-price-unit">ea</sup>
				    </span>
				    
				    <span class="secondary-price hidden">
					    
					    <span class="secondary-price-text" aria-label="Secondary Price:"></span>
				    </span>
			    </div>
	  	    </div>

	  	    <div class="qty">
	  		    <span class="reg-qty  ">
		
			
		  	
		  		<span class="sr-only">Sale Price Per Unit:</span>
        $1.08
        /
        100
        g
		  	
	  	
	</span>

	<span class="sale-qty hidden">
		
			
		  	
		  		<span class="sr-only">Sale Price Per Unit:</span>
        $1.08
        /
        100
        g
		  	
	  	
	</span>

	<span class="secondary-qty hidden">
		
	  	<span class="secondary-qty-text"></span>
	</span>
	  	    </div>
	    </div>


	    

	    
	</div>
	<form class="form-product  quickview-btn-simple"
	  data-product-id="21003407_EA"
	  data-min-qty="1.0"
	  data-max-qty="999.0"
	  data-unit-type="ea"
	  data-cart-qty="1"
	  data-default-qty="1"
	  novalidate="novalidate"
	  promoCode=""
	  promoNumber=""
	  data-is-customized="false"
	  data-cart-url="/cart/product/21003407_EA"
	  data-csrf-token="5582ec01-90c0-448b-b4f7-e2cf68d9f8a0"
	  data-is-weighted-product="false">

	<div class="module-add-to-cart " data-change-type="plus" data-auto-edit="true" data-auto-add="true"
		 data-cart-ajax-url="/cart/updateCart">
		<div class="wrapper-add-to-cart-btn">
					<div class="module-add-to-cart-button-small">
							<button type="button" class="btn btn-secondary btn-add-to-cart " data-auid="add-to-cart-button" data-has-pts-badge="false" aria-label="Add Kettle Style Blue Corn Tortilla Chips Seasoned With Sea Salt to cart">
										<span class="icon-cart"></span>
										<span class="add-to-cart-text">
											Add</span>
									</button>
									<button type="button" class="btn btn-secondary btn-edit-cart hidden " aria-label="Edit Cart">
										<span class="qty-in-cart"></span>
										<span class="edit-cart-text">
											<spring code="product.edit.text" />"
										</span>
									</button>
								<div class="add-list-parent add-list-module  bottom-add-list-module ">
	<button class="btn btn-inline-link btn-save-to-list  dark is-btn-animated" 
	  data-login-url="/account/login?productCode=21003407_EA" 
	  data-ajax-url="/restful/lists/all?productCode=21003407_EA" 
	  data-user-guest="Y" 
	  data-user-guest="Y" data-product-code="21003407_EA" 
	  data-delete-item="false"
	  aria-label="Add Kettle Style Blue Corn Tortilla Chips Seasoned With Sea Salt to a List">
	  <span class="glyphicon glyphicon-th-list"></span>
	  <div class="list-cta-text  is-btn-animated">Add to List</div>
	</button>
	 
	<!-- this is the list HTML   -->
	<div class="save-to-list-popup  is-btn-animated animation-up dark" 
	  data-save-to-list-error="Can not get lists at this time. Please try again later."
	  data-product-name="Kettle Style Blue Corn Tortilla Chips Seasoned With Sea Salt">
	  <div class="inner-container">
	  </div>
	  
	</div>
</div>

</div>
				</div>
			</div>


	<div class="module-plus-minus-buttons small hidden ">
			<button type="button" class="btn cart-change-qty" data-change-type="minus" data-auid="decrease-product-quantity" alt="Minus" aria-label="Minus">
				<span class="icon-minimize"></span>
			</button>
			<div class="plus-minus-input-wrapper">
				<input class="input-qty cart-change-qty" aria-label="Enter manual quantity" type="text" name="qty" title="Change quantity in cart"
							data-unit-type="ea"
							value="1ea" data-change-type="equals"
							maxlength="7">

						<span class="input-qty-pretty">
							<span class="input-qty-pretty-value">1</span>
							<span class="input-qty-pretty-unit"></span>
						</span>
					</div>

			<button type="button" class="btn cart-change-qty" data-change-type="plus" data-auid="increase-product-quantity" alt="Plus" aria-label="Plus">
				<span class="icon-plus-sign"></span>
			</button>

			<p class="deal-limit-reached hidden">Deal Limit Reached</p>

			<div class="tooltip-qty-error tooltip-qty-limit hidden">
				<p>
					Limit to
					&nbsp;
					999
					&nbsp;each&nbsp;
					per customer.</p>
			</div>
			<div class="tooltip-qty-error tooltip-round-error hidden">
				<p>
					We do not have this in the weight you wanted. We've rounded your order to the nearest weight increment we stock.</p>
			</div>
		</div>
	</form>

<!-- End Template: AddToCartSmall -->

</div>
</div>
<div class="item">
		









































	
	
		
		
		
		
			
		
	





























<div class="module-grocery-product quickview-simple  clicked" data-quickview-ajax-url="/p/20868465002_EA/quickViewProduct" data-product-id="20868465002_EA"  data-product-price="$3.48">
    
	
	
		<span class="subtitle"></span>
	

	<div class="product-page-hotspot">
	    <div class="product-cell quickview-button">
	  	    <div class="product-image ">
                
	  		    <img src="https://assets.shop.loblaws.ca/products/20868465002/b1/en/front/20868465002_front_a01.png" onerror="this.src='https://assets.shop.loblaws.ca/products/NoImage/b1/en/front/NoImage_front_a01_@2.png';" alt="Potato Chips, BBQ" />
                
	  			    
	  			        <span class="sticker deal">
	  				        <span class="deal-badge">
	  				            
	  			                
	  				            

	  				            <span class="module-deal-badge module-deal-badge-grid simple-save-unit "
	  						        data-deal-type="2 FOR $5.00"
	  						        data-ajax-promo-url="/simpleDeal/deals/product-tile?productCode=20868465002_EA"
	  						        data-deal-id="20868465002_EA">
	  						        <span class="deal-type">2 FOR $5.00</span>
	  						            








	<span class="deal-expiry">
		Exp. 12/19
	</span>

	  					                
	  				            </span>
	  			            </span>
	  		            </span>
	  			        
	  	            
	  	        
                
                    
                

	  		    

	  		    

	  		    

	  		    <div class="hover-text-container">
	  			    <button href="#" tabindex="0" class="hover-text " aria-label="Quick View for Potato Chips, BBQ.">Quick View</button>
	  		    </div>
	  	    </div>
	    </div>

	    <div class="product-in-cart">
	  	    <div class="wrapper-product-in-cart">
	  		    <span>
	  			    In Cart
	  		    </span>
	  	    </div>
	    </div>

	    <div class="product-info">
	  	    <div class="product-name-wrapper">
	  		    <a href="/Food/Pantry/Chips-%26-Salty-Snacks/Potato-Chips/Old-Dutch-RIP-L-Potato-Chips%2C-BBQ/p/20868465002_EA" class="product-name" aria-label="Product page for Potato Chips, BBQ" >
	  			    <span class="js-product-entry-brand">Old Dutch&nbsp;</span>

	  			    

	  			    <span class="js-product-entry-name">Potato Chips, BBQ</span>

	  			    <span class="js-product-entry-size-detail">(255 g)</span>

	  		    </a>
	  	    </div>
	  	    
	  	    
	  		    
	  		    
	  			    



	
	
		
		<span class="ad-match-badge  hidden">Ad Match</span>
	

	  				
	  			        
	  					
	  				        
	  					
	  				
	  		    
	  	    

	  	    <div class="price">
			    <div class="price-wrapper no-discount  ">
				    <span class="reg-price  " aria-label="Regular Price: $3.48">
					    <span class="reg-price-text">$3.48</span>
					    
					    <sup class="reg-price-unit">ea</sup>
				    </span>
				    <span class="sale-price hidden" aria-label="Sale Price:">
					    <span class="sale-price-text"></span>
					    <sup class="sale-price-unit">ea</sup>
				    </span>
				    
				    <span class="secondary-price hidden">
					    
					    <span class="secondary-price-text" aria-label="Secondary Price:"></span>
				    </span>
			    </div>
	  	    </div>

	  	    <div class="qty">
	  		    <span class="reg-qty  ">
		
			
		  	
		  		<span class="sr-only">Sale Price Per Unit:</span>
        $1.36
        /
        100
        g
		  	
	  	
	</span>

	<span class="sale-qty hidden">
		
			
		  	
		  		<span class="sr-only">Sale Price Per Unit:</span>
        $1.36
        /
        100
        g
		  	
	  	
	</span>

	<span class="secondary-qty hidden">
		
	  	<span class="secondary-qty-text"></span>
	</span>
	  	    </div>
	    </div>


	    

	    
	</div>
	<form class="form-product  quickview-btn-simple"
	  data-product-id="20868465002_EA"
	  data-min-qty="1.0"
	  data-max-qty="999.0"
	  data-unit-type="ea"
	  data-cart-qty="1"
	  data-default-qty="1"
	  novalidate="novalidate"
	  promoCode=""
	  promoNumber=""
	  data-is-customized="false"
	  data-cart-url="/cart/product/20868465002_EA"
	  data-csrf-token="5582ec01-90c0-448b-b4f7-e2cf68d9f8a0"
	  data-is-weighted-product="false">

	<div class="module-add-to-cart " data-change-type="plus" data-auto-edit="true" data-auto-add="true"
		 data-cart-ajax-url="/cart/updateCart">
		<div class="wrapper-add-to-cart-btn">
					<div class="module-add-to-cart-button-small">
							<button type="button" class="btn btn-secondary btn-add-to-cart " data-auid="add-to-cart-button" data-has-pts-badge="false" aria-label="Add Potato Chips, BBQ to cart">
										<span class="icon-cart"></span>
										<span class="add-to-cart-text">
											Add</span>
									</button>
									<button type="button" class="btn btn-secondary btn-edit-cart hidden " aria-label="Edit Cart">
										<span class="qty-in-cart"></span>
										<span class="edit-cart-text">
											<spring code="product.edit.text" />"
										</span>
									</button>
								<div class="add-list-parent add-list-module  bottom-add-list-module ">
	<button class="btn btn-inline-link btn-save-to-list  dark is-btn-animated" 
	  data-login-url="/account/login?productCode=20868465002_EA" 
	  data-ajax-url="/restful/lists/all?productCode=20868465002_EA" 
	  data-user-guest="Y" 
	  data-user-guest="Y" data-product-code="20868465002_EA" 
	  data-delete-item="false"
	  aria-label="Add Potato Chips, BBQ to a List">
	  <span class="glyphicon glyphicon-th-list"></span>
	  <div class="list-cta-text  is-btn-animated">Add to List</div>
	</button>
	 
	<!-- this is the list HTML   -->
	<div class="save-to-list-popup  is-btn-animated animation-up dark" 
	  data-save-to-list-error="Can not get lists at this time. Please try again later."
	  data-product-name="Potato Chips, BBQ">
	  <div class="inner-container">
	  </div>
	  
	</div>
</div>

</div>
				</div>
			</div>


	<div class="module-plus-minus-buttons small hidden ">
			<button type="button" class="btn cart-change-qty" data-change-type="minus" data-auid="decrease-product-quantity" alt="Minus" aria-label="Minus">
				<span class="icon-minimize"></span>
			</button>
			<div class="plus-minus-input-wrapper">
				<input class="input-qty cart-change-qty" aria-label="Enter manual quantity" type="text" name="qty" title="Change quantity in cart"
							data-unit-type="ea"
							value="1ea" data-change-type="equals"
							maxlength="7">

						<span class="input-qty-pretty">
							<span class="input-qty-pretty-value">1</span>
							<span class="input-qty-pretty-unit"></span>
						</span>
					</div>

			<button type="button" class="btn cart-change-qty" data-change-type="plus" data-auid="increase-product-quantity" alt="Plus" aria-label="Plus">
				<span class="icon-plus-sign"></span>
			</button>

			<p class="deal-limit-reached hidden">Deal Limit Reached</p>

			<div class="tooltip-qty-error tooltip-qty-limit hidden">
				<p>
					Limit to
					&nbsp;
					999
					&nbsp;each&nbsp;
					per customer.</p>
			</div>
			<div class="tooltip-qty-error tooltip-round-error hidden">
				<p>
					We do not have this in the weight you wanted. We've rounded your order to the nearest weight increment we stock.</p>
			</div>
		</div>
	</form>

<!-- End Template: AddToCartSmall -->

</div>
</div>
<div class="item">
		









































	
	
		
		
		
		
			
		
	





























<div class="module-grocery-product quickview-simple  clicked" data-quickview-ajax-url="/p/21048871_EA/quickViewProduct" data-product-id="21048871_EA"  data-product-price="$1.48">
    
	
	
		<span class="subtitle"></span>
	

	<div class="product-page-hotspot">
	    <div class="product-cell quickview-button">
	  	    <div class="product-image ">
                
	  		    <img src="https://assets.shop.loblaws.ca/products/21048871/b1/en/front/21048871_front_a01.png" onerror="this.src='https://assets.shop.loblaws.ca/products/NoImage/b1/en/front/NoImage_front_a01_@2.png';" alt="Chips, Tempura Shrimp" />
                
	  			    
	  			        <span class="sticker deal">
	  				        <span class="deal-badge">
	  				            
	  			                
	  				            

	  				            <span class="module-deal-badge module-deal-badge-grid simple-save-unit "
	  						        data-deal-type="2 FOR $2.70"
	  						        data-ajax-promo-url="/simpleDeal/deals/product-tile?productCode=21048871_EA"
	  						        data-deal-id="21048871_EA">
	  						        <span class="deal-type">2 FOR $2.70</span>
	  						            








	<span class="deal-expiry">
		Exp. 12/31
	</span>

	  					                
	  				            </span>
	  			            </span>
	  		            </span>
	  			        
	  	            
	  	        
                
                    
                

	  		    

	  		    

	  		    

	  		    <div class="hover-text-container">
	  			    <button href="#" tabindex="0" class="hover-text " aria-label="Quick View for Chips, Tempura Shrimp.">Quick View</button>
	  		    </div>
	  	    </div>
	    </div>

	    <div class="product-in-cart">
	  	    <div class="wrapper-product-in-cart">
	  		    <span>
	  			    In Cart
	  		    </span>
	  	    </div>
	    </div>

	    <div class="product-info">
	  	    <div class="product-name-wrapper">
	  		    <a href="/Food/Pantry/Chips-%26-Salty-Snacks/Potato-Chips/Regent-Chips%2C-Tempura-Shrimp/p/21048871_EA" class="product-name" aria-label="Product page for Chips, Tempura Shrimp" >
	  			    

	  			    

	  			    <span class="js-product-entry-name">Chips, Tempura Shrimp</span>

	  			    <span class="js-product-entry-size-detail">(100 g)</span>

	  		    </a>
	  	    </div>
	  	    
	  	    
	  		    
	  		    
	  			    



	
	
		
		<span class="ad-match-badge  hidden">Ad Match</span>
	

	  				
	  			        
	  					
	  				        
	  					
	  				
	  		    
	  	    

	  	    <div class="price">
			    <div class="price-wrapper no-discount  ">
				    <span class="reg-price  " aria-label="Regular Price: $1.48">
					    <span class="reg-price-text">$1.48</span>
					    
					    <sup class="reg-price-unit">ea</sup>
				    </span>
				    <span class="sale-price hidden" aria-label="Sale Price:">
					    <span class="sale-price-text"></span>
					    <sup class="sale-price-unit">ea</sup>
				    </span>
				    
				    <span class="secondary-price hidden">
					    
					    <span class="secondary-price-text" aria-label="Secondary Price:"></span>
				    </span>
			    </div>
	  	    </div>

	  	    <div class="qty">
	  		    <span class="reg-qty  ">
		
			
		  	
		  		<span class="sr-only">Sale Price Per Unit:</span>
        $1.48
        /
        100
        g
		  	
	  	
	</span>

	<span class="sale-qty hidden">
		
			
		  	
		  		<span class="sr-only">Sale Price Per Unit:</span>
        $1.48
        /
        100
        g
		  	
	  	
	</span>

	<span class="secondary-qty hidden">
		
	  	<span class="secondary-qty-text"></span>
	</span>
	  	    </div>
	    </div>


	    

	    
	</div>
	<form class="form-product  quickview-btn-simple"
	  data-product-id="21048871_EA"
	  data-min-qty="1.0"
	  data-max-qty="999.0"
	  data-unit-type="ea"
	  data-cart-qty="1"
	  data-default-qty="1"
	  novalidate="novalidate"
	  promoCode=""
	  promoNumber=""
	  data-is-customized="false"
	  data-cart-url="/cart/product/21048871_EA"
	  data-csrf-token="5582ec01-90c0-448b-b4f7-e2cf68d9f8a0"
	  data-is-weighted-product="false">

	<div class="module-add-to-cart " data-change-type="plus" data-auto-edit="true" data-auto-add="true"
		 data-cart-ajax-url="/cart/updateCart">
		<div class="wrapper-add-to-cart-btn">
					<div class="module-add-to-cart-button-small">
							<button type="button" class="btn btn-secondary btn-add-to-cart " data-auid="add-to-cart-button" data-has-pts-badge="false" aria-label="Add Chips, Tempura Shrimp to cart">
										<span class="icon-cart"></span>
										<span class="add-to-cart-text">
											Add</span>
									</button>
									<button type="button" class="btn btn-secondary btn-edit-cart hidden " aria-label="Edit Cart">
										<span class="qty-in-cart"></span>
										<span class="edit-cart-text">
											<spring code="product.edit.text" />"
										</span>
									</button>
								<div class="add-list-parent add-list-module  bottom-add-list-module ">
	<button class="btn btn-inline-link btn-save-to-list  dark is-btn-animated" 
	  data-login-url="/account/login?productCode=21048871_EA" 
	  data-ajax-url="/restful/lists/all?productCode=21048871_EA" 
	  data-user-guest="Y" 
	  data-user-guest="Y" data-product-code="21048871_EA" 
	  data-delete-item="false"
	  aria-label="Add Chips, Tempura Shrimp to a List">
	  <span class="glyphicon glyphicon-th-list"></span>
	  <div class="list-cta-text  is-btn-animated">Add to List</div>
	</button>
	 
	<!-- this is the list HTML   -->
	<div class="save-to-list-popup  is-btn-animated animation-up dark" 
	  data-save-to-list-error="Can not get lists at this time. Please try again later."
	  data-product-name="Chips, Tempura Shrimp">
	  <div class="inner-container">
	  </div>
	  
	</div>
</div>

</div>
				</div>
			</div>


	<div class="module-plus-minus-buttons small hidden ">
			<button type="button" class="btn cart-change-qty" data-change-type="minus" data-auid="decrease-product-quantity" alt="Minus" aria-label="Minus">
				<span class="icon-minimize"></span>
			</button>
			<div class="plus-minus-input-wrapper">
				<input class="input-qty cart-change-qty" aria-label="Enter manual quantity" type="text" name="qty" title="Change quantity in cart"
							data-unit-type="ea"
							value="1ea" data-change-type="equals"
							maxlength="7">

						<span class="input-qty-pretty">
							<span class="input-qty-pretty-value">1</span>
							<span class="input-qty-pretty-unit"></span>
						</span>
					</div>

			<button type="button" class="btn cart-change-qty" data-change-type="plus" data-auid="increase-product-quantity" alt="Plus" aria-label="Plus">
				<span class="icon-plus-sign"></span>
			</button>

			<p class="deal-limit-reached hidden">Deal Limit Reached</p>

			<div class="tooltip-qty-error tooltip-qty-limit hidden">
				<p>
					Limit to
					&nbsp;
					999
					&nbsp;each&nbsp;
					per customer.</p>
			</div>
			<div class="tooltip-qty-error tooltip-round-error hidden">
				<p>
					We do not have this in the weight you wanted. We've rounded your order to the nearest weight increment we stock.</p>
			</div>
		</div>
	</form>

<!-- End Template: AddToCartSmall -->

</div>
</div>
<div class="item">
		









































	
	
		
		
		
		
			
		
	





























<div class="module-grocery-product quickview-simple  clicked" data-quickview-ajax-url="/p/20986486_EA/quickViewProduct" data-product-id="20986486_EA"  data-product-price="$7.98">
    
	
	
		<span class="subtitle"></span>
	

	<div class="product-page-hotspot">
	    <div class="product-cell quickview-button">
	  	    <div class="product-image ">
                
	  		    <img src="https://assets.shop.loblaws.ca/products/20986486/b1/en/front/20986486_front_a01.png" onerror="this.src='https://assets.shop.loblaws.ca/products/NoImage/b1/en/front/NoImage_front_a01_@2.png';" alt="Original Low Sodium" />
                
	  			    
	  	        
                
                    
                

	  		    

	  		    

	  		    

	  		    <div class="hover-text-container">
	  			    <button href="#" tabindex="0" class="hover-text " aria-label="Quick View for Original Low Sodium.">Quick View</button>
	  		    </div>
	  	    </div>
	    </div>

	    <div class="product-in-cart">
	  	    <div class="wrapper-product-in-cart">
	  		    <span>
	  			    In Cart
	  		    </span>
	  	    </div>
	    </div>

	    <div class="product-info">
	  	    <div class="product-name-wrapper">
	  		    <a href="/Food/Pantry/Chips-%26-Salty-Snacks/Potato-Chips/Terra-Original-Low-Sodium/p/20986486_EA" class="product-name" aria-label="Product page for Original Low Sodium" >
	  			    <span class="js-product-entry-brand">Terra&nbsp;</span>

	  			    

	  			    <span class="js-product-entry-name">Original Low Sodium</span>

	  			    <span class="js-product-entry-size-detail">(354 g)</span>

	  		    </a>
	  	    </div>
	  	    
	  	    
	  		    
	  		    
	  			    



	
	
		
		<span class="ad-match-badge  hidden">Ad Match</span>
	

	  				
	  			        
	  					
	  				        
	  					
	  				
	  		    
	  	    

	  	    <div class="price">
			    <div class="price-wrapper no-discount  ">
				    <span class="reg-price  " aria-label="Regular Price: $7.98">
					    <span class="reg-price-text">$7.98</span>
					    
					    <sup class="reg-price-unit">ea</sup>
				    </span>
				    <span class="sale-price hidden" aria-label="Sale Price:">
					    <span class="sale-price-text"></span>
					    <sup class="sale-price-unit">ea</sup>
				    </span>
				    
				    <span class="secondary-price hidden">
					    
					    <span class="secondary-price-text" aria-label="Secondary Price:"></span>
				    </span>
			    </div>
	  	    </div>

	  	    <div class="qty">
	  		    <span class="reg-qty  ">
		
			
		  	
		  		<span class="sr-only">Sale Price Per Unit:</span>
        $2.25
        /
        100
        g
		  	
	  	
	</span>

	<span class="sale-qty hidden">
		
			
		  	
		  		<span class="sr-only">Sale Price Per Unit:</span>
        $2.25
        /
        100
        g
		  	
	  	
	</span>

	<span class="secondary-qty hidden">
		
	  	<span class="secondary-qty-text"></span>
	</span>
	  	    </div>
	    </div>


	    

	    
	</div>
	<form class="form-product  quickview-btn-simple"
	  data-product-id="20986486_EA"
	  data-min-qty="1.0"
	  data-max-qty="999.0"
	  data-unit-type="ea"
	  data-cart-qty="1"
	  data-default-qty="1"
	  novalidate="novalidate"
	  promoCode=""
	  promoNumber=""
	  data-is-customized="false"
	  data-cart-url="/cart/product/20986486_EA"
	  data-csrf-token="5582ec01-90c0-448b-b4f7-e2cf68d9f8a0"
	  data-is-weighted-product="false">

	<div class="module-add-to-cart " data-change-type="plus" data-auto-edit="true" data-auto-add="true"
		 data-cart-ajax-url="/cart/updateCart">
		<div class="wrapper-add-to-cart-btn">
					<div class="module-add-to-cart-button-small">
							<button type="button" class="btn btn-secondary btn-add-to-cart " data-auid="add-to-cart-button" data-has-pts-badge="false" aria-label="Add Original Low Sodium to cart">
										<span class="icon-cart"></span>
										<span class="add-to-cart-text">
											Add</span>
									</button>
									<button type="button" class="btn btn-secondary btn-edit-cart hidden " aria-label="Edit Cart">
										<span class="qty-in-cart"></span>
										<span class="edit-cart-text">
											<spring code="product.edit.text" />"
										</span>
									</button>
								<div class="add-list-parent add-list-module  bottom-add-list-module ">
	<button class="btn btn-inline-link btn-save-to-list  dark is-btn-animated" 
	  data-login-url="/account/login?productCode=20986486_EA" 
	  data-ajax-url="/restful/lists/all?productCode=20986486_EA" 
	  data-user-guest="Y" 
	  data-user-guest="Y" data-product-code="20986486_EA" 
	  data-delete-item="false"
	  aria-label="Add Original Low Sodium to a List">
	  <span class="glyphicon glyphicon-th-list"></span>
	  <div class="list-cta-text  is-btn-animated">Add to List</div>
	</button>
	 
	<!-- this is the list HTML   -->
	<div class="save-to-list-popup  is-btn-animated animation-up dark" 
	  data-save-to-list-error="Can not get lists at this time. Please try again later."
	  data-product-name="Original Low Sodium">
	  <div class="inner-container">
	  </div>
	  
	</div>
</div>

</div>
				</div>
			</div>


	<div class="module-plus-minus-buttons small hidden ">
			<button type="button" class="btn cart-change-qty" data-change-type="minus" data-auid="decrease-product-quantity" alt="Minus" aria-label="Minus">
				<span class="icon-minimize"></span>
			</button>
			<div class="plus-minus-input-wrapper">
				<input class="input-qty cart-change-qty" aria-label="Enter manual quantity" type="text" name="qty" title="Change quantity in cart"
							data-unit-type="ea"
							value="1ea" data-change-type="equals"
							maxlength="7">

						<span class="input-qty-pretty">
							<span class="input-qty-pretty-value">1</span>
							<span class="input-qty-pretty-unit"></span>
						</span>
					</div>

			<button type="button" class="btn cart-change-qty" data-change-type="plus" data-auid="increase-product-quantity" alt="Plus" aria-label="Plus">
				<span class="icon-plus-sign"></span>
			</button>

			<p class="deal-limit-reached hidden">Deal Limit Reached</p>

			<div class="tooltip-qty-error tooltip-qty-limit hidden">
				<p>
					Limit to
					&nbsp;
					999
					&nbsp;each&nbsp;
					per customer.</p>
			</div>
			<div class="tooltip-qty-error tooltip-round-error hidden">
				<p>
					We do not have this in the weight you wanted. We've rounded your order to the nearest weight increment we stock.</p>
			</div>
		</div>
	</form>

<!-- End Template: AddToCartSmall -->

</div>
</div>
<div class="item">
		









































	
	
		
		
		
		
			
		
	





























<div class="module-grocery-product quickview-simple  clicked" data-quickview-ajax-url="/p/20593313_EA/quickViewProduct" data-product-id="20593313_EA"  data-product-price="$1.78">
    
	
	
		<span class="subtitle"></span>
	

	<div class="product-page-hotspot">
	    <div class="product-cell quickview-button">
	  	    <div class="product-image ">
                
	  		    <img src="https://assets.shop.loblaws.ca/products/20593313/b1/en/front/20593313_front_a01.png" onerror="this.src='https://assets.shop.loblaws.ca/products/NoImage/b1/en/front/NoImage_front_a01_@2.png';" alt="Korean Roasted Seaweed Laver" />
                
	  			    
	  			        <span class="sticker deal">
	  				        <span class="deal-badge">
	  				            
	  			                
	  				            

	  				            <span class="module-deal-badge module-deal-badge-grid simple-save-unit "
	  						        data-deal-type="3 FOR $4.80"
	  						        data-ajax-promo-url="/simpleDeal/deals/product-tile?productCode=20593313_EA"
	  						        data-deal-id="20593313_EA">
	  						        <span class="deal-type">3 FOR $4.80</span>
	  						            








	<span class="deal-expiry">
		Exp. 12/31
	</span>

	  					                
	  				            </span>
	  			            </span>
	  		            </span>
	  			        
	  	            
	  	        
                
                    
                

	  		    

	  		    

	  		    

	  		    <div class="hover-text-container">
	  			    <button href="#" tabindex="0" class="hover-text " aria-label="Quick View for Korean Roasted Seaweed Laver.">Quick View</button>
	  		    </div>
	  	    </div>
	    </div>

	    <div class="product-in-cart">
	  	    <div class="wrapper-product-in-cart">
	  		    <span>
	  			    In Cart
	  		    </span>
	  	    </div>
	    </div>

	    <div class="product-info">
	  	    <div class="product-name-wrapper">
	  		    <a href="/No-Navigation-Supercategory/Pretzels-%26-Crunch-Snacks/Korean-Roasted-Seaweed-Laver/p/20593313_EA" class="product-name" aria-label="Product page for Korean Roasted Seaweed Laver" >
	  			    <span class="js-product-entry-brand">T&T&nbsp;</span>

	  			    

	  			    <span class="js-product-entry-name">Korean Roasted Seaweed Laver</span>

	  			    <span class="js-product-entry-size-detail">(15 g)</span>

	  		    </a>
	  	    </div>
	  	    
	  	    
	  		    
	  		    
	  			    



	
	
		
		<span class="ad-match-badge  hidden">Ad Match</span>
	

	  				
	  			        
	  					
	  				        
	  					
	  				
	  		    
	  	    

	  	    <div class="price">
			    <div class="price-wrapper no-discount  ">
				    <span class="reg-price  " aria-label="Regular Price: $1.78">
					    <span class="reg-price-text">$1.78</span>
					    
					    <sup class="reg-price-unit">ea</sup>
				    </span>
				    <span class="sale-price hidden" aria-label="Sale Price:">
					    <span class="sale-price-text"></span>
					    <sup class="sale-price-unit">ea</sup>
				    </span>
				    
				    <span class="secondary-price hidden">
					    
					    <span class="secondary-price-text" aria-label="Secondary Price:"></span>
				    </span>
			    </div>
	  	    </div>

	  	    <div class="qty">
	  		    <span class="reg-qty  ">
		
			
		  	
		  		<span class="sr-only">Sale Price Per Unit:</span>
        $11.87
        /
        100
        g
		  	
	  	
	</span>

	<span class="sale-qty hidden">
		
			
		  	
		  		<span class="sr-only">Sale Price Per Unit:</span>
        $11.87
        /
        100
        g
		  	
	  	
	</span>

	<span class="secondary-qty hidden">
		
	  	<span class="secondary-qty-text"></span>
	</span>
	  	    </div>
	    </div>


	    

	    
	</div>
	<form class="form-product  quickview-btn-simple"
	  data-product-id="20593313_EA"
	  data-min-qty="1.0"
	  data-max-qty="999.0"
	  data-unit-type="ea"
	  data-cart-qty="1"
	  data-default-qty="1"
	  novalidate="novalidate"
	  promoCode=""
	  promoNumber=""
	  data-is-customized="false"
	  data-cart-url="/cart/product/20593313_EA"
	  data-csrf-token="5582ec01-90c0-448b-b4f7-e2cf68d9f8a0"
	  data-is-weighted-product="false">

	<div class="module-add-to-cart " data-change-type="plus" data-auto-edit="true" data-auto-add="true"
		 data-cart-ajax-url="/cart/updateCart">
		<div class="wrapper-add-to-cart-btn">
					<div class="module-add-to-cart-button-small">
							<button type="button" class="btn btn-secondary btn-add-to-cart " data-auid="add-to-cart-button" data-has-pts-badge="false" aria-label="Add Korean Roasted Seaweed Laver to cart">
										<span class="icon-cart"></span>
										<span class="add-to-cart-text">
											Add</span>
									</button>
									<button type="button" class="btn btn-secondary btn-edit-cart hidden " aria-label="Edit Cart">
										<span class="qty-in-cart"></span>
										<span class="edit-cart-text">
											<spring code="product.edit.text" />"
										</span>
									</button>
								<div class="add-list-parent add-list-module  bottom-add-list-module ">
	<button class="btn btn-inline-link btn-save-to-list  dark is-btn-animated" 
	  data-login-url="/account/login?productCode=20593313_EA" 
	  data-ajax-url="/restful/lists/all?productCode=20593313_EA" 
	  data-user-guest="Y" 
	  data-user-guest="Y" data-product-code="20593313_EA" 
	  data-delete-item="false"
	  aria-label="Add Korean Roasted Seaweed Laver to a List">
	  <span class="glyphicon glyphicon-th-list"></span>
	  <div class="list-cta-text  is-btn-animated">Add to List</div>
	</button>
	 
	<!-- this is the list HTML   -->
	<div class="save-to-list-popup  is-btn-animated animation-up dark" 
	  data-save-to-list-error="Can not get lists at this time. Please try again later."
	  data-product-name="Korean Roasted Seaweed Laver">
	  <div class="inner-container">
	  </div>
	  
	</div>
</div>

</div>
				</div>
			</div>


	<div class="module-plus-minus-buttons small hidden ">
			<button type="button" class="btn cart-change-qty" data-change-type="minus" data-auid="decrease-product-quantity" alt="Minus" aria-label="Minus">
				<span class="icon-minimize"></span>
			</button>
			<div class="plus-minus-input-wrapper">
				<input class="input-qty cart-change-qty" aria-label="Enter manual quantity" type="text" name="qty" title="Change quantity in cart"
							data-unit-type="ea"
							value="1ea" data-change-type="equals"
							maxlength="7">

						<span class="input-qty-pretty">
							<span class="input-qty-pretty-value">1</span>
							<span class="input-qty-pretty-unit"></span>
						</span>
					</div>

			<button type="button" class="btn cart-change-qty" data-change-type="plus" data-auid="increase-product-quantity" alt="Plus" aria-label="Plus">
				<span class="icon-plus-sign"></span>
			</button>

			<p class="deal-limit-reached hidden">Deal Limit Reached</p>

			<div class="tooltip-qty-error tooltip-qty-limit hidden">
				<p>
					Limit to
					&nbsp;
					999
					&nbsp;each&nbsp;
					per customer.</p>
			</div>
			<div class="tooltip-qty-error tooltip-round-error hidden">
				<p>
					We do not have this in the weight you wanted. We've rounded your order to the nearest weight increment we stock.</p>
			</div>
		</div>
	</form>

<!-- End Template: AddToCartSmall -->

</div>
</div>
<div class="item">
		









































	
	
		
		
		
		
			
		
	





























<div class="module-grocery-product quickview-simple  clicked" data-quickview-ajax-url="/p/21109258_EA/quickViewProduct" data-product-id="21109258_EA"  data-product-price="$2.47">
    
	
	
		<span class="subtitle"></span>
	

	<div class="product-page-hotspot">
	    <div class="product-cell quickview-button">
	  	    <div class="product-image ">
                
	  		    <img src="https://assets.shop.loblaws.ca/products/21109258/b1/en/front/21109258_front_a01.png" onerror="this.src='https://assets.shop.loblaws.ca/products/NoImage/b1/en/front/NoImage_front_a01_@2.png';" alt="Potato Chips, Taco" />
                
	  			    
	  	        
                
                    
                

	  		    

	  		    
	  			    <span class="sticker deal">
	  				    <span class="deal-badge">
	  					    <span class="module-deal-badge module-deal-badge-feature flyer expires undefined">
	  						    <span class="deal-type">
								    Flyer<br />
	  							    Item
	  						    </span>
	  						    








	<span class="deal-expiry">
		Exp. 12/19
	</span>

	  					    </span>
	  				    </span>
	  			    </span>
	  			    
	  		    

	  		    

	  		    <div class="hover-text-container">
	  			    <button href="#" tabindex="0" class="hover-text " aria-label="Quick View for Potato Chips, Taco.">Quick View</button>
	  		    </div>
	  	    </div>
	    </div>

	    <div class="product-in-cart">
	  	    <div class="wrapper-product-in-cart">
	  		    <span>
	  			    In Cart
	  		    </span>
	  	    </div>
	    </div>

	    <div class="product-info">
	  	    <div class="product-name-wrapper">
	  		    <a href="/Food/Pantry/Chips-%26-Salty-Snacks/Potato-Chips/Lay%27s-Potato-Chips%2C-Taco/p/21109258_EA" class="product-name" aria-label="Product page for Potato Chips, Taco" >
	  			    <span class="js-product-entry-brand">Lay's&nbsp;</span>

	  			    

	  			    <span class="js-product-entry-name">Potato Chips, Taco</span>

	  			    <span class="js-product-entry-size-detail">(240 g)</span>

	  		    </a>
	  	    </div>
	  	    
	  	    
	  		    
	  		    
	  			    



	
	
		
		<span class="ad-match-badge  hidden">Ad Match</span>
	

	  				
	  			        
	  					
	  				        
	  					
	  				
	  		    
	  	    

	  	    <div class="price">
			    <div class="price-wrapper no-discount  ">
				    <span class="reg-price  " aria-label="Regular Price: $2.47">
					    <span class="reg-price-text">$2.47</span>
					    
					    <sup class="reg-price-unit">ea</sup>
				    </span>
				    <span class="sale-price hidden" aria-label="Sale Price:">
					    <span class="sale-price-text"></span>
					    <sup class="sale-price-unit">ea</sup>
				    </span>
				    
				    <span class="secondary-price hidden">
					    
					    <span class="secondary-price-text" aria-label="Secondary Price:"></span>
				    </span>
			    </div>
	  	    </div>

	  	    <div class="qty">
	  		    <span class="reg-qty  ">
		
			
		  	
		  		<span class="sr-only">Sale Price Per Unit:</span>
        $1.03
        /
        100
        g
		  	
	  	
	</span>

	<span class="sale-qty hidden">
		
			
		  	
		  		<span class="sr-only">Sale Price Per Unit:</span>
        $1.03
        /
        100
        g
		  	
	  	
	</span>

	<span class="secondary-qty hidden">
		
	  	<span class="secondary-qty-text"></span>
	</span>
	  	    </div>
	    </div>


	    

	    
	</div>
	<form class="form-product  quickview-btn-simple"
	  data-product-id="21109258_EA"
	  data-min-qty="1.0"
	  data-max-qty="999.0"
	  data-unit-type="ea"
	  data-cart-qty="1"
	  data-default-qty="1"
	  novalidate="novalidate"
	  promoCode=""
	  promoNumber=""
	  data-is-customized="false"
	  data-cart-url="/cart/product/21109258_EA"
	  data-csrf-token="5582ec01-90c0-448b-b4f7-e2cf68d9f8a0"
	  data-is-weighted-product="false">

	<div class="module-add-to-cart " data-change-type="plus" data-auto-edit="true" data-auto-add="true"
		 data-cart-ajax-url="/cart/updateCart">
		<div class="wrapper-add-to-cart-btn">
					<div class="module-add-to-cart-button-small">
							<button type="button" class="btn btn-secondary btn-add-to-cart " data-auid="add-to-cart-button" data-has-pts-badge="false" aria-label="Add Potato Chips, Taco to cart">
										<span class="icon-cart"></span>
										<span class="add-to-cart-text">
											Add</span>
									</button>
									<button type="button" class="btn btn-secondary btn-edit-cart hidden " aria-label="Edit Cart">
										<span class="qty-in-cart"></span>
										<span class="edit-cart-text">
											<spring code="product.edit.text" />"
										</span>
									</button>
								<div class="add-list-parent add-list-module  bottom-add-list-module ">
	<button class="btn btn-inline-link btn-save-to-list  dark is-btn-animated" 
	  data-login-url="/account/login?productCode=21109258_EA" 
	  data-ajax-url="/restful/lists/all?productCode=21109258_EA" 
	  data-user-guest="Y" 
	  data-user-guest="Y" data-product-code="21109258_EA" 
	  data-delete-item="false"
	  aria-label="Add Potato Chips, Taco to a List">
	  <span class="glyphicon glyphicon-th-list"></span>
	  <div class="list-cta-text  is-btn-animated">Add to List</div>
	</button>
	 
	<!-- this is the list HTML   -->
	<div class="save-to-list-popup  is-btn-animated animation-up dark" 
	  data-save-to-list-error="Can not get lists at this time. Please try again later."
	  data-product-name="Potato Chips, Taco">
	  <div class="inner-container">
	  </div>
	  
	</div>
</div>

</div>
				</div>
			</div>


	<div class="module-plus-minus-buttons small hidden ">
			<button type="button" class="btn cart-change-qty" data-change-type="minus" data-auid="decrease-product-quantity" alt="Minus" aria-label="Minus">
				<span class="icon-minimize"></span>
			</button>
			<div class="plus-minus-input-wrapper">
				<input class="input-qty cart-change-qty" aria-label="Enter manual quantity" type="text" name="qty" title="Change quantity in cart"
							data-unit-type="ea"
							value="1ea" data-change-type="equals"
							maxlength="7">

						<span class="input-qty-pretty">
							<span class="input-qty-pretty-value">1</span>
							<span class="input-qty-pretty-unit"></span>
						</span>
					</div>

			<button type="button" class="btn cart-change-qty" data-change-type="plus" data-auid="increase-product-quantity" alt="Plus" aria-label="Plus">
				<span class="icon-plus-sign"></span>
			</button>

			<p class="deal-limit-reached hidden">Deal Limit Reached</p>

			<div class="tooltip-qty-error tooltip-qty-limit hidden">
				<p>
					Limit to
					&nbsp;
					999
					&nbsp;each&nbsp;
					per customer.</p>
			</div>
			<div class="tooltip-qty-error tooltip-round-error hidden">
				<p>
					We do not have this in the weight you wanted. We've rounded your order to the nearest weight increment we stock.</p>
			</div>
		</div>
	</form>

<!-- End Template: AddToCartSmall -->

</div>
</div>
<div class="item">
		









































	
	
		
		
		
		
			
		
	





























<div class="module-grocery-product quickview-simple  clicked" data-quickview-ajax-url="/p/20301951006_EA/quickViewProduct" data-product-id="20301951006_EA"  data-product-price="$3.97">
    
	
	
		<span class="subtitle"></span>
	

	<div class="product-page-hotspot">
	    <div class="product-cell quickview-button">
	  	    <div class="product-image ">
                
	  		    <img src="https://assets.shop.loblaws.ca/products/20301951006/b1/en/front/20301951006_front_a01.png" onerror="this.src='https://assets.shop.loblaws.ca/products/NoImage/b1/en/front/NoImage_front_a01_@2.png';" alt="Kettle Cooked Potato Chips, Sweet Chili & Sour Cream" />
                
	  			    
	  	        
                
                    
                

	  		    

	  		    

	  		    

	  		    <div class="hover-text-container">
	  			    <button href="#" tabindex="0" class="hover-text " aria-label="Quick View for Kettle Cooked Potato Chips, Sweet Chili & Sour Cream.">Quick View</button>
	  		    </div>
	  	    </div>
	    </div>

	    <div class="product-in-cart">
	  	    <div class="wrapper-product-in-cart">
	  		    <span>
	  			    In Cart
	  		    </span>
	  	    </div>
	    </div>

	    <div class="product-info">
	  	    <div class="product-name-wrapper">
	  		    <a href="/Food/Pantry/Chips-%26-Salty-Snacks/Potato-Chips/Kettle-Cooked-Potato-Chips%2C-Sweet-Chili-%26-Sour-Cream/p/20301951006_EA" class="product-name" aria-label="Product page for Kettle Cooked Potato Chips, Sweet Chili & Sour Cream" >
	  			    <span class="js-product-entry-brand">Miss Vickies&nbsp;</span>

	  			    

	  			    <span class="js-product-entry-name">Kettle Cooked Potato Chips, Sweet Chili & Sour Cream</span>

	  			    <span class="js-product-entry-size-detail">(220 g)</span>

	  		    </a>
	  	    </div>
	  	    
	  	    
	  		    
	  		    
	  			    



	
	
		
		<span class="ad-match-badge  hidden">Ad Match</span>
	

	  				
	  			        
	  					
	  				        
	  					
	  				
	  		    
	  	    

	  	    <div class="price">
			    <div class="price-wrapper no-discount  ">
				    <span class="reg-price  " aria-label="Regular Price: $3.97">
					    <span class="reg-price-text">$3.97</span>
					    
					    <sup class="reg-price-unit">ea</sup>
				    </span>
				    <span class="sale-price hidden" aria-label="Sale Price:">
					    <span class="sale-price-text"></span>
					    <sup class="sale-price-unit">ea</sup>
				    </span>
				    
				    <span class="secondary-price hidden">
					    
					    <span class="secondary-price-text" aria-label="Secondary Price:"></span>
				    </span>
			    </div>
	  	    </div>

	  	    <div class="qty">
	  		    <span class="reg-qty  ">
		
			
		  	
		  		<span class="sr-only">Sale Price Per Unit:</span>
        $1.80
        /
        100
        g
		  	
	  	
	</span>

	<span class="sale-qty hidden">
		
			
		  	
		  		<span class="sr-only">Sale Price Per Unit:</span>
        $1.80
        /
        100
        g
		  	
	  	
	</span>

	<span class="secondary-qty hidden">
		
	  	<span class="secondary-qty-text"></span>
	</span>
	  	    </div>
	    </div>


	    

	    
	</div>
	<form class="form-product  quickview-btn-simple"
	  data-product-id="20301951006_EA"
	  data-min-qty="1.0"
	  data-max-qty="999.0"
	  data-unit-type="ea"
	  data-cart-qty="1"
	  data-default-qty="1"
	  novalidate="novalidate"
	  promoCode=""
	  promoNumber=""
	  data-is-customized="false"
	  data-cart-url="/cart/product/20301951006_EA"
	  data-csrf-token="5582ec01-90c0-448b-b4f7-e2cf68d9f8a0"
	  data-is-weighted-product="false">

	<div class="module-add-to-cart " data-change-type="plus" data-auto-edit="true" data-auto-add="true"
		 data-cart-ajax-url="/cart/updateCart">
		<div class="wrapper-add-to-cart-btn">
					<div class="module-add-to-cart-button-small">
							<button type="button" class="btn btn-secondary btn-add-to-cart " data-auid="add-to-cart-button" data-has-pts-badge="false" aria-label="Add Kettle Cooked Potato Chips, Sweet Chili & Sour Cream to cart">
										<span class="icon-cart"></span>
										<span class="add-to-cart-text">
											Add</span>
									</button>
									<button type="button" class="btn btn-secondary btn-edit-cart hidden " aria-label="Edit Cart">
										<span class="qty-in-cart"></span>
										<span class="edit-cart-text">
											<spring code="product.edit.text" />"
										</span>
									</button>
								<div class="add-list-parent add-list-module  bottom-add-list-module ">
	<button class="btn btn-inline-link btn-save-to-list  dark is-btn-animated" 
	  data-login-url="/account/login?productCode=20301951006_EA" 
	  data-ajax-url="/restful/lists/all?productCode=20301951006_EA" 
	  data-user-guest="Y" 
	  data-user-guest="Y" data-product-code="20301951006_EA" 
	  data-delete-item="false"
	  aria-label="Add Kettle Cooked Potato Chips, Sweet Chili & Sour Cream to a List">
	  <span class="glyphicon glyphicon-th-list"></span>
	  <div class="list-cta-text  is-btn-animated">Add to List</div>
	</button>
	 
	<!-- this is the list HTML   -->
	<div class="save-to-list-popup  is-btn-animated animation-up dark" 
	  data-save-to-list-error="Can not get lists at this time. Please try again later."
	  data-product-name="Kettle Cooked Potato Chips, Sweet Chili & Sour Cream">
	  <div class="inner-container">
	  </div>
	  
	</div>
</div>

</div>
				</div>
			</div>


	<div class="module-plus-minus-buttons small hidden ">
			<button type="button" class="btn cart-change-qty" data-change-type="minus" data-auid="decrease-product-quantity" alt="Minus" aria-label="Minus">
				<span class="icon-minimize"></span>
			</button>
			<div class="plus-minus-input-wrapper">
				<input class="input-qty cart-change-qty" aria-label="Enter manual quantity" type="text" name="qty" title="Change quantity in cart"
							data-unit-type="ea"
							value="1ea" data-change-type="equals"
							maxlength="7">

						<span class="input-qty-pretty">
							<span class="input-qty-pretty-value">1</span>
							<span class="input-qty-pretty-unit"></span>
						</span>
					</div>

			<button type="button" class="btn cart-change-qty" data-change-type="plus" data-auid="increase-product-quantity" alt="Plus" aria-label="Plus">
				<span class="icon-plus-sign"></span>
			</button>

			<p class="deal-limit-reached hidden">Deal Limit Reached</p>

			<div class="tooltip-qty-error tooltip-qty-limit hidden">
				<p>
					Limit to
					&nbsp;
					999
					&nbsp;each&nbsp;
					per customer.</p>
			</div>
			<div class="tooltip-qty-error tooltip-round-error hidden">
				<p>
					We do not have this in the weight you wanted. We've rounded your order to the nearest weight increment we stock.</p>
			</div>
		</div>
	</form>

<!-- End Template: AddToCartSmall -->

</div>
</div>
<div class="item">
		






































	




	
	
		
		
		
		
			
		
	





























<div class="module-grocery-product quickview-simple  clicked" data-quickview-ajax-url="/p/21003833_EA/quickViewProduct" data-product-id="21003833_EA"  data-product-price="$1.88">
    
	
	
		<span class="subtitle"></span>
	

	<div class="product-page-hotspot">
	    <div class="product-cell quickview-button">
	  	    <div class="product-image ">
                
	  		    <img src="https://assets.shop.loblaws.ca/products/21003833/b1/en/front/21003833_front_a01.png" onerror="this.src='https://assets.shop.loblaws.ca/products/NoImage/b1/en/front/NoImage_front_a01_@2.png';" alt="Original Potato Chips" />
                
	  			    
	  			        <span class="sticker deal">
	  				        <span class="deal-badge">
	  				            
	  			                
	  				            

	  				            <span class="module-deal-badge module-deal-badge-grid simple-save-unit "
	  						        data-deal-type="$1.88 LIMIT 4"
	  						        data-ajax-promo-url="/simpleDeal/deals/product-tile?productCode=21003833_EA"
	  						        data-deal-id="21003833_EA">
	  						        <span class="deal-type">$1.88 LIMIT 4</span>
	  						            








	<span class="deal-expiry">
		Exp. 12/27
	</span>

	  					                
	  				            </span>
	  			            </span>
	  		            </span>
	  			        
	  	            
	  	        
                
                    
                

	  		    

	  		    

	  		    

	  		    <div class="hover-text-container">
	  			    <button href="#" tabindex="0" class="hover-text " aria-label="Quick View for Original Potato Chips.">Quick View</button>
	  		    </div>
	  	    </div>
	    </div>

	    <div class="product-in-cart">
	  	    <div class="wrapper-product-in-cart">
	  		    <span>
	  			    In Cart
	  		    </span>
	  	    </div>
	    </div>

	    <div class="product-info">
	  	    <div class="product-name-wrapper">
	  		    <a href="/Food/Pantry/Chips-%26-Salty-Snacks/Potato-Chips/Pringles-Original-Potato-Chips/p/21003833_EA" class="product-name" aria-label="Product page for Original Potato Chips" >
	  			    <span class="js-product-entry-brand">Pringles&nbsp;</span>

	  			    

	  			    <span class="js-product-entry-name">Original Potato Chips</span>

	  			    <span class="js-product-entry-size-detail">(148 g)</span>

	  		    </a>
	  	    </div>
	  	    
	  	    
	  		    
	  		    
	  			    



	
	
		
		<span class="ad-match-badge  hidden">Ad Match</span>
	

	  				
	  			        
	  					
	  				        
	  					
	  				
	  		    
	  	    

	  	    <div class="price">
			    <div class="price-wrapper no-discount promo-alert ">
				    <span class="reg-price  price-alert" aria-label="Regular Price: $1.88">
					    <span class="reg-price-text">$1.88</span>
					    
					    <sup class="reg-price-unit">ea</sup>
				    </span>
				    <span class="sale-price hidden" aria-label="Sale Price:">
					    <span class="sale-price-text"></span>
					    <sup class="sale-price-unit">ea</sup>
				    </span>
				    
				    <span class="secondary-price hidden">
					    
					    <span class="secondary-price-text" aria-label="Secondary Price:"></span>
				    </span>
			    </div>
	  	    </div>

	  	    <div class="qty">
	  		    <span class="reg-qty  price-alert">
		
			
		  	
		  		<span class="sr-only">Sale Price Per Unit:</span>
        $1.27
        /
        100
        g
		  	
	  	
	</span>

	<span class="sale-qty hidden">
		
			
		  	
		  		<span class="sr-only">Sale Price Per Unit:</span>
        $1.27
        /
        100
        g
		  	
	  	
	</span>

	<span class="secondary-qty hidden">
		
	  	<span class="secondary-qty-text"></span>
	</span>
	  	    </div>
	    </div>


	    

	    
	</div>
	<form class="form-product  quickview-btn-simple"
	  data-product-id="21003833_EA"
	  data-min-qty="1.0"
	  data-max-qty="999.0"
	  data-unit-type="ea"
	  data-cart-qty="1"
	  data-default-qty="1"
	  novalidate="novalidate"
	  promoCode=""
	  promoNumber=""
	  data-is-customized="false"
	  data-cart-url="/cart/product/21003833_EA"
	  data-csrf-token="5582ec01-90c0-448b-b4f7-e2cf68d9f8a0"
	  data-is-weighted-product="false">

	<div class="module-add-to-cart " data-change-type="plus" data-auto-edit="true" data-auto-add="true"
		 data-cart-ajax-url="/cart/updateCart">
		<div class="wrapper-add-to-cart-btn">
					<div class="module-add-to-cart-button-small">
							<button type="button" class="btn btn-secondary btn-add-to-cart " data-auid="add-to-cart-button" data-has-pts-badge="false" aria-label="Add Original Potato Chips to cart">
										<span class="icon-cart"></span>
										<span class="add-to-cart-text">
											Add</span>
									</button>
									<button type="button" class="btn btn-secondary btn-edit-cart hidden " aria-label="Edit Cart">
										<span class="qty-in-cart"></span>
										<span class="edit-cart-text">
											<spring code="product.edit.text" />"
										</span>
									</button>
								<div class="add-list-parent add-list-module  bottom-add-list-module ">
	<button class="btn btn-inline-link btn-save-to-list  dark is-btn-animated" 
	  data-login-url="/account/login?productCode=21003833_EA" 
	  data-ajax-url="/restful/lists/all?productCode=21003833_EA" 
	  data-user-guest="Y" 
	  data-user-guest="Y" data-product-code="21003833_EA" 
	  data-delete-item="false"
	  aria-label="Add Original Potato Chips to a List">
	  <span class="glyphicon glyphicon-th-list"></span>
	  <div class="list-cta-text  is-btn-animated">Add to List</div>
	</button>
	 
	<!-- this is the list HTML   -->
	<div class="save-to-list-popup  is-btn-animated animation-up dark" 
	  data-save-to-list-error="Can not get lists at this time. Please try again later."
	  data-product-name="Original Potato Chips">
	  <div class="inner-container">
	  </div>
	  
	</div>
</div>

</div>
				</div>
			</div>


	<div class="module-plus-minus-buttons small hidden ">
			<button type="button" class="btn cart-change-qty" data-change-type="minus" data-auid="decrease-product-quantity" alt="Minus" aria-label="Minus">
				<span class="icon-minimize"></span>
			</button>
			<div class="plus-minus-input-wrapper">
				<input class="input-qty cart-change-qty" aria-label="Enter manual quantity" type="text" name="qty" title="Change quantity in cart"
							data-unit-type="ea"
							value="1ea" data-change-type="equals"
							maxlength="7">

						<span class="input-qty-pretty">
							<span class="input-qty-pretty-value">1</span>
							<span class="input-qty-pretty-unit"></span>
						</span>
					</div>

			<button type="button" class="btn cart-change-qty" data-change-type="plus" data-auid="increase-product-quantity" alt="Plus" aria-label="Plus">
				<span class="icon-plus-sign"></span>
			</button>

			<p class="deal-limit-reached hidden">Deal Limit Reached</p>

			<div class="tooltip-qty-error tooltip-qty-limit hidden">
				<p>
					Limit to
					&nbsp;
					999
					&nbsp;each&nbsp;
					per customer.</p>
			</div>
			<div class="tooltip-qty-error tooltip-round-error hidden">
				<p>
					We do not have this in the weight you wanted. We've rounded your order to the nearest weight increment we stock.</p>
			</div>
		</div>
	</form>

<!-- End Template: AddToCartSmall -->

</div>
</div>
<div class="item">
		






































	


	



	
	
		
		
		
		
			
		
	





























<div class="module-grocery-product quickview-simple  clicked" data-quickview-ajax-url="/p/20840911002_EA/quickViewProduct" data-product-id="20840911002_EA"  data-product-price="$1.68">
    
	
	
		<span class="subtitle">New</span>
	

	<div class="product-page-hotspot">
	    <div class="product-cell quickview-button">
	  	    <div class="product-image ">
                
	  		    <img src="https://assets.shop.loblaws.ca/products/20840911002/b1/en/front/20840911002_front_a01.png" onerror="this.src='https://assets.shop.loblaws.ca/products/NoImage/b1/en/front/NoImage_front_a01_@2.png';" alt="Loads Of Sour Cream & Onion Rippled Potato Chips" />
                
	  			    
	  			        <span class="sticker deal">
	  				        <span class="deal-badge">
	  				            
	  			                
	  				            

	  				            <span class="module-deal-badge module-deal-badge-grid simple-save-unit "
	  						        data-deal-type="SAVE $0.20"
	  						        data-ajax-promo-url="/simpleDeal/deals/product-tile?productCode=20840911002_EA"
	  						        data-deal-id="20840911002_EA">
	  						        <span class="deal-type">SAVE $0.20</span>
	  						            








	<span class="deal-expiry">
		Exp. 01/03
	</span>

	  					                
	  				            </span>
	  			            </span>
	  		            </span>
	  			        
	  	            
	  	        
                
                    
                

	  		    

	  		    

	  		    

	  		    <div class="hover-text-container">
	  			    <button href="#" tabindex="0" class="hover-text " aria-label="Quick View for Loads Of Sour Cream & Onion Rippled Potato Chips.">Quick View</button>
	  		    </div>
	  	    </div>
	    </div>

	    <div class="product-in-cart">
	  	    <div class="wrapper-product-in-cart">
	  		    <span>
	  			    In Cart
	  		    </span>
	  	    </div>
	    </div>

	    <div class="product-info">
	  	    <div class="product-name-wrapper">
	  		    <a href="/Food/Pantry/Chips-%26-Salty-Snacks/Potato-Chips/President%27s-Choice-Loads-Of-Sour-Cream-%26-Onion-Rippled-Potato-Chips/p/20840911002_EA" class="product-name" aria-label="Product page for Loads Of Sour Cream & Onion Rippled Potato Chips" >
	  			    <span class="js-product-entry-brand">President's Choice&nbsp;</span>

	  			    

	  			    <span class="js-product-entry-name">Loads Of Sour Cream & Onion Rippled Potato Chips</span>

	  			    <span class="js-product-entry-size-detail">(200 g)</span>

	  		    </a>
	  	    </div>
	  	    
	  	    
	  		    
	  		    
	  			    



	
	
		
		<span class="ad-match-badge  hidden">Ad Match</span>
	

	  				
	  			        
	  					
	  				        
	  					
	  				
	  		    
	  	    

	  	    <div class="price">
			    <div class="price-wrapper discount promo-alert ">
				    <span class="reg-price  price-alert" aria-label="Regular Price: $1.68">
					    <span class="reg-price-text">$1.68</span>
					    
					    <sup class="reg-price-unit">ea</sup>
				    </span>
				    <span class="sale-price hidden" aria-label="Sale Price:">
					    <span class="sale-price-text"></span>
					    <sup class="sale-price-unit">ea</sup>
				    </span>
				    
					    <span class="old-price" aria-label="Original Price: $1.88">
						    <span class="old-price-text">$1.88</span>
					    </span>
				    
				    <span class="secondary-price hidden">
					    
					    <span class="secondary-price-text" aria-label="Secondary Price:"></span>
				    </span>
			    </div>
	  	    </div>

	  	    <div class="qty">
	  		    <span class="reg-qty  price-alert">
		
			
		  	
		  		<span class="sr-only">Sale Price Per Unit:</span>
        $0.84
        /
        100
        g
		  	
	  	
	</span>

	<span class="sale-qty hidden">
		
			
		  	
		  		<span class="sr-only">Sale Price Per Unit:</span>
        $0.84
        /
        100
        g
		  	
	  	
	</span>

	<span class="secondary-qty hidden">
		
	  	<span class="secondary-qty-text"></span>
	</span>
	  	    </div>
	    </div>


	    

	    
	</div>
	<form class="form-product  quickview-btn-simple"
	  data-product-id="20840911002_EA"
	  data-min-qty="1.0"
	  data-max-qty="999.0"
	  data-unit-type="ea"
	  data-cart-qty="1"
	  data-default-qty="1"
	  novalidate="novalidate"
	  promoCode=""
	  promoNumber=""
	  data-is-customized="false"
	  data-cart-url="/cart/product/20840911002_EA"
	  data-csrf-token="5582ec01-90c0-448b-b4f7-e2cf68d9f8a0"
	  data-is-weighted-product="false">

	<div class="module-add-to-cart " data-change-type="plus" data-auto-edit="true" data-auto-add="true"
		 data-cart-ajax-url="/cart/updateCart">
		<div class="wrapper-add-to-cart-btn">
					<div class="module-add-to-cart-button-small">
							<button type="button" class="btn btn-secondary btn-add-to-cart " data-auid="add-to-cart-button" data-has-pts-badge="false" aria-label="Add Loads Of Sour Cream & Onion Rippled Potato Chips to cart">
										<span class="icon-cart"></span>
										<span class="add-to-cart-text">
											Add</span>
									</button>
									<button type="button" class="btn btn-secondary btn-edit-cart hidden " aria-label="Edit Cart">
										<span class="qty-in-cart"></span>
										<span class="edit-cart-text">
											<spring code="product.edit.text" />"
										</span>
									</button>
								<div class="add-list-parent add-list-module  bottom-add-list-module ">
	<button class="btn btn-inline-link btn-save-to-list  dark is-btn-animated" 
	  data-login-url="/account/login?productCode=20840911002_EA" 
	  data-ajax-url="/restful/lists/all?productCode=20840911002_EA" 
	  data-user-guest="Y" 
	  data-user-guest="Y" data-product-code="20840911002_EA" 
	  data-delete-item="false"
	  aria-label="Add Loads Of Sour Cream & Onion Rippled Potato Chips to a List">
	  <span class="glyphicon glyphicon-th-list"></span>
	  <div class="list-cta-text  is-btn-animated">Add to List</div>
	</button>
	 
	<!-- this is the list HTML   -->
	<div class="save-to-list-popup  is-btn-animated animation-up dark" 
	  data-save-to-list-error="Can not get lists at this time. Please try again later."
	  data-product-name="Loads Of Sour Cream & Onion Rippled Potato Chips">
	  <div class="inner-container">
	  </div>
	  
	</div>
</div>

</div>
				</div>
			</div>


	<div class="module-plus-minus-buttons small hidden ">
			<button type="button" class="btn cart-change-qty" data-change-type="minus" data-auid="decrease-product-quantity" alt="Minus" aria-label="Minus">
				<span class="icon-minimize"></span>
			</button>
			<div class="plus-minus-input-wrapper">
				<input class="input-qty cart-change-qty" aria-label="Enter manual quantity" type="text" name="qty" title="Change quantity in cart"
							data-unit-type="ea"
							value="1ea" data-change-type="equals"
							maxlength="7">

						<span class="input-qty-pretty">
							<span class="input-qty-pretty-value">1</span>
							<span class="input-qty-pretty-unit"></span>
						</span>
					</div>

			<button type="button" class="btn cart-change-qty" data-change-type="plus" data-auid="increase-product-quantity" alt="Plus" aria-label="Plus">
				<span class="icon-plus-sign"></span>
			</button>

			<p class="deal-limit-reached hidden">Deal Limit Reached</p>

			<div class="tooltip-qty-error tooltip-qty-limit hidden">
				<p>
					Limit to
					&nbsp;
					999
					&nbsp;each&nbsp;
					per customer.</p>
			</div>
			<div class="tooltip-qty-error tooltip-round-error hidden">
				<p>
					We do not have this in the weight you wanted. We've rounded your order to the nearest weight increment we stock.</p>
			</div>
		</div>
	</form>

<!-- End Template: AddToCartSmall -->

</div>
</div>
<div class="item">
		









































	
	
		
		
		
		
			
		
	





























<div class="module-grocery-product quickview-simple  clicked" data-quickview-ajax-url="/p/21062320_EA/quickViewProduct" data-product-id="21062320_EA"  data-product-price="$2.47">
    
	
	
		<span class="subtitle"></span>
	

	<div class="product-page-hotspot">
	    <div class="product-cell quickview-button">
	  	    <div class="product-image ">
                
	  		    <img src="https://assets.shop.loblaws.ca/products/21062320/b1/en/front/21062320_front_a01.png" onerror="this.src='https://assets.shop.loblaws.ca/products/NoImage/b1/en/front/NoImage_front_a01_@2.png';" alt="BLT Chips" />
                
	  			    
	  	        
                
                    
                

	  		    

	  		    
	  			    <span class="sticker deal">
	  				    <span class="deal-badge">
	  					    <span class="module-deal-badge module-deal-badge-feature flyer expires undefined">
	  						    <span class="deal-type">
								    Flyer<br />
	  							    Item
	  						    </span>
	  						    








	<span class="deal-expiry">
		Exp. 12/19
	</span>

	  					    </span>
	  				    </span>
	  			    </span>
	  			    
	  		    

	  		    

	  		    <div class="hover-text-container">
	  			    <button href="#" tabindex="0" class="hover-text " aria-label="Quick View for BLT Chips.">Quick View</button>
	  		    </div>
	  	    </div>
	    </div>

	    <div class="product-in-cart">
	  	    <div class="wrapper-product-in-cart">
	  		    <span>
	  			    In Cart
	  		    </span>
	  	    </div>
	    </div>

	    <div class="product-info">
	  	    <div class="product-name-wrapper">
	  		    <a href="/Food/Pantry/Chips-%26-Salty-Snacks/Potato-Chips/Lay%27s-BLT-Chips/p/21062320_EA" class="product-name" aria-label="Product page for BLT Chips" >
	  			    <span class="js-product-entry-brand">Lay's&nbsp;</span>

	  			    

	  			    <span class="js-product-entry-name">BLT Chips</span>

	  			    <span class="js-product-entry-size-detail">(255 g)</span>

	  		    </a>
	  	    </div>
	  	    
	  	    
	  		    
	  		    
	  			    



	
	
		
		<span class="ad-match-badge  hidden">Ad Match</span>
	

	  				
	  			        
	  					
	  				        
	  					
	  				
	  		    
	  	    

	  	    <div class="price">
			    <div class="price-wrapper no-discount  ">
				    <span class="reg-price  " aria-label="Regular Price: $2.47">
					    <span class="reg-price-text">$2.47</span>
					    
					    <sup class="reg-price-unit">ea</sup>
				    </span>
				    <span class="sale-price hidden" aria-label="Sale Price:">
					    <span class="sale-price-text"></span>
					    <sup class="sale-price-unit">ea</sup>
				    </span>
				    
				    <span class="secondary-price hidden">
					    
					    <span class="secondary-price-text" aria-label="Secondary Price:"></span>
				    </span>
			    </div>
	  	    </div>

	  	    <div class="qty">
	  		    <span class="reg-qty  ">
		
			
		  	
		  		<span class="sr-only">Sale Price Per Unit:</span>
        $0.97
        /
        100
        g
		  	
	  	
	</span>

	<span class="sale-qty hidden">
		
			
		  	
		  		<span class="sr-only">Sale Price Per Unit:</span>
        $0.97
        /
        100
        g
		  	
	  	
	</span>

	<span class="secondary-qty hidden">
		
	  	<span class="secondary-qty-text"></span>
	</span>
	  	    </div>
	    </div>


	    

	    
	</div>
	<form class="form-product  quickview-btn-simple"
	  data-product-id="21062320_EA"
	  data-min-qty="1.0"
	  data-max-qty="999.0"
	  data-unit-type="ea"
	  data-cart-qty="1"
	  data-default-qty="1"
	  novalidate="novalidate"
	  promoCode=""
	  promoNumber=""
	  data-is-customized="false"
	  data-cart-url="/cart/product/21062320_EA"
	  data-csrf-token="5582ec01-90c0-448b-b4f7-e2cf68d9f8a0"
	  data-is-weighted-product="false">

	<div class="module-add-to-cart " data-change-type="plus" data-auto-edit="true" data-auto-add="true"
		 data-cart-ajax-url="/cart/updateCart">
		<div class="wrapper-add-to-cart-btn">
					<div class="module-add-to-cart-button-small">
							<button type="button" class="btn btn-secondary btn-add-to-cart " data-auid="add-to-cart-button" data-has-pts-badge="false" aria-label="Add BLT Chips to cart">
										<span class="icon-cart"></span>
										<span class="add-to-cart-text">
											Add</span>
									</button>
									<button type="button" class="btn btn-secondary btn-edit-cart hidden " aria-label="Edit Cart">
										<span class="qty-in-cart"></span>
										<span class="edit-cart-text">
											<spring code="product.edit.text" />"
										</span>
									</button>
								<div class="add-list-parent add-list-module  bottom-add-list-module ">
	<button class="btn btn-inline-link btn-save-to-list  dark is-btn-animated" 
	  data-login-url="/account/login?productCode=21062320_EA" 
	  data-ajax-url="/restful/lists/all?productCode=21062320_EA" 
	  data-user-guest="Y" 
	  data-user-guest="Y" data-product-code="21062320_EA" 
	  data-delete-item="false"
	  aria-label="Add BLT Chips to a List">
	  <span class="glyphicon glyphicon-th-list"></span>
	  <div class="list-cta-text  is-btn-animated">Add to List</div>
	</button>
	 
	<!-- this is the list HTML   -->
	<div class="save-to-list-popup  is-btn-animated animation-up dark" 
	  data-save-to-list-error="Can not get lists at this time. Please try again later."
	  data-product-name="BLT Chips">
	  <div class="inner-container">
	  </div>
	  
	</div>
</div>

</div>
				</div>
			</div>


	<div class="module-plus-minus-buttons small hidden ">
			<button type="button" class="btn cart-change-qty" data-change-type="minus" data-auid="decrease-product-quantity" alt="Minus" aria-label="Minus">
				<span class="icon-minimize"></span>
			</button>
			<div class="plus-minus-input-wrapper">
				<input class="input-qty cart-change-qty" aria-label="Enter manual quantity" type="text" name="qty" title="Change quantity in cart"
							data-unit-type="ea"
							value="1ea" data-change-type="equals"
							maxlength="7">

						<span class="input-qty-pretty">
							<span class="input-qty-pretty-value">1</span>
							<span class="input-qty-pretty-unit"></span>
						</span>
					</div>

			<button type="button" class="btn cart-change-qty" data-change-type="plus" data-auid="increase-product-quantity" alt="Plus" aria-label="Plus">
				<span class="icon-plus-sign"></span>
			</button>

			<p class="deal-limit-reached hidden">Deal Limit Reached</p>

			<div class="tooltip-qty-error tooltip-qty-limit hidden">
				<p>
					Limit to
					&nbsp;
					999
					&nbsp;each&nbsp;
					per customer.</p>
			</div>
			<div class="tooltip-qty-error tooltip-round-error hidden">
				<p>
					We do not have this in the weight you wanted. We've rounded your order to the nearest weight increment we stock.</p>
			</div>
		</div>
	</form>

<!-- End Template: AddToCartSmall -->

</div>
</div>
<div class="item">
		









































	
	
		
		
		
		
			
		
	





























<div class="module-grocery-product quickview-simple  clicked" data-quickview-ajax-url="/p/21050580_EA/quickViewProduct" data-product-id="21050580_EA"  data-product-price="$2.97">
    
	
	
		<span class="subtitle"></span>
	

	<div class="product-page-hotspot">
	    <div class="product-cell quickview-button">
	  	    <div class="product-image ">
                
	  		    <img src="https://assets.shop.loblaws.ca/products/21050580/b1/en/front/21050580_front_a01.png" onerror="this.src='https://assets.shop.loblaws.ca/products/NoImage/b1/en/front/NoImage_front_a01_@2.png';" alt="Tortilla Chips, Low Sodium" />
                
	  			    
	  			        <span class="sticker deal">
	  				        <span class="deal-badge">
	  				            
	  			                
	  				            

	  				            <span class="module-deal-badge module-deal-badge-grid simple-save-unit "
	  						        data-deal-type="2 FOR $5.00"
	  						        data-ajax-promo-url="/simpleDeal/deals/product-tile?productCode=21050580_EA"
	  						        data-deal-id="21050580_EA">
	  						        <span class="deal-type">2 FOR $5.00</span>
	  						            








	<span class="deal-expiry">
		Exp. 12/19
	</span>

	  					                
	  				            </span>
	  			            </span>
	  		            </span>
	  			        
	  	            
	  	        
                
                    
                

	  		    

	  		    

	  		    

	  		    <div class="hover-text-container">
	  			    <button href="#" tabindex="0" class="hover-text " aria-label="Quick View for Tortilla Chips, Low Sodium.">Quick View</button>
	  		    </div>
	  	    </div>
	    </div>

	    <div class="product-in-cart">
	  	    <div class="wrapper-product-in-cart">
	  		    <span>
	  			    In Cart
	  		    </span>
	  	    </div>
	    </div>

	    <div class="product-info">
	  	    <div class="product-name-wrapper">
	  		    <a href="/Food/Pantry/Chips-%26-Salty-Snacks/Tortilla-Chips/Tostitos-Tortilla-Chips%2C-Low-Sodium/p/21050580_EA" class="product-name" aria-label="Product page for Tortilla Chips, Low Sodium" >
	  			    <span class="js-product-entry-brand">Tostitos&nbsp;</span>

	  			    

	  			    <span class="js-product-entry-name">Tortilla Chips, Low Sodium</span>

	  			    <span class="js-product-entry-size-detail">(295 g)</span>

	  		    </a>
	  	    </div>
	  	    
	  	    
	  		    
	  		    
	  			    



	
	
		
		<span class="ad-match-badge  hidden">Ad Match</span>
	

	  				
	  			        
	  					
	  				        
	  					
	  				
	  		    
	  	    

	  	    <div class="price">
			    <div class="price-wrapper no-discount  ">
				    <span class="reg-price  " aria-label="Regular Price: $2.97">
					    <span class="reg-price-text">$2.97</span>
					    
					    <sup class="reg-price-unit">ea</sup>
				    </span>
				    <span class="sale-price hidden" aria-label="Sale Price:">
					    <span class="sale-price-text"></span>
					    <sup class="sale-price-unit">ea</sup>
				    </span>
				    
				    <span class="secondary-price hidden">
					    
					    <span class="secondary-price-text" aria-label="Secondary Price:"></span>
				    </span>
			    </div>
	  	    </div>

	  	    <div class="qty">
	  		    <span class="reg-qty  ">
		
			
		  	
		  		<span class="sr-only">Sale Price Per Unit:</span>
        $1.01
        /
        100
        g
		  	
	  	
	</span>

	<span class="sale-qty hidden">
		
			
		  	
		  		<span class="sr-only">Sale Price Per Unit:</span>
        $1.01
        /
        100
        g
		  	
	  	
	</span>

	<span class="secondary-qty hidden">
		
	  	<span class="secondary-qty-text"></span>
	</span>
	  	    </div>
	    </div>


	    

	    
	</div>
	<form class="form-product  quickview-btn-simple"
	  data-product-id="21050580_EA"
	  data-min-qty="1.0"
	  data-max-qty="999.0"
	  data-unit-type="ea"
	  data-cart-qty="1"
	  data-default-qty="1"
	  novalidate="novalidate"
	  promoCode=""
	  promoNumber=""
	  data-is-customized="false"
	  data-cart-url="/cart/product/21050580_EA"
	  data-csrf-token="5582ec01-90c0-448b-b4f7-e2cf68d9f8a0"
	  data-is-weighted-product="false">

	<div class="module-add-to-cart " data-change-type="plus" data-auto-edit="true" data-auto-add="true"
		 data-cart-ajax-url="/cart/updateCart">
		<div class="wrapper-add-to-cart-btn">
					<div class="module-add-to-cart-button-small">
							<button type="button" class="btn btn-secondary btn-add-to-cart " data-auid="add-to-cart-button" data-has-pts-badge="false" aria-label="Add Tortilla Chips, Low Sodium to cart">
										<span class="icon-cart"></span>
										<span class="add-to-cart-text">
											Add</span>
									</button>
									<button type="button" class="btn btn-secondary btn-edit-cart hidden " aria-label="Edit Cart">
										<span class="qty-in-cart"></span>
										<span class="edit-cart-text">
											<spring code="product.edit.text" />"
										</span>
									</button>
								<div class="add-list-parent add-list-module  bottom-add-list-module ">
	<button class="btn btn-inline-link btn-save-to-list  dark is-btn-animated" 
	  data-login-url="/account/login?productCode=21050580_EA" 
	  data-ajax-url="/restful/lists/all?productCode=21050580_EA" 
	  data-user-guest="Y" 
	  data-user-guest="Y" data-product-code="21050580_EA" 
	  data-delete-item="false"
	  aria-label="Add Tortilla Chips, Low Sodium to a List">
	  <span class="glyphicon glyphicon-th-list"></span>
	  <div class="list-cta-text  is-btn-animated">Add to List</div>
	</button>
	 
	<!-- this is the list HTML   -->
	<div class="save-to-list-popup  is-btn-animated animation-up dark" 
	  data-save-to-list-error="Can not get lists at this time. Please try again later."
	  data-product-name="Tortilla Chips, Low Sodium">
	  <div class="inner-container">
	  </div>
	  
	</div>
</div>

</div>
				</div>
			</div>


	<div class="module-plus-minus-buttons small hidden ">
			<button type="button" class="btn cart-change-qty" data-change-type="minus" data-auid="decrease-product-quantity" alt="Minus" aria-label="Minus">
				<span class="icon-minimize"></span>
			</button>
			<div class="plus-minus-input-wrapper">
				<input class="input-qty cart-change-qty" aria-label="Enter manual quantity" type="text" name="qty" title="Change quantity in cart"
							data-unit-type="ea"
							value="1ea" data-change-type="equals"
							maxlength="7">

						<span class="input-qty-pretty">
							<span class="input-qty-pretty-value">1</span>
							<span class="input-qty-pretty-unit"></span>
						</span>
					</div>

			<button type="button" class="btn cart-change-qty" data-change-type="plus" data-auid="increase-product-quantity" alt="Plus" aria-label="Plus">
				<span class="icon-plus-sign"></span>
			</button>

			<p class="deal-limit-reached hidden">Deal Limit Reached</p>

			<div class="tooltip-qty-error tooltip-qty-limit hidden">
				<p>
					Limit to
					&nbsp;
					999
					&nbsp;each&nbsp;
					per customer.</p>
			</div>
			<div class="tooltip-qty-error tooltip-round-error hidden">
				<p>
					We do not have this in the weight you wanted. We've rounded your order to the nearest weight increment we stock.</p>
			</div>
		</div>
	</form>

<!-- End Template: AddToCartSmall -->

</div>
</div>
<div class="item">
		






































	




	
	
		
		
		
		
			
		
	





























<div class="module-grocery-product quickview-simple  clicked" data-quickview-ajax-url="/p/20874370_EA/quickViewProduct" data-product-id="20874370_EA"  data-product-price="$2.98">
    
	
	
		<span class="subtitle"></span>
	

	<div class="product-page-hotspot">
	    <div class="product-cell quickview-button">
	  	    <div class="product-image ">
                
	  		    <img src="https://assets.shop.loblaws.ca/products/20874370/b1/en/front/20874370_front_a01.png" onerror="this.src='https://assets.shop.loblaws.ca/products/NoImage/b1/en/front/NoImage_front_a01_@2.png';" alt="Drop'n Mad Beets" />
                
	  			    
	  			        <span class="sticker deal">
	  				        <span class="deal-badge">
	  				            
	  			                
	  				            

	  				            <span class="module-deal-badge module-deal-badge-grid simple-save-unit "
	  						        data-deal-type="$2.98 LIMIT 4"
	  						        data-ajax-promo-url="/simpleDeal/deals/product-tile?productCode=20874370_EA"
	  						        data-deal-id="20874370_EA">
	  						        <span class="deal-type">$2.98 LIMIT 4</span>
	  						            








	<span class="deal-expiry">
		Exp. 12/27
	</span>

	  					                
	  				            </span>
	  			            </span>
	  		            </span>
	  			        
	  	            
	  	        
                
                    
                

	  		    

	  		    

	  		    

	  		    <div class="hover-text-container">
	  			    <button href="#" tabindex="0" class="hover-text " aria-label="Quick View for Drop'n Mad Beets.">Quick View</button>
	  		    </div>
	  	    </div>
	    </div>

	    <div class="product-in-cart">
	  	    <div class="wrapper-product-in-cart">
	  		    <span>
	  			    In Cart
	  		    </span>
	  	    </div>
	    </div>

	    <div class="product-info">
	  	    <div class="product-name-wrapper">
	  		    <a href="/Food/Pantry/Chips-%26-Salty-Snacks/Potato-Chips/Hardbite-Drop%27n-Mad-Beets/p/20874370_EA" class="product-name" aria-label="Product page for Drop'n Mad Beets" >
	  			    

	  			    

	  			    <span class="js-product-entry-name">Drop'n Mad Beets</span>

	  			    <span class="js-product-entry-size-detail">(150 g)</span>

	  		    </a>
	  	    </div>
	  	    
	  	    
	  		    
	  		    
	  			    



	
	
		
		<span class="ad-match-badge  hidden">Ad Match</span>
	

	  				
	  			        
	  					
	  				        
	  					
	  				
	  		    
	  	    

	  	    <div class="price">
			    <div class="price-wrapper no-discount promo-alert ">
				    <span class="reg-price  price-alert" aria-label="Regular Price: $2.98">
					    <span class="reg-price-text">$2.98</span>
					    
					    <sup class="reg-price-unit">ea</sup>
				    </span>
				    <span class="sale-price hidden" aria-label="Sale Price:">
					    <span class="sale-price-text"></span>
					    <sup class="sale-price-unit">ea</sup>
				    </span>
				    
				    <span class="secondary-price hidden">
					    
					    <span class="secondary-price-text" aria-label="Secondary Price:"></span>
				    </span>
			    </div>
	  	    </div>

	  	    <div class="qty">
	  		    <span class="reg-qty  price-alert">
		
			
		  	
		  		<span class="sr-only">Sale Price Per Unit:</span>
        $1.99
        /
        100
        g
		  	
	  	
	</span>

	<span class="sale-qty hidden">
		
			
		  	
		  		<span class="sr-only">Sale Price Per Unit:</span>
        $1.99
        /
        100
        g
		  	
	  	
	</span>

	<span class="secondary-qty hidden">
		
	  	<span class="secondary-qty-text"></span>
	</span>
	  	    </div>
	    </div>


	    

	    
	</div>
	<form class="form-product  quickview-btn-simple"
	  data-product-id="20874370_EA"
	  data-min-qty="1.0"
	  data-max-qty="999.0"
	  data-unit-type="ea"
	  data-cart-qty="1"
	  data-default-qty="1"
	  novalidate="novalidate"
	  promoCode=""
	  promoNumber=""
	  data-is-customized="false"
	  data-cart-url="/cart/product/20874370_EA"
	  data-csrf-token="5582ec01-90c0-448b-b4f7-e2cf68d9f8a0"
	  data-is-weighted-product="false">

	<div class="module-add-to-cart " data-change-type="plus" data-auto-edit="true" data-auto-add="true"
		 data-cart-ajax-url="/cart/updateCart">
		<div class="wrapper-add-to-cart-btn">
					<div class="module-add-to-cart-button-small">
							<button type="button" class="btn btn-secondary btn-add-to-cart " data-auid="add-to-cart-button" data-has-pts-badge="false" aria-label="Add Drop'n Mad Beets to cart">
										<span class="icon-cart"></span>
										<span class="add-to-cart-text">
											Add</span>
									</button>
									<button type="button" class="btn btn-secondary btn-edit-cart hidden " aria-label="Edit Cart">
										<span class="qty-in-cart"></span>
										<span class="edit-cart-text">
											<spring code="product.edit.text" />"
										</span>
									</button>
								<div class="add-list-parent add-list-module  bottom-add-list-module ">
	<button class="btn btn-inline-link btn-save-to-list  dark is-btn-animated" 
	  data-login-url="/account/login?productCode=20874370_EA" 
	  data-ajax-url="/restful/lists/all?productCode=20874370_EA" 
	  data-user-guest="Y" 
	  data-user-guest="Y" data-product-code="20874370_EA" 
	  data-delete-item="false"
	  aria-label="Add Drop'n Mad Beets to a List">
	  <span class="glyphicon glyphicon-th-list"></span>
	  <div class="list-cta-text  is-btn-animated">Add to List</div>
	</button>
	 
	<!-- this is the list HTML   -->
	<div class="save-to-list-popup  is-btn-animated animation-up dark" 
	  data-save-to-list-error="Can not get lists at this time. Please try again later."
	  data-product-name="Drop'n Mad Beets">
	  <div class="inner-container">
	  </div>
	  
	</div>
</div>

</div>
				</div>
			</div>


	<div class="module-plus-minus-buttons small hidden ">
			<button type="button" class="btn cart-change-qty" data-change-type="minus" data-auid="decrease-product-quantity" alt="Minus" aria-label="Minus">
				<span class="icon-minimize"></span>
			</button>
			<div class="plus-minus-input-wrapper">
				<input class="input-qty cart-change-qty" aria-label="Enter manual quantity" type="text" name="qty" title="Change quantity in cart"
							data-unit-type="ea"
							value="1ea" data-change-type="equals"
							maxlength="7">

						<span class="input-qty-pretty">
							<span class="input-qty-pretty-value">1</span>
							<span class="input-qty-pretty-unit"></span>
						</span>
					</div>

			<button type="button" class="btn cart-change-qty" data-change-type="plus" data-auid="increase-product-quantity" alt="Plus" aria-label="Plus">
				<span class="icon-plus-sign"></span>
			</button>

			<p class="deal-limit-reached hidden">Deal Limit Reached</p>

			<div class="tooltip-qty-error tooltip-qty-limit hidden">
				<p>
					Limit to
					&nbsp;
					999
					&nbsp;each&nbsp;
					per customer.</p>
			</div>
			<div class="tooltip-qty-error tooltip-round-error hidden">
				<p>
					We do not have this in the weight you wanted. We've rounded your order to the nearest weight increment we stock.</p>
			</div>
		</div>
	</form>

<!-- End Template: AddToCartSmall -->

</div>
</div>
<div class="item">
		






































	




	
	
		
		
		
		
			
		
	





























<div class="module-grocery-product quickview-simple  clicked" data-quickview-ajax-url="/p/20871728_EA/quickViewProduct" data-product-id="20871728_EA"  data-product-price="$2.98">
    
	
	
		<span class="subtitle"></span>
	

	<div class="product-page-hotspot">
	    <div class="product-cell quickview-button">
	  	    <div class="product-image ">
                
	  		    <img src="https://assets.shop.loblaws.ca/products/20871728/b1/en/front/20871728_front_a01.png" onerror="this.src='https://assets.shop.loblaws.ca/products/NoImage/b1/en/front/NoImage_front_a01_@2.png';" alt="Parsnip Chips, Lightly Salted" />
                
	  			    
	  			        <span class="sticker deal">
	  				        <span class="deal-badge">
	  				            
	  			                
	  				            

	  				            <span class="module-deal-badge module-deal-badge-grid simple-save-unit "
	  						        data-deal-type="$2.98 LIMIT 4"
	  						        data-ajax-promo-url="/simpleDeal/deals/product-tile?productCode=20871728_EA"
	  						        data-deal-id="20871728_EA">
	  						        <span class="deal-type">$2.98 LIMIT 4</span>
	  						            








	<span class="deal-expiry">
		Exp. 12/27
	</span>

	  					                
	  				            </span>
	  			            </span>
	  		            </span>
	  			        
	  	            
	  	        
                
                    
                

	  		    

	  		    

	  		    

	  		    <div class="hover-text-container">
	  			    <button href="#" tabindex="0" class="hover-text " aria-label="Quick View for Parsnip Chips, Lightly Salted.">Quick View</button>
	  		    </div>
	  	    </div>
	    </div>

	    <div class="product-in-cart">
	  	    <div class="wrapper-product-in-cart">
	  		    <span>
	  			    In Cart
	  		    </span>
	  	    </div>
	    </div>

	    <div class="product-info">
	  	    <div class="product-name-wrapper">
	  		    <a href="/Food/Pantry/Chips-%26-Salty-Snacks/Potato-Chips/Hardbite-Parsnip-Chips%2C-Lightly-Salted/p/20871728_EA" class="product-name" aria-label="Product page for Parsnip Chips, Lightly Salted" >
	  			    

	  			    

	  			    <span class="js-product-entry-name">Parsnip Chips, Lightly Salted</span>

	  			    <span class="js-product-entry-size-detail">(150 g)</span>

	  		    </a>
	  	    </div>
	  	    
	  	    
	  		    
	  		    
	  			    



	
	
		
		<span class="ad-match-badge  hidden">Ad Match</span>
	

	  				
	  			        
	  					
	  				        
	  					
	  				
	  		    
	  	    

	  	    <div class="price">
			    <div class="price-wrapper no-discount promo-alert ">
				    <span class="reg-price  price-alert" aria-label="Regular Price: $2.98">
					    <span class="reg-price-text">$2.98</span>
					    
					    <sup class="reg-price-unit">ea</sup>
				    </span>
				    <span class="sale-price hidden" aria-label="Sale Price:">
					    <span class="sale-price-text"></span>
					    <sup class="sale-price-unit">ea</sup>
				    </span>
				    
				    <span class="secondary-price hidden">
					    
					    <span class="secondary-price-text" aria-label="Secondary Price:"></span>
				    </span>
			    </div>
	  	    </div>

	  	    <div class="qty">
	  		    <span class="reg-qty  price-alert">
		
			
		  	
		  		<span class="sr-only">Sale Price Per Unit:</span>
        $1.99
        /
        100
        g
		  	
	  	
	</span>

	<span class="sale-qty hidden">
		
			
		  	
		  		<span class="sr-only">Sale Price Per Unit:</span>
        $1.99
        /
        100
        g
		  	
	  	
	</span>

	<span class="secondary-qty hidden">
		
	  	<span class="secondary-qty-text"></span>
	</span>
	  	    </div>
	    </div>


	    

	    
	</div>
	<form class="form-product  quickview-btn-simple"
	  data-product-id="20871728_EA"
	  data-min-qty="1.0"
	  data-max-qty="999.0"
	  data-unit-type="ea"
	  data-cart-qty="1"
	  data-default-qty="1"
	  novalidate="novalidate"
	  promoCode=""
	  promoNumber=""
	  data-is-customized="false"
	  data-cart-url="/cart/product/20871728_EA"
	  data-csrf-token="5582ec01-90c0-448b-b4f7-e2cf68d9f8a0"
	  data-is-weighted-product="false">

	<div class="module-add-to-cart " data-change-type="plus" data-auto-edit="true" data-auto-add="true"
		 data-cart-ajax-url="/cart/updateCart">
		<div class="wrapper-add-to-cart-btn">
					<div class="module-add-to-cart-button-small">
							<button type="button" class="btn btn-secondary btn-add-to-cart " data-auid="add-to-cart-button" data-has-pts-badge="false" aria-label="Add Parsnip Chips, Lightly Salted to cart">
										<span class="icon-cart"></span>
										<span class="add-to-cart-text">
											Add</span>
									</button>
									<button type="button" class="btn btn-secondary btn-edit-cart hidden " aria-label="Edit Cart">
										<span class="qty-in-cart"></span>
										<span class="edit-cart-text">
											<spring code="product.edit.text" />"
										</span>
									</button>
								<div class="add-list-parent add-list-module  bottom-add-list-module ">
	<button class="btn btn-inline-link btn-save-to-list  dark is-btn-animated" 
	  data-login-url="/account/login?productCode=20871728_EA" 
	  data-ajax-url="/restful/lists/all?productCode=20871728_EA" 
	  data-user-guest="Y" 
	  data-user-guest="Y" data-product-code="20871728_EA" 
	  data-delete-item="false"
	  aria-label="Add Parsnip Chips, Lightly Salted to a List">
	  <span class="glyphicon glyphicon-th-list"></span>
	  <div class="list-cta-text  is-btn-animated">Add to List</div>
	</button>
	 
	<!-- this is the list HTML   -->
	<div class="save-to-list-popup  is-btn-animated animation-up dark" 
	  data-save-to-list-error="Can not get lists at this time. Please try again later."
	  data-product-name="Parsnip Chips, Lightly Salted">
	  <div class="inner-container">
	  </div>
	  
	</div>
</div>

</div>
				</div>
			</div>


	<div class="module-plus-minus-buttons small hidden ">
			<button type="button" class="btn cart-change-qty" data-change-type="minus" data-auid="decrease-product-quantity" alt="Minus" aria-label="Minus">
				<span class="icon-minimize"></span>
			</button>
			<div class="plus-minus-input-wrapper">
				<input class="input-qty cart-change-qty" aria-label="Enter manual quantity" type="text" name="qty" title="Change quantity in cart"
							data-unit-type="ea"
							value="1ea" data-change-type="equals"
							maxlength="7">

						<span class="input-qty-pretty">
							<span class="input-qty-pretty-value">1</span>
							<span class="input-qty-pretty-unit"></span>
						</span>
					</div>

			<button type="button" class="btn cart-change-qty" data-change-type="plus" data-auid="increase-product-quantity" alt="Plus" aria-label="Plus">
				<span class="icon-plus-sign"></span>
			</button>

			<p class="deal-limit-reached hidden">Deal Limit Reached</p>

			<div class="tooltip-qty-error tooltip-qty-limit hidden">
				<p>
					Limit to
					&nbsp;
					999
					&nbsp;each&nbsp;
					per customer.</p>
			</div>
			<div class="tooltip-qty-error tooltip-round-error hidden">
				<p>
					We do not have this in the weight you wanted. We've rounded your order to the nearest weight increment we stock.</p>
			</div>
		</div>
	</form>

<!-- End Template: AddToCartSmall -->

</div>
</div>
<div class="item">
		









































	
	
		
		
		
		
			
		
	





























<div class="module-grocery-product quickview-simple  clicked" data-quickview-ajax-url="/p/20298697_EA/quickViewProduct" data-product-id="20298697_EA"  data-product-price="$1.28">
    
	
	
		<span class="subtitle"></span>
	

	<div class="product-page-hotspot">
	    <div class="product-cell quickview-button">
	  	    <div class="product-image ">
                
	  		    <img src="https://assets.shop.loblaws.ca/products/20298697/b1/en/front/20298697_front_a01.png" onerror="this.src='https://assets.shop.loblaws.ca/products/NoImage/b1/en/front/NoImage_front_a01_@2.png';" alt="Onion Rings" />
                
	  			    
	  	        
                
                    
                

	  		    

	  		    

	  		    

	  		    <div class="hover-text-container">
	  			    <button href="#" tabindex="0" class="hover-text " aria-label="Quick View for Onion Rings.">Quick View</button>
	  		    </div>
	  	    </div>
	    </div>

	    <div class="product-in-cart">
	  	    <div class="wrapper-product-in-cart">
	  		    <span>
	  			    In Cart
	  		    </span>
	  	    </div>
	    </div>

	    <div class="product-info">
	  	    <div class="product-name-wrapper">
	  		    <a href="/Food/Pantry/Chips-%26-Salty-Snacks/Pretzels-%26-Snack-Mixes/Onion-Rings/p/20298697_EA" class="product-name" aria-label="Product page for Onion Rings" >
	  			    <span class="js-product-entry-brand">Nong Shim&nbsp;</span>

	  			    

	  			    <span class="js-product-entry-name">Onion Rings</span>

	  			    <span class="js-product-entry-size-detail">(50 g)</span>

	  		    </a>
	  	    </div>
	  	    
	  	    
	  		    
	  		    
	  			    



	
	
		
		<span class="ad-match-badge  hidden">Ad Match</span>
	

	  				
	  			        
	  					
	  				        
	  					
	  				
	  		    
	  	    

	  	    <div class="price">
			    <div class="price-wrapper no-discount  ">
				    <span class="reg-price  " aria-label="Regular Price: $1.28">
					    <span class="reg-price-text">$1.28</span>
					    
					    <sup class="reg-price-unit">ea</sup>
				    </span>
				    <span class="sale-price hidden" aria-label="Sale Price:">
					    <span class="sale-price-text"></span>
					    <sup class="sale-price-unit">ea</sup>
				    </span>
				    
				    <span class="secondary-price hidden">
					    
					    <span class="secondary-price-text" aria-label="Secondary Price:"></span>
				    </span>
			    </div>
	  	    </div>

	  	    <div class="qty">
	  		    <span class="reg-qty  ">
		
			
		  	
		  		<span class="sr-only">Sale Price Per Unit:</span>
        $2.56
        /
        100
        g
		  	
	  	
	</span>

	<span class="sale-qty hidden">
		
			
		  	
		  		<span class="sr-only">Sale Price Per Unit:</span>
        $2.56
        /
        100
        g
		  	
	  	
	</span>

	<span class="secondary-qty hidden">
		
	  	<span class="secondary-qty-text"></span>
	</span>
	  	    </div>
	    </div>


	    

	    
	</div>
	<form class="form-product  quickview-btn-simple"
	  data-product-id="20298697_EA"
	  data-min-qty="1.0"
	  data-max-qty="999.0"
	  data-unit-type="ea"
	  data-cart-qty="1"
	  data-default-qty="1"
	  novalidate="novalidate"
	  promoCode=""
	  promoNumber=""
	  data-is-customized="false"
	  data-cart-url="/cart/product/20298697_EA"
	  data-csrf-token="5582ec01-90c0-448b-b4f7-e2cf68d9f8a0"
	  data-is-weighted-product="false">

	<div class="module-add-to-cart " data-change-type="plus" data-auto-edit="true" data-auto-add="true"
		 data-cart-ajax-url="/cart/updateCart">
		<div class="wrapper-add-to-cart-btn">
					<div class="module-add-to-cart-button-small">
							<button type="button" class="btn btn-secondary btn-add-to-cart " data-auid="add-to-cart-button" data-has-pts-badge="false" aria-label="Add Onion Rings to cart">
										<span class="icon-cart"></span>
										<span class="add-to-cart-text">
											Add</span>
									</button>
									<button type="button" class="btn btn-secondary btn-edit-cart hidden " aria-label="Edit Cart">
										<span class="qty-in-cart"></span>
										<span class="edit-cart-text">
											<spring code="product.edit.text" />"
										</span>
									</button>
								<div class="add-list-parent add-list-module  bottom-add-list-module ">
	<button class="btn btn-inline-link btn-save-to-list  dark is-btn-animated" 
	  data-login-url="/account/login?productCode=20298697_EA" 
	  data-ajax-url="/restful/lists/all?productCode=20298697_EA" 
	  data-user-guest="Y" 
	  data-user-guest="Y" data-product-code="20298697_EA" 
	  data-delete-item="false"
	  aria-label="Add Onion Rings to a List">
	  <span class="glyphicon glyphicon-th-list"></span>
	  <div class="list-cta-text  is-btn-animated">Add to List</div>
	</button>
	 
	<!-- this is the list HTML   -->
	<div class="save-to-list-popup  is-btn-animated animation-up dark" 
	  data-save-to-list-error="Can not get lists at this time. Please try again later."
	  data-product-name="Onion Rings">
	  <div class="inner-container">
	  </div>
	  
	</div>
</div>

</div>
				</div>
			</div>


	<div class="module-plus-minus-buttons small hidden ">
			<button type="button" class="btn cart-change-qty" data-change-type="minus" data-auid="decrease-product-quantity" alt="Minus" aria-label="Minus">
				<span class="icon-minimize"></span>
			</button>
			<div class="plus-minus-input-wrapper">
				<input class="input-qty cart-change-qty" aria-label="Enter manual quantity" type="text" name="qty" title="Change quantity in cart"
							data-unit-type="ea"
							value="1ea" data-change-type="equals"
							maxlength="7">

						<span class="input-qty-pretty">
							<span class="input-qty-pretty-value">1</span>
							<span class="input-qty-pretty-unit"></span>
						</span>
					</div>

			<button type="button" class="btn cart-change-qty" data-change-type="plus" data-auid="increase-product-quantity" alt="Plus" aria-label="Plus">
				<span class="icon-plus-sign"></span>
			</button>

			<p class="deal-limit-reached hidden">Deal Limit Reached</p>

			<div class="tooltip-qty-error tooltip-qty-limit hidden">
				<p>
					Limit to
					&nbsp;
					999
					&nbsp;each&nbsp;
					per customer.</p>
			</div>
			<div class="tooltip-qty-error tooltip-round-error hidden">
				<p>
					We do not have this in the weight you wanted. We've rounded your order to the nearest weight increment we stock.</p>
			</div>
		</div>
	</form>

<!-- End Template: AddToCartSmall -->

</div>
</div>
<div class="item">
		









































	
	
		
		
		
		
			
		
	





























<div class="module-grocery-product quickview-simple  clicked" data-quickview-ajax-url="/p/21065179_EA/quickViewProduct" data-product-id="21065179_EA"  data-product-price="$4.48">
    
	
	
		<span class="subtitle"></span>
	

	<div class="product-page-hotspot">
	    <div class="product-cell quickview-button">
	  	    <div class="product-image ">
                
	  		    <img src="https://assets.shop.loblaws.ca/products/21065179/b1/en/front/21065179_front_a01.png" onerror="this.src='https://assets.shop.loblaws.ca/products/NoImage/b1/en/front/NoImage_front_a01_@2.png';" alt="Chips, Sea Salt" />
                
	  			    
	  	        
                
                    
                

	  		    

	  		    

	  		    

	  		    <div class="hover-text-container">
	  			    <button href="#" tabindex="0" class="hover-text " aria-label="Quick View for Chips, Sea Salt.">Quick View</button>
	  		    </div>
	  	    </div>
	    </div>

	    <div class="product-in-cart">
	  	    <div class="wrapper-product-in-cart">
	  		    <span>
	  			    In Cart
	  		    </span>
	  	    </div>
	    </div>

	    <div class="product-info">
	  	    <div class="product-name-wrapper">
	  		    <a href="/Food/Pantry/Chips-%26-Salty-Snacks/Potato-Chips/Beanfields-Chips%2C-Sea-Salt/p/21065179_EA" class="product-name" aria-label="Product page for Chips, Sea Salt" >
	  			    <span class="js-product-entry-brand">Beanfields&nbsp;</span>

	  			    

	  			    <span class="js-product-entry-name">Chips, Sea Salt</span>

	  			    <span class="js-product-entry-size-detail">(156 g)</span>

	  		    </a>
	  	    </div>
	  	    
	  	    
	  		    
	  		    
	  			    



	
	
		
		<span class="ad-match-badge  hidden">Ad Match</span>
	

	  				
	  			        
	  					
	  				        
	  					
	  				
	  		    
	  	    

	  	    <div class="price">
			    <div class="price-wrapper no-discount  ">
				    <span class="reg-price  " aria-label="Regular Price: $4.48">
					    <span class="reg-price-text">$4.48</span>
					    
					    <sup class="reg-price-unit">ea</sup>
				    </span>
				    <span class="sale-price hidden" aria-label="Sale Price:">
					    <span class="sale-price-text"></span>
					    <sup class="sale-price-unit">ea</sup>
				    </span>
				    
				    <span class="secondary-price hidden">
					    
					    <span class="secondary-price-text" aria-label="Secondary Price:"></span>
				    </span>
			    </div>
	  	    </div>

	  	    <div class="qty">
	  		    <span class="reg-qty  ">
		
			
		  	
		  		<span class="sr-only">Sale Price Per Unit:</span>
        $2.87
        /
        100
        g
		  	
	  	
	</span>

	<span class="sale-qty hidden">
		
			
		  	
		  		<span class="sr-only">Sale Price Per Unit:</span>
        $2.87
        /
        100
        g
		  	
	  	
	</span>

	<span class="secondary-qty hidden">
		
	  	<span class="secondary-qty-text"></span>
	</span>
	  	    </div>
	    </div>


	    

	    
	</div>
	<form class="form-product  quickview-btn-simple"
	  data-product-id="21065179_EA"
	  data-min-qty="1.0"
	  data-max-qty="999.0"
	  data-unit-type="ea"
	  data-cart-qty="1"
	  data-default-qty="1"
	  novalidate="novalidate"
	  promoCode=""
	  promoNumber=""
	  data-is-customized="false"
	  data-cart-url="/cart/product/21065179_EA"
	  data-csrf-token="5582ec01-90c0-448b-b4f7-e2cf68d9f8a0"
	  data-is-weighted-product="false">

	<div class="module-add-to-cart " data-change-type="plus" data-auto-edit="true" data-auto-add="true"
		 data-cart-ajax-url="/cart/updateCart">
		<div class="wrapper-add-to-cart-btn">
					<div class="module-add-to-cart-button-small">
							<button type="button" class="btn btn-secondary btn-add-to-cart " data-auid="add-to-cart-button" data-has-pts-badge="false" aria-label="Add Chips, Sea Salt to cart">
										<span class="icon-cart"></span>
										<span class="add-to-cart-text">
											Add</span>
									</button>
									<button type="button" class="btn btn-secondary btn-edit-cart hidden " aria-label="Edit Cart">
										<span class="qty-in-cart"></span>
										<span class="edit-cart-text">
											<spring code="product.edit.text" />"
										</span>
									</button>
								<div class="add-list-parent add-list-module  bottom-add-list-module ">
	<button class="btn btn-inline-link btn-save-to-list  dark is-btn-animated" 
	  data-login-url="/account/login?productCode=21065179_EA" 
	  data-ajax-url="/restful/lists/all?productCode=21065179_EA" 
	  data-user-guest="Y" 
	  data-user-guest="Y" data-product-code="21065179_EA" 
	  data-delete-item="false"
	  aria-label="Add Chips, Sea Salt to a List">
	  <span class="glyphicon glyphicon-th-list"></span>
	  <div class="list-cta-text  is-btn-animated">Add to List</div>
	</button>
	 
	<!-- this is the list HTML   -->
	<div class="save-to-list-popup  is-btn-animated animation-up dark" 
	  data-save-to-list-error="Can not get lists at this time. Please try again later."
	  data-product-name="Chips, Sea Salt">
	  <div class="inner-container">
	  </div>
	  
	</div>
</div>

</div>
				</div>
			</div>


	<div class="module-plus-minus-buttons small hidden ">
			<button type="button" class="btn cart-change-qty" data-change-type="minus" data-auid="decrease-product-quantity" alt="Minus" aria-label="Minus">
				<span class="icon-minimize"></span>
			</button>
			<div class="plus-minus-input-wrapper">
				<input class="input-qty cart-change-qty" aria-label="Enter manual quantity" type="text" name="qty" title="Change quantity in cart"
							data-unit-type="ea"
							value="1ea" data-change-type="equals"
							maxlength="7">

						<span class="input-qty-pretty">
							<span class="input-qty-pretty-value">1</span>
							<span class="input-qty-pretty-unit"></span>
						</span>
					</div>

			<button type="button" class="btn cart-change-qty" data-change-type="plus" data-auid="increase-product-quantity" alt="Plus" aria-label="Plus">
				<span class="icon-plus-sign"></span>
			</button>

			<p class="deal-limit-reached hidden">Deal Limit Reached</p>

			<div class="tooltip-qty-error tooltip-qty-limit hidden">
				<p>
					Limit to
					&nbsp;
					999
					&nbsp;each&nbsp;
					per customer.</p>
			</div>
			<div class="tooltip-qty-error tooltip-round-error hidden">
				<p>
					We do not have this in the weight you wanted. We've rounded your order to the nearest weight increment we stock.</p>
			</div>
		</div>
	</form>

<!-- End Template: AddToCartSmall -->

</div>
</div>
<div class="item">
		









































	
	
		
		
		
		
			
		
	





























<div class="module-grocery-product quickview-simple  clicked" data-quickview-ajax-url="/p/20788024008_EA/quickViewProduct" data-product-id="20788024008_EA"  data-product-price="$2.97">
    
	
	
		<span class="subtitle"></span>
	

	<div class="product-page-hotspot">
	    <div class="product-cell quickview-button">
	  	    <div class="product-image ">
                
	  		    <img src="https://assets.shop.loblaws.ca/products/20788024008/b1/en/front/20788024008_front_a01.png" onerror="this.src='https://assets.shop.loblaws.ca/products/NoImage/b1/en/front/NoImage_front_a01_@2.png';" alt="Old Fashioned BBQ" />
                
	  			    
	  	        
                
                    
                

	  		    

	  		    
	  			    <span class="sticker deal">
	  				    <span class="deal-badge">
	  					    <span class="module-deal-badge module-deal-badge-feature flyer expires undefined">
	  						    <span class="deal-type">
								    Flyer<br />
	  							    Item
	  						    </span>
	  						    








	<span class="deal-expiry">
		Exp. 12/19
	</span>

	  					    </span>
	  				    </span>
	  			    </span>
	  			    
	  		    

	  		    

	  		    <div class="hover-text-container">
	  			    <button href="#" tabindex="0" class="hover-text " aria-label="Quick View for Old Fashioned BBQ.">Quick View</button>
	  		    </div>
	  	    </div>
	    </div>

	    <div class="product-in-cart">
	  	    <div class="wrapper-product-in-cart">
	  		    <span>
	  			    In Cart
	  		    </span>
	  	    </div>
	    </div>

	    <div class="product-info">
	  	    <div class="product-name-wrapper">
	  		    <a href="/Food/Pantry/Chips-%26-Salty-Snacks/Potato-Chips/Lay%27s-Old-Fashioned-BBQ/p/20788024008_EA" class="product-name" aria-label="Product page for Old Fashioned BBQ" >
	  			    <span class="js-product-entry-brand">Lay's&nbsp;</span>

	  			    

	  			    <span class="js-product-entry-name">Old Fashioned BBQ</span>

	  			    <span class="js-product-entry-size-detail">(255 g)</span>

	  		    </a>
	  	    </div>
	  	    
	  	    
	  		    
	  		    
	  			    



	
	
		
		<span class="ad-match-badge  hidden">Ad Match</span>
	

	  				
	  			        
	  					
	  				        
	  					
	  				
	  		    
	  	    

	  	    <div class="price">
			    <div class="price-wrapper no-discount  ">
				    <span class="reg-price  " aria-label="Regular Price: $2.97">
					    <span class="reg-price-text">$2.97</span>
					    
					    <sup class="reg-price-unit">ea</sup>
				    </span>
				    <span class="sale-price hidden" aria-label="Sale Price:">
					    <span class="sale-price-text"></span>
					    <sup class="sale-price-unit">ea</sup>
				    </span>
				    
				    <span class="secondary-price hidden">
					    
					    <span class="secondary-price-text" aria-label="Secondary Price:"></span>
				    </span>
			    </div>
	  	    </div>

	  	    <div class="qty">
	  		    <span class="reg-qty  ">
		
			
		  	
		  		<span class="sr-only">Sale Price Per Unit:</span>
        $1.16
        /
        100
        g
		  	
	  	
	</span>

	<span class="sale-qty hidden">
		
			
		  	
		  		<span class="sr-only">Sale Price Per Unit:</span>
        $1.16
        /
        100
        g
		  	
	  	
	</span>

	<span class="secondary-qty hidden">
		
	  	<span class="secondary-qty-text"></span>
	</span>
	  	    </div>
	    </div>


	    

	    
	</div>
	<form class="form-product  quickview-btn-simple"
	  data-product-id="20788024008_EA"
	  data-min-qty="1.0"
	  data-max-qty="999.0"
	  data-unit-type="ea"
	  data-cart-qty="1"
	  data-default-qty="1"
	  novalidate="novalidate"
	  promoCode=""
	  promoNumber=""
	  data-is-customized="false"
	  data-cart-url="/cart/product/20788024008_EA"
	  data-csrf-token="5582ec01-90c0-448b-b4f7-e2cf68d9f8a0"
	  data-is-weighted-product="false">

	<div class="module-add-to-cart " data-change-type="plus" data-auto-edit="true" data-auto-add="true"
		 data-cart-ajax-url="/cart/updateCart">
		<div class="wrapper-add-to-cart-btn">
					<div class="module-add-to-cart-button-small">
							<button type="button" class="btn btn-secondary btn-add-to-cart " data-auid="add-to-cart-button" data-has-pts-badge="false" aria-label="Add Old Fashioned BBQ to cart">
										<span class="icon-cart"></span>
										<span class="add-to-cart-text">
											Add</span>
									</button>
									<button type="button" class="btn btn-secondary btn-edit-cart hidden " aria-label="Edit Cart">
										<span class="qty-in-cart"></span>
										<span class="edit-cart-text">
											<spring code="product.edit.text" />"
										</span>
									</button>
								<div class="add-list-parent add-list-module  bottom-add-list-module ">
	<button class="btn btn-inline-link btn-save-to-list  dark is-btn-animated" 
	  data-login-url="/account/login?productCode=20788024008_EA" 
	  data-ajax-url="/restful/lists/all?productCode=20788024008_EA" 
	  data-user-guest="Y" 
	  data-user-guest="Y" data-product-code="20788024008_EA" 
	  data-delete-item="false"
	  aria-label="Add Old Fashioned BBQ to a List">
	  <span class="glyphicon glyphicon-th-list"></span>
	  <div class="list-cta-text  is-btn-animated">Add to List</div>
	</button>
	 
	<!-- this is the list HTML   -->
	<div class="save-to-list-popup  is-btn-animated animation-up dark" 
	  data-save-to-list-error="Can not get lists at this time. Please try again later."
	  data-product-name="Old Fashioned BBQ">
	  <div class="inner-container">
	  </div>
	  
	</div>
</div>

</div>
				</div>
			</div>


	<div class="module-plus-minus-buttons small hidden ">
			<button type="button" class="btn cart-change-qty" data-change-type="minus" data-auid="decrease-product-quantity" alt="Minus" aria-label="Minus">
				<span class="icon-minimize"></span>
			</button>
			<div class="plus-minus-input-wrapper">
				<input class="input-qty cart-change-qty" aria-label="Enter manual quantity" type="text" name="qty" title="Change quantity in cart"
							data-unit-type="ea"
							value="1ea" data-change-type="equals"
							maxlength="7">

						<span class="input-qty-pretty">
							<span class="input-qty-pretty-value">1</span>
							<span class="input-qty-pretty-unit"></span>
						</span>
					</div>

			<button type="button" class="btn cart-change-qty" data-change-type="plus" data-auid="increase-product-quantity" alt="Plus" aria-label="Plus">
				<span class="icon-plus-sign"></span>
			</button>

			<p class="deal-limit-reached hidden">Deal Limit Reached</p>

			<div class="tooltip-qty-error tooltip-qty-limit hidden">
				<p>
					Limit to
					&nbsp;
					999
					&nbsp;each&nbsp;
					per customer.</p>
			</div>
			<div class="tooltip-qty-error tooltip-round-error hidden">
				<p>
					We do not have this in the weight you wanted. We've rounded your order to the nearest weight increment we stock.</p>
			</div>
		</div>
	</form>

<!-- End Template: AddToCartSmall -->

</div>
</div>
<div class="item">
		









































	
	
		
		
		
		
			
		
	





























<div class="module-grocery-product quickview-simple  clicked" data-quickview-ajax-url="/p/20028559_EA/quickViewProduct" data-product-id="20028559_EA"  data-product-price="$2.98">
    
	
	
		<span class="subtitle"></span>
	

	<div class="product-page-hotspot">
	    <div class="product-cell quickview-button">
	  	    <div class="product-image ">
                
	  		    <img src="https://assets.shop.loblaws.ca/products/20028559/b1/en/front/20028559_front_a01.png" onerror="this.src='https://assets.shop.loblaws.ca/products/NoImage/b1/en/front/NoImage_front_a01_@2.png';" alt="Party Mix" />
                
	  			    
	  	        
                
                    
                

	  		    

	  		    

	  		    

	  		    <div class="hover-text-container">
	  			    <button href="#" tabindex="0" class="hover-text " aria-label="Quick View for Party Mix.">Quick View</button>
	  		    </div>
	  	    </div>
	    </div>

	    <div class="product-in-cart">
	  	    <div class="wrapper-product-in-cart">
	  		    <span>
	  			    In Cart
	  		    </span>
	  	    </div>
	    </div>

	    <div class="product-info">
	  	    <div class="product-name-wrapper">
	  		    <a href="/Food/Pantry/Chips-%26-Salty-Snacks/Pretzels-%26-Snack-Mixes/Party-Mix/p/20028559_EA" class="product-name" aria-label="Product page for Party Mix" >
	  			    <span class="js-product-entry-brand">No Name&nbsp;</span>

	  			    

	  			    <span class="js-product-entry-name">Party Mix</span>

	  			    <span class="js-product-entry-size-detail">(320 g)</span>

	  		    </a>
	  	    </div>
	  	    
	  	    
	  		    
	  		    
	  			    



	
	
		
		<span class="ad-match-badge  hidden">Ad Match</span>
	

	  				
	  			        
	  					
	  				        
	  					
	  				
	  		    
	  	    

	  	    <div class="price">
			    <div class="price-wrapper no-discount  ">
				    <span class="reg-price  " aria-label="Regular Price: $2.98">
					    <span class="reg-price-text">$2.98</span>
					    
					    <sup class="reg-price-unit">ea</sup>
				    </span>
				    <span class="sale-price hidden" aria-label="Sale Price:">
					    <span class="sale-price-text"></span>
					    <sup class="sale-price-unit">ea</sup>
				    </span>
				    
				    <span class="secondary-price hidden">
					    
					    <span class="secondary-price-text" aria-label="Secondary Price:"></span>
				    </span>
			    </div>
	  	    </div>

	  	    <div class="qty">
	  		    <span class="reg-qty  ">
		
			
		  	
		  		<span class="sr-only">Sale Price Per Unit:</span>
        $0.93
        /
        100
        g
		  	
	  	
	</span>

	<span class="sale-qty hidden">
		
			
		  	
		  		<span class="sr-only">Sale Price Per Unit:</span>
        $0.93
        /
        100
        g
		  	
	  	
	</span>

	<span class="secondary-qty hidden">
		
	  	<span class="secondary-qty-text"></span>
	</span>
	  	    </div>
	    </div>


	    

	    
	</div>
	<form class="form-product  quickview-btn-simple"
	  data-product-id="20028559_EA"
	  data-min-qty="1.0"
	  data-max-qty="999.0"
	  data-unit-type="ea"
	  data-cart-qty="1"
	  data-default-qty="1"
	  novalidate="novalidate"
	  promoCode=""
	  promoNumber=""
	  data-is-customized="false"
	  data-cart-url="/cart/product/20028559_EA"
	  data-csrf-token="5582ec01-90c0-448b-b4f7-e2cf68d9f8a0"
	  data-is-weighted-product="false">

	<div class="module-add-to-cart " data-change-type="plus" data-auto-edit="true" data-auto-add="true"
		 data-cart-ajax-url="/cart/updateCart">
		<div class="wrapper-add-to-cart-btn">
					<div class="module-add-to-cart-button-small">
							<button type="button" class="btn btn-secondary btn-add-to-cart " data-auid="add-to-cart-button" data-has-pts-badge="false" aria-label="Add Party Mix to cart">
										<span class="icon-cart"></span>
										<span class="add-to-cart-text">
											Add</span>
									</button>
									<button type="button" class="btn btn-secondary btn-edit-cart hidden " aria-label="Edit Cart">
										<span class="qty-in-cart"></span>
										<span class="edit-cart-text">
											<spring code="product.edit.text" />"
										</span>
									</button>
								<div class="add-list-parent add-list-module  bottom-add-list-module ">
	<button class="btn btn-inline-link btn-save-to-list  dark is-btn-animated" 
	  data-login-url="/account/login?productCode=20028559_EA" 
	  data-ajax-url="/restful/lists/all?productCode=20028559_EA" 
	  data-user-guest="Y" 
	  data-user-guest="Y" data-product-code="20028559_EA" 
	  data-delete-item="false"
	  aria-label="Add Party Mix to a List">
	  <span class="glyphicon glyphicon-th-list"></span>
	  <div class="list-cta-text  is-btn-animated">Add to List</div>
	</button>
	 
	<!-- this is the list HTML   -->
	<div class="save-to-list-popup  is-btn-animated animation-up dark" 
	  data-save-to-list-error="Can not get lists at this time. Please try again later."
	  data-product-name="Party Mix">
	  <div class="inner-container">
	  </div>
	  
	</div>
</div>

</div>
				</div>
			</div>


	<div class="module-plus-minus-buttons small hidden ">
			<button type="button" class="btn cart-change-qty" data-change-type="minus" data-auid="decrease-product-quantity" alt="Minus" aria-label="Minus">
				<span class="icon-minimize"></span>
			</button>
			<div class="plus-minus-input-wrapper">
				<input class="input-qty cart-change-qty" aria-label="Enter manual quantity" type="text" name="qty" title="Change quantity in cart"
							data-unit-type="ea"
							value="1ea" data-change-type="equals"
							maxlength="7">

						<span class="input-qty-pretty">
							<span class="input-qty-pretty-value">1</span>
							<span class="input-qty-pretty-unit"></span>
						</span>
					</div>

			<button type="button" class="btn cart-change-qty" data-change-type="plus" data-auid="increase-product-quantity" alt="Plus" aria-label="Plus">
				<span class="icon-plus-sign"></span>
			</button>

			<p class="deal-limit-reached hidden">Deal Limit Reached</p>

			<div class="tooltip-qty-error tooltip-qty-limit hidden">
				<p>
					Limit to
					&nbsp;
					999
					&nbsp;each&nbsp;
					per customer.</p>
			</div>
			<div class="tooltip-qty-error tooltip-round-error hidden">
				<p>
					We do not have this in the weight you wanted. We've rounded your order to the nearest weight increment we stock.</p>
			</div>
		</div>
	</form>

<!-- End Template: AddToCartSmall -->

</div>
</div>
<div class="item">
		









































	
	
		
		
		
		
			
		
	





























<div class="module-grocery-product quickview-simple  clicked" data-quickview-ajax-url="/p/20861713002_EA/quickViewProduct" data-product-id="20861713002_EA"  data-product-price="$3.28">
    
	
	
		<span class="subtitle"></span>
	

	<div class="product-page-hotspot">
	    <div class="product-cell quickview-button">
	  	    <div class="product-image ">
                
	  		    <img src="https://assets.shop.loblaws.ca/products/20861713002/b1/en/front/20861713002_front_a01.png" onerror="this.src='https://assets.shop.loblaws.ca/products/NoImage/b1/en/front/NoImage_front_a01_@2.png';" alt="Crunchys, Extreme Cheddar" />
                
	  			    
	  	        
                
                    
                

	  		    

	  		    

	  		    

	  		    <div class="hover-text-container">
	  			    <button href="#" tabindex="0" class="hover-text " aria-label="Quick View for Crunchys, Extreme Cheddar.">Quick View</button>
	  		    </div>
	  	    </div>
	    </div>

	    <div class="product-in-cart">
	  	    <div class="wrapper-product-in-cart">
	  		    <span>
	  			    In Cart
	  		    </span>
	  	    </div>
	    </div>

	    <div class="product-info">
	  	    <div class="product-name-wrapper">
	  		    <a href="/Food/Pantry/Chips-%26-Salty-Snacks/Potato-Chips/Old-Dutch-DUTCH-CRUNCH-Crunchys%2C-Extreme-Cheddar/p/20861713002_EA" class="product-name" aria-label="Product page for Crunchys, Extreme Cheddar" >
	  			    <span class="js-product-entry-brand">Old Dutch&nbsp;</span>

	  			    <span class="js-product-entry-subbrand">DUTCH CRUNCH&nbsp;</span>

	  			    <span class="js-product-entry-name">Crunchys, Extreme Cheddar</span>

	  			    <span class="js-product-entry-size-detail">(290 g)</span>

	  		    </a>
	  	    </div>
	  	    
	  	    
	  		    
	  		    
	  			    



	
	
		
		<span class="ad-match-badge  hidden">Ad Match</span>
	

	  				
	  			        
	  					
	  				        
	  					
	  				
	  		    
	  	    

	  	    <div class="price">
			    <div class="price-wrapper no-discount  ">
				    <span class="reg-price  " aria-label="Regular Price: $3.28">
					    <span class="reg-price-text">$3.28</span>
					    
					    <sup class="reg-price-unit">ea</sup>
				    </span>
				    <span class="sale-price hidden" aria-label="Sale Price:">
					    <span class="sale-price-text"></span>
					    <sup class="sale-price-unit">ea</sup>
				    </span>
				    
				    <span class="secondary-price hidden">
					    
					    <span class="secondary-price-text" aria-label="Secondary Price:"></span>
				    </span>
			    </div>
	  	    </div>

	  	    <div class="qty">
	  		    <span class="reg-qty  ">
		
			
		  	
		  		<span class="sr-only">Sale Price Per Unit:</span>
        $1.13
        /
        100
        g
		  	
	  	
	</span>

	<span class="sale-qty hidden">
		
			
		  	
		  		<span class="sr-only">Sale Price Per Unit:</span>
        $1.13
        /
        100
        g
		  	
	  	
	</span>

	<span class="secondary-qty hidden">
		
	  	<span class="secondary-qty-text"></span>
	</span>
	  	    </div>
	    </div>


	    

	    
	</div>
	<form class="form-product  quickview-btn-simple"
	  data-product-id="20861713002_EA"
	  data-min-qty="1.0"
	  data-max-qty="999.0"
	  data-unit-type="ea"
	  data-cart-qty="1"
	  data-default-qty="1"
	  novalidate="novalidate"
	  promoCode=""
	  promoNumber=""
	  data-is-customized="false"
	  data-cart-url="/cart/product/20861713002_EA"
	  data-csrf-token="5582ec01-90c0-448b-b4f7-e2cf68d9f8a0"
	  data-is-weighted-product="false">

	<div class="module-add-to-cart " data-change-type="plus" data-auto-edit="true" data-auto-add="true"
		 data-cart-ajax-url="/cart/updateCart">
		<div class="wrapper-add-to-cart-btn">
					<div class="module-add-to-cart-button-small">
							<button type="button" class="btn btn-secondary btn-add-to-cart " data-auid="add-to-cart-button" data-has-pts-badge="false" aria-label="Add Crunchys, Extreme Cheddar to cart">
										<span class="icon-cart"></span>
										<span class="add-to-cart-text">
											Add</span>
									</button>
									<button type="button" class="btn btn-secondary btn-edit-cart hidden " aria-label="Edit Cart">
										<span class="qty-in-cart"></span>
										<span class="edit-cart-text">
											<spring code="product.edit.text" />"
										</span>
									</button>
								<div class="add-list-parent add-list-module  bottom-add-list-module ">
	<button class="btn btn-inline-link btn-save-to-list  dark is-btn-animated" 
	  data-login-url="/account/login?productCode=20861713002_EA" 
	  data-ajax-url="/restful/lists/all?productCode=20861713002_EA" 
	  data-user-guest="Y" 
	  data-user-guest="Y" data-product-code="20861713002_EA" 
	  data-delete-item="false"
	  aria-label="Add Crunchys, Extreme Cheddar to a List">
	  <span class="glyphicon glyphicon-th-list"></span>
	  <div class="list-cta-text  is-btn-animated">Add to List</div>
	</button>
	 
	<!-- this is the list HTML   -->
	<div class="save-to-list-popup  is-btn-animated animation-up dark" 
	  data-save-to-list-error="Can not get lists at this time. Please try again later."
	  data-product-name="Crunchys, Extreme Cheddar">
	  <div class="inner-container">
	  </div>
	  
	</div>
</div>

</div>
				</div>
			</div>


	<div class="module-plus-minus-buttons small hidden ">
			<button type="button" class="btn cart-change-qty" data-change-type="minus" data-auid="decrease-product-quantity" alt="Minus" aria-label="Minus">
				<span class="icon-minimize"></span>
			</button>
			<div class="plus-minus-input-wrapper">
				<input class="input-qty cart-change-qty" aria-label="Enter manual quantity" type="text" name="qty" title="Change quantity in cart"
							data-unit-type="ea"
							value="1ea" data-change-type="equals"
							maxlength="7">

						<span class="input-qty-pretty">
							<span class="input-qty-pretty-value">1</span>
							<span class="input-qty-pretty-unit"></span>
						</span>
					</div>

			<button type="button" class="btn cart-change-qty" data-change-type="plus" data-auid="increase-product-quantity" alt="Plus" aria-label="Plus">
				<span class="icon-plus-sign"></span>
			</button>

			<p class="deal-limit-reached hidden">Deal Limit Reached</p>

			<div class="tooltip-qty-error tooltip-qty-limit hidden">
				<p>
					Limit to
					&nbsp;
					999
					&nbsp;each&nbsp;
					per customer.</p>
			</div>
			<div class="tooltip-qty-error tooltip-round-error hidden">
				<p>
					We do not have this in the weight you wanted. We've rounded your order to the nearest weight increment we stock.</p>
			</div>
		</div>
	</form>

<!-- End Template: AddToCartSmall -->

</div>
</div>
<div class="item">
		






































	




	
	
		
		
		
		
			
		
	





























<div class="module-grocery-product quickview-simple  clicked" data-quickview-ajax-url="/p/20298997005_EA/quickViewProduct" data-product-id="20298997005_EA"  data-product-price="$2.48">
    
	
	
		<span class="subtitle"></span>
	

	<div class="product-page-hotspot">
	    <div class="product-cell quickview-button">
	  	    <div class="product-image ">
                
	  		    <img src="https://assets.shop.loblaws.ca/products/20298997005/b1/en/front/20298997005_front_a01.png" onerror="this.src='https://assets.shop.loblaws.ca/products/NoImage/b1/en/front/NoImage_front_a01_@2.png';" alt="Potato Chips, Honey Dijon" />
                
	  			    
	  			        <span class="sticker deal">
	  				        <span class="deal-badge">
	  				            
	  			                
	  				            

	  				            <span class="module-deal-badge module-deal-badge-grid simple-save-unit "
	  						        data-deal-type="$2.48 LIMIT 4"
	  						        data-ajax-promo-url="/simpleDeal/deals/product-tile?productCode=20298997005_EA"
	  						        data-deal-id="20298997005_EA">
	  						        <span class="deal-type">$2.48 LIMIT 4</span>
	  						            








	<span class="deal-expiry">
		Exp. 12/20
	</span>

	  					                
	  				            </span>
	  			            </span>
	  		            </span>
	  			        
	  	            
	  	        
                
                    
                

	  		    

	  		    

	  		    

	  		    <div class="hover-text-container">
	  			    <button href="#" tabindex="0" class="hover-text " aria-label="Quick View for Potato Chips, Honey Dijon.">Quick View</button>
	  		    </div>
	  	    </div>
	    </div>

	    <div class="product-in-cart">
	  	    <div class="wrapper-product-in-cart">
	  		    <span>
	  			    In Cart
	  		    </span>
	  	    </div>
	    </div>

	    <div class="product-info">
	  	    <div class="product-name-wrapper">
	  		    <a href="/Food/Natural-%26-Organic/Pantry/Snacks-%26-Candy/Potato-Chips%2C-Honey-Dijon/p/20298997005_EA" class="product-name" aria-label="Product page for Potato Chips, Honey Dijon" >
	  			    <span class="js-product-entry-brand">Kettle&nbsp;</span>

	  			    

	  			    <span class="js-product-entry-name">Potato Chips, Honey Dijon</span>

	  			    <span class="js-product-entry-size-detail">(220 g)</span>

	  		    </a>
	  	    </div>
	  	    
	  	    
	  		    
	  		    
	  			    



	
	
		
		<span class="ad-match-badge  hidden">Ad Match</span>
	

	  				
	  			        
	  					
	  				        
	  					
	  				
	  		    
	  	    

	  	    <div class="price">
			    <div class="price-wrapper no-discount promo-alert ">
				    <span class="reg-price  price-alert" aria-label="Regular Price: $2.48">
					    <span class="reg-price-text">$2.48</span>
					    
					    <sup class="reg-price-unit">ea</sup>
				    </span>
				    <span class="sale-price hidden" aria-label="Sale Price:">
					    <span class="sale-price-text"></span>
					    <sup class="sale-price-unit">ea</sup>
				    </span>
				    
				    <span class="secondary-price hidden">
					    
					    <span class="secondary-price-text" aria-label="Secondary Price:"></span>
				    </span>
			    </div>
	  	    </div>

	  	    <div class="qty">
	  		    <span class="reg-qty  price-alert">
		
			
		  	
		  		<span class="sr-only">Sale Price Per Unit:</span>
        $1.13
        /
        100
        g
		  	
	  	
	</span>

	<span class="sale-qty hidden">
		
			
		  	
		  		<span class="sr-only">Sale Price Per Unit:</span>
        $1.13
        /
        100
        g
		  	
	  	
	</span>

	<span class="secondary-qty hidden">
		
	  	<span class="secondary-qty-text"></span>
	</span>
	  	    </div>
	    </div>


	    

	    
	</div>
	<form class="form-product  quickview-btn-simple"
	  data-product-id="20298997005_EA"
	  data-min-qty="1.0"
	  data-max-qty="999.0"
	  data-unit-type="ea"
	  data-cart-qty="1"
	  data-default-qty="1"
	  novalidate="novalidate"
	  promoCode=""
	  promoNumber=""
	  data-is-customized="false"
	  data-cart-url="/cart/product/20298997005_EA"
	  data-csrf-token="5582ec01-90c0-448b-b4f7-e2cf68d9f8a0"
	  data-is-weighted-product="false">

	<div class="module-add-to-cart " data-change-type="plus" data-auto-edit="true" data-auto-add="true"
		 data-cart-ajax-url="/cart/updateCart">
		<div class="wrapper-add-to-cart-btn">
					<div class="module-add-to-cart-button-small">
							<button type="button" class="btn btn-secondary btn-add-to-cart " data-auid="add-to-cart-button" data-has-pts-badge="false" aria-label="Add Potato Chips, Honey Dijon to cart">
										<span class="icon-cart"></span>
										<span class="add-to-cart-text">
											Add</span>
									</button>
									<button type="button" class="btn btn-secondary btn-edit-cart hidden " aria-label="Edit Cart">
										<span class="qty-in-cart"></span>
										<span class="edit-cart-text">
											<spring code="product.edit.text" />"
										</span>
									</button>
								<div class="add-list-parent add-list-module  bottom-add-list-module ">
	<button class="btn btn-inline-link btn-save-to-list  dark is-btn-animated" 
	  data-login-url="/account/login?productCode=20298997005_EA" 
	  data-ajax-url="/restful/lists/all?productCode=20298997005_EA" 
	  data-user-guest="Y" 
	  data-user-guest="Y" data-product-code="20298997005_EA" 
	  data-delete-item="false"
	  aria-label="Add Potato Chips, Honey Dijon to a List">
	  <span class="glyphicon glyphicon-th-list"></span>
	  <div class="list-cta-text  is-btn-animated">Add to List</div>
	</button>
	 
	<!-- this is the list HTML   -->
	<div class="save-to-list-popup  is-btn-animated animation-up dark" 
	  data-save-to-list-error="Can not get lists at this time. Please try again later."
	  data-product-name="Potato Chips, Honey Dijon">
	  <div class="inner-container">
	  </div>
	  
	</div>
</div>

</div>
				</div>
			</div>


	<div class="module-plus-minus-buttons small hidden ">
			<button type="button" class="btn cart-change-qty" data-change-type="minus" data-auid="decrease-product-quantity" alt="Minus" aria-label="Minus">
				<span class="icon-minimize"></span>
			</button>
			<div class="plus-minus-input-wrapper">
				<input class="input-qty cart-change-qty" aria-label="Enter manual quantity" type="text" name="qty" title="Change quantity in cart"
							data-unit-type="ea"
							value="1ea" data-change-type="equals"
							maxlength="7">

						<span class="input-qty-pretty">
							<span class="input-qty-pretty-value">1</span>
							<span class="input-qty-pretty-unit"></span>
						</span>
					</div>

			<button type="button" class="btn cart-change-qty" data-change-type="plus" data-auid="increase-product-quantity" alt="Plus" aria-label="Plus">
				<span class="icon-plus-sign"></span>
			</button>

			<p class="deal-limit-reached hidden">Deal Limit Reached</p>

			<div class="tooltip-qty-error tooltip-qty-limit hidden">
				<p>
					Limit to
					&nbsp;
					999
					&nbsp;each&nbsp;
					per customer.</p>
			</div>
			<div class="tooltip-qty-error tooltip-round-error hidden">
				<p>
					We do not have this in the weight you wanted. We've rounded your order to the nearest weight increment we stock.</p>
			</div>
		</div>
	</form>

<!-- End Template: AddToCartSmall -->

</div>
</div>
<div class="item">
		









































	
	
		
		
		
		
			
		
	





























<div class="module-grocery-product quickview-simple  clicked" data-quickview-ajax-url="/p/20712036001_EA/quickViewProduct" data-product-id="20712036001_EA"  data-product-price="$2.88">
    
	
	
		<span class="subtitle"></span>
	

	<div class="product-page-hotspot">
	    <div class="product-cell quickview-button">
	  	    <div class="product-image ">
                
	  		    <img src="https://assets.shop.loblaws.ca/products/20712036001/b1/en/front/20712036001_front_a01.png" onerror="this.src='https://assets.shop.loblaws.ca/products/NoImage/b1/en/front/NoImage_front_a01_@2.png';" alt="Potato Chips, BBQ" />
                
	  			    
	  	        
                
                    
                

	  		    

	  		    

	  		    

	  		    <div class="hover-text-container">
	  			    <button href="#" tabindex="0" class="hover-text " aria-label="Quick View for Potato Chips, BBQ.">Quick View</button>
	  		    </div>
	  	    </div>
	    </div>

	    <div class="product-in-cart">
	  	    <div class="wrapper-product-in-cart">
	  		    <span>
	  			    In Cart
	  		    </span>
	  	    </div>
	    </div>

	    <div class="product-info">
	  	    <div class="product-name-wrapper">
	  		    <a href="/Food/Pantry/Chips-%26-Salty-Snacks/Potato-Chips/Old-Dutch-Potato-Chips%2C-BBQ/p/20712036001_EA" class="product-name" aria-label="Product page for Potato Chips, BBQ" >
	  			    <span class="js-product-entry-brand">Old Dutch&nbsp;</span>

	  			    

	  			    <span class="js-product-entry-name">Potato Chips, BBQ</span>

	  			    <span class="js-product-entry-size-detail">(220 g)</span>

	  		    </a>
	  	    </div>
	  	    
	  	    
	  		    
	  		    
	  			    



	
	
		
		<span class="ad-match-badge  hidden">Ad Match</span>
	

	  				
	  			        
	  					
	  				        
	  					
	  				
	  		    
	  	    

	  	    <div class="price">
			    <div class="price-wrapper no-discount  ">
				    <span class="reg-price  " aria-label="Regular Price: $2.88">
					    <span class="reg-price-text">$2.88</span>
					    
					    <sup class="reg-price-unit">ea</sup>
				    </span>
				    <span class="sale-price hidden" aria-label="Sale Price:">
					    <span class="sale-price-text"></span>
					    <sup class="sale-price-unit">ea</sup>
				    </span>
				    
				    <span class="secondary-price hidden">
					    
					    <span class="secondary-price-text" aria-label="Secondary Price:"></span>
				    </span>
			    </div>
	  	    </div>

	  	    <div class="qty">
	  		    <span class="reg-qty  ">
		
			
		  	
		  		<span class="sr-only">Sale Price Per Unit:</span>
        $1.31
        /
        100
        g
		  	
	  	
	</span>

	<span class="sale-qty hidden">
		
			
		  	
		  		<span class="sr-only">Sale Price Per Unit:</span>
        $1.31
        /
        100
        g
		  	
	  	
	</span>

	<span class="secondary-qty hidden">
		
	  	<span class="secondary-qty-text"></span>
	</span>
	  	    </div>
	    </div>


	    

	    
	</div>
	<form class="form-product  quickview-btn-simple"
	  data-product-id="20712036001_EA"
	  data-min-qty="1.0"
	  data-max-qty="999.0"
	  data-unit-type="ea"
	  data-cart-qty="1"
	  data-default-qty="1"
	  novalidate="novalidate"
	  promoCode=""
	  promoNumber=""
	  data-is-customized="false"
	  data-cart-url="/cart/product/20712036001_EA"
	  data-csrf-token="5582ec01-90c0-448b-b4f7-e2cf68d9f8a0"
	  data-is-weighted-product="false">

	<div class="module-add-to-cart " data-change-type="plus" data-auto-edit="true" data-auto-add="true"
		 data-cart-ajax-url="/cart/updateCart">
		<div class="wrapper-add-to-cart-btn">
					<div class="module-add-to-cart-button-small">
							<button type="button" class="btn btn-secondary btn-add-to-cart " data-auid="add-to-cart-button" data-has-pts-badge="false" aria-label="Add Potato Chips, BBQ to cart">
										<span class="icon-cart"></span>
										<span class="add-to-cart-text">
											Add</span>
									</button>
									<button type="button" class="btn btn-secondary btn-edit-cart hidden " aria-label="Edit Cart">
										<span class="qty-in-cart"></span>
										<span class="edit-cart-text">
											<spring code="product.edit.text" />"
										</span>
									</button>
								<div class="add-list-parent add-list-module  bottom-add-list-module ">
	<button class="btn btn-inline-link btn-save-to-list  dark is-btn-animated" 
	  data-login-url="/account/login?productCode=20712036001_EA" 
	  data-ajax-url="/restful/lists/all?productCode=20712036001_EA" 
	  data-user-guest="Y" 
	  data-user-guest="Y" data-product-code="20712036001_EA" 
	  data-delete-item="false"
	  aria-label="Add Potato Chips, BBQ to a List">
	  <span class="glyphicon glyphicon-th-list"></span>
	  <div class="list-cta-text  is-btn-animated">Add to List</div>
	</button>
	 
	<!-- this is the list HTML   -->
	<div class="save-to-list-popup  is-btn-animated animation-up dark" 
	  data-save-to-list-error="Can not get lists at this time. Please try again later."
	  data-product-name="Potato Chips, BBQ">
	  <div class="inner-container">
	  </div>
	  
	</div>
</div>

</div>
				</div>
			</div>


	<div class="module-plus-minus-buttons small hidden ">
			<button type="button" class="btn cart-change-qty" data-change-type="minus" data-auid="decrease-product-quantity" alt="Minus" aria-label="Minus">
				<span class="icon-minimize"></span>
			</button>
			<div class="plus-minus-input-wrapper">
				<input class="input-qty cart-change-qty" aria-label="Enter manual quantity" type="text" name="qty" title="Change quantity in cart"
							data-unit-type="ea"
							value="1ea" data-change-type="equals"
							maxlength="7">

						<span class="input-qty-pretty">
							<span class="input-qty-pretty-value">1</span>
							<span class="input-qty-pretty-unit"></span>
						</span>
					</div>

			<button type="button" class="btn cart-change-qty" data-change-type="plus" data-auid="increase-product-quantity" alt="Plus" aria-label="Plus">
				<span class="icon-plus-sign"></span>
			</button>

			<p class="deal-limit-reached hidden">Deal Limit Reached</p>

			<div class="tooltip-qty-error tooltip-qty-limit hidden">
				<p>
					Limit to
					&nbsp;
					999
					&nbsp;each&nbsp;
					per customer.</p>
			</div>
			<div class="tooltip-qty-error tooltip-round-error hidden">
				<p>
					We do not have this in the weight you wanted. We've rounded your order to the nearest weight increment we stock.</p>
			</div>
		</div>
	</form>

<!-- End Template: AddToCartSmall -->

</div>
</div>
<div class="item">
		






































	


	



	
	
		
		
		
		
			
		
	





























<div class="module-grocery-product quickview-simple  clicked" data-quickview-ajax-url="/p/21056019_EA/quickViewProduct" data-product-id="21056019_EA"  data-product-price="$2.24">
    
	
	
		<span class="subtitle"></span>
	

	<div class="product-page-hotspot">
	    <div class="product-cell quickview-button">
	  	    <div class="product-image ">
                
	  		    <img src="https://assets.shop.loblaws.ca/products/21056019/b1/en/front/21056019_front_a01.png" onerror="this.src='https://assets.shop.loblaws.ca/products/NoImage/b1/en/front/NoImage_front_a01_@2.png';" alt="Chips, Korean BBQ" />
                
	  			    
	  			        <span class="sticker deal">
	  				        <span class="deal-badge">
	  				            
	  			                
	  				            

	  				            <span class="module-deal-badge module-deal-badge-grid simple-save-unit "
	  						        data-deal-type="SAVE $0.24"
	  						        data-ajax-promo-url="/simpleDeal/deals/product-tile?productCode=21056019_EA"
	  						        data-deal-id="21056019_EA">
	  						        <span class="deal-type">SAVE $0.24</span>
	  						            








	<span class="deal-expiry">
		Exp. 12/20
	</span>

	  					                
	  				            </span>
	  			            </span>
	  		            </span>
	  			        
	  	            
	  	        
                
                    
                

	  		    

	  		    

	  		    

	  		    <div class="hover-text-container">
	  			    <button href="#" tabindex="0" class="hover-text " aria-label="Quick View for Chips, Korean BBQ.">Quick View</button>
	  		    </div>
	  	    </div>
	    </div>

	    <div class="product-in-cart">
	  	    <div class="wrapper-product-in-cart">
	  		    <span>
	  			    In Cart
	  		    </span>
	  	    </div>
	    </div>

	    <div class="product-info">
	  	    <div class="product-name-wrapper">
	  		    <a href="/Food/Pantry/Chips-%26-Salty-Snacks/Potato-Chips/Kettle-Chips%2C-Korean-BBQ/p/21056019_EA" class="product-name" aria-label="Product page for Chips, Korean BBQ" >
	  			    <span class="js-product-entry-brand">Kettle&nbsp;</span>

	  			    

	  			    <span class="js-product-entry-name">Chips, Korean BBQ</span>

	  			    <span class="js-product-entry-size-detail">(220 g)</span>

	  		    </a>
	  	    </div>
	  	    
	  	    
	  		    
	  		    
	  			    



	
	
		
		<span class="ad-match-badge  hidden">Ad Match</span>
	

	  				
	  			        
	  					
	  				        
	  					
	  				
	  		    
	  	    

	  	    <div class="price">
			    <div class="price-wrapper discount promo-alert ">
				    <span class="reg-price  price-alert" aria-label="Regular Price: $2.24">
					    <span class="reg-price-text">$2.24</span>
					    
					    <sup class="reg-price-unit">ea</sup>
				    </span>
				    <span class="sale-price hidden" aria-label="Sale Price:">
					    <span class="sale-price-text"></span>
					    <sup class="sale-price-unit">ea</sup>
				    </span>
				    
					    <span class="old-price" aria-label="Original Price: $2.48">
						    <span class="old-price-text">$2.48</span>
					    </span>
				    
				    <span class="secondary-price hidden">
					    
					    <span class="secondary-price-text" aria-label="Secondary Price:"></span>
				    </span>
			    </div>
	  	    </div>

	  	    <div class="qty">
	  		    <span class="reg-qty  price-alert">
		
			
		  	
		  		<span class="sr-only">Sale Price Per Unit:</span>
        $1.02
        /
        100
        g
		  	
	  	
	</span>

	<span class="sale-qty hidden">
		
			
		  	
		  		<span class="sr-only">Sale Price Per Unit:</span>
        $1.02
        /
        100
        g
		  	
	  	
	</span>

	<span class="secondary-qty hidden">
		
	  	<span class="secondary-qty-text"></span>
	</span>
	  	    </div>
	    </div>


	    

	    
	</div>
	<form class="form-product  quickview-btn-simple"
	  data-product-id="21056019_EA"
	  data-min-qty="1.0"
	  data-max-qty="999.0"
	  data-unit-type="ea"
	  data-cart-qty="1"
	  data-default-qty="1"
	  novalidate="novalidate"
	  promoCode=""
	  promoNumber=""
	  data-is-customized="false"
	  data-cart-url="/cart/product/21056019_EA"
	  data-csrf-token="5582ec01-90c0-448b-b4f7-e2cf68d9f8a0"
	  data-is-weighted-product="false">

	<div class="module-add-to-cart " data-change-type="plus" data-auto-edit="true" data-auto-add="true"
		 data-cart-ajax-url="/cart/updateCart">
		<div class="wrapper-add-to-cart-btn">
					<div class="module-add-to-cart-button-small">
							<button type="button" class="btn btn-secondary btn-add-to-cart " data-auid="add-to-cart-button" data-has-pts-badge="false" aria-label="Add Chips, Korean BBQ to cart">
										<span class="icon-cart"></span>
										<span class="add-to-cart-text">
											Add</span>
									</button>
									<button type="button" class="btn btn-secondary btn-edit-cart hidden " aria-label="Edit Cart">
										<span class="qty-in-cart"></span>
										<span class="edit-cart-text">
											<spring code="product.edit.text" />"
										</span>
									</button>
								<div class="add-list-parent add-list-module  bottom-add-list-module ">
	<button class="btn btn-inline-link btn-save-to-list  dark is-btn-animated" 
	  data-login-url="/account/login?productCode=21056019_EA" 
	  data-ajax-url="/restful/lists/all?productCode=21056019_EA" 
	  data-user-guest="Y" 
	  data-user-guest="Y" data-product-code="21056019_EA" 
	  data-delete-item="false"
	  aria-label="Add Chips, Korean BBQ to a List">
	  <span class="glyphicon glyphicon-th-list"></span>
	  <div class="list-cta-text  is-btn-animated">Add to List</div>
	</button>
	 
	<!-- this is the list HTML   -->
	<div class="save-to-list-popup  is-btn-animated animation-up dark" 
	  data-save-to-list-error="Can not get lists at this time. Please try again later."
	  data-product-name="Chips, Korean BBQ">
	  <div class="inner-container">
	  </div>
	  
	</div>
</div>

</div>
				</div>
			</div>


	<div class="module-plus-minus-buttons small hidden ">
			<button type="button" class="btn cart-change-qty" data-change-type="minus" data-auid="decrease-product-quantity" alt="Minus" aria-label="Minus">
				<span class="icon-minimize"></span>
			</button>
			<div class="plus-minus-input-wrapper">
				<input class="input-qty cart-change-qty" aria-label="Enter manual quantity" type="text" name="qty" title="Change quantity in cart"
							data-unit-type="ea"
							value="1ea" data-change-type="equals"
							maxlength="7">

						<span class="input-qty-pretty">
							<span class="input-qty-pretty-value">1</span>
							<span class="input-qty-pretty-unit"></span>
						</span>
					</div>

			<button type="button" class="btn cart-change-qty" data-change-type="plus" data-auid="increase-product-quantity" alt="Plus" aria-label="Plus">
				<span class="icon-plus-sign"></span>
			</button>

			<p class="deal-limit-reached hidden">Deal Limit Reached</p>

			<div class="tooltip-qty-error tooltip-qty-limit hidden">
				<p>
					Limit to
					&nbsp;
					999
					&nbsp;each&nbsp;
					per customer.</p>
			</div>
			<div class="tooltip-qty-error tooltip-round-error hidden">
				<p>
					We do not have this in the weight you wanted. We've rounded your order to the nearest weight increment we stock.</p>
			</div>
		</div>
	</form>

<!-- End Template: AddToCartSmall -->

</div>
</div>
<div class="item">
		









































	
	
		
		
		
		
			
		
	





























<div class="module-grocery-product quickview-simple  clicked" data-quickview-ajax-url="/p/20075252_EA/quickViewProduct" data-product-id="20075252_EA"  data-product-price="$5.98">
    
	
	
		<span class="subtitle"></span>
	

	<div class="product-page-hotspot">
	    <div class="product-cell quickview-button">
	  	    <div class="product-image ">
                
	  		    <img src="https://assets.shop.loblaws.ca/products/20075252/b1/en/front/20075252_front_a01.png" onerror="this.src='https://assets.shop.loblaws.ca/products/NoImage/b1/en/front/NoImage_front_a01_@2.png';" alt="Kettle Chips" />
                
	  			    
	  	        
                
                    
                

	  		    

	  		    

	  		    

	  		    <div class="hover-text-container">
	  			    <button href="#" tabindex="0" class="hover-text " aria-label="Quick View for Kettle Chips.">Quick View</button>
	  		    </div>
	  	    </div>
	    </div>

	    <div class="product-in-cart">
	  	    <div class="wrapper-product-in-cart">
	  		    <span>
	  			    In Cart
	  		    </span>
	  	    </div>
	    </div>

	    <div class="product-info">
	  	    <div class="product-name-wrapper">
	  		    <a href="/Food/Pantry/Chips-%26-Salty-Snacks/Potato-Chips/PC-Club-Pack-Kettle-Chips/p/20075252_EA" class="product-name" aria-label="Product page for Kettle Chips" >
	  			    <span class="js-product-entry-brand">PC  Club Pack&nbsp;</span>

	  			    

	  			    <span class="js-product-entry-name">Kettle Chips</span>

	  			    <span class="js-product-entry-size-detail">(907 g)</span>

	  		    </a>
	  	    </div>
	  	    
	  	    
	  		    
	  		    
	  			    



	
	
		
		<span class="ad-match-badge  hidden">Ad Match</span>
	

	  				
	  			        
	  					
	  				        
	  					
	  				
	  		    
	  	    

	  	    <div class="price">
			    <div class="price-wrapper no-discount  ">
				    <span class="reg-price  " aria-label="Regular Price: $5.98">
					    <span class="reg-price-text">$5.98</span>
					    
					    <sup class="reg-price-unit">ea</sup>
				    </span>
				    <span class="sale-price hidden" aria-label="Sale Price:">
					    <span class="sale-price-text"></span>
					    <sup class="sale-price-unit">ea</sup>
				    </span>
				    
				    <span class="secondary-price hidden">
					    
					    <span class="secondary-price-text" aria-label="Secondary Price:"></span>
				    </span>
			    </div>
	  	    </div>

	  	    <div class="qty">
	  		    <span class="reg-qty  ">
		
			
		  	
		  		<span class="sr-only">Sale Price Per Unit:</span>
        $0.66
        /
        100
        g
		  	
	  	
	</span>

	<span class="sale-qty hidden">
		
			
		  	
		  		<span class="sr-only">Sale Price Per Unit:</span>
        $0.66
        /
        100
        g
		  	
	  	
	</span>

	<span class="secondary-qty hidden">
		
	  	<span class="secondary-qty-text"></span>
	</span>
	  	    </div>
	    </div>


	    

	    
	</div>
	<form class="form-product  quickview-btn-simple"
	  data-product-id="20075252_EA"
	  data-min-qty="1.0"
	  data-max-qty="999.0"
	  data-unit-type="ea"
	  data-cart-qty="1"
	  data-default-qty="1"
	  novalidate="novalidate"
	  promoCode=""
	  promoNumber=""
	  data-is-customized="false"
	  data-cart-url="/cart/product/20075252_EA"
	  data-csrf-token="5582ec01-90c0-448b-b4f7-e2cf68d9f8a0"
	  data-is-weighted-product="false">

	<div class="module-add-to-cart " data-change-type="plus" data-auto-edit="true" data-auto-add="true"
		 data-cart-ajax-url="/cart/updateCart">
		<div class="wrapper-add-to-cart-btn">
					<div class="module-add-to-cart-button-small">
							<button type="button" class="btn btn-secondary btn-add-to-cart " data-auid="add-to-cart-button" data-has-pts-badge="false" aria-label="Add Kettle Chips to cart">
										<span class="icon-cart"></span>
										<span class="add-to-cart-text">
											Add</span>
									</button>
									<button type="button" class="btn btn-secondary btn-edit-cart hidden " aria-label="Edit Cart">
										<span class="qty-in-cart"></span>
										<span class="edit-cart-text">
											<spring code="product.edit.text" />"
										</span>
									</button>
								<div class="add-list-parent add-list-module  bottom-add-list-module ">
	<button class="btn btn-inline-link btn-save-to-list  dark is-btn-animated" 
	  data-login-url="/account/login?productCode=20075252_EA" 
	  data-ajax-url="/restful/lists/all?productCode=20075252_EA" 
	  data-user-guest="Y" 
	  data-user-guest="Y" data-product-code="20075252_EA" 
	  data-delete-item="false"
	  aria-label="Add Kettle Chips to a List">
	  <span class="glyphicon glyphicon-th-list"></span>
	  <div class="list-cta-text  is-btn-animated">Add to List</div>
	</button>
	 
	<!-- this is the list HTML   -->
	<div class="save-to-list-popup  is-btn-animated animation-up dark" 
	  data-save-to-list-error="Can not get lists at this time. Please try again later."
	  data-product-name="Kettle Chips">
	  <div class="inner-container">
	  </div>
	  
	</div>
</div>

</div>
				</div>
			</div>


	<div class="module-plus-minus-buttons small hidden ">
			<button type="button" class="btn cart-change-qty" data-change-type="minus" data-auid="decrease-product-quantity" alt="Minus" aria-label="Minus">
				<span class="icon-minimize"></span>
			</button>
			<div class="plus-minus-input-wrapper">
				<input class="input-qty cart-change-qty" aria-label="Enter manual quantity" type="text" name="qty" title="Change quantity in cart"
							data-unit-type="ea"
							value="1ea" data-change-type="equals"
							maxlength="7">

						<span class="input-qty-pretty">
							<span class="input-qty-pretty-value">1</span>
							<span class="input-qty-pretty-unit"></span>
						</span>
					</div>

			<button type="button" class="btn cart-change-qty" data-change-type="plus" data-auid="increase-product-quantity" alt="Plus" aria-label="Plus">
				<span class="icon-plus-sign"></span>
			</button>

			<p class="deal-limit-reached hidden">Deal Limit Reached</p>

			<div class="tooltip-qty-error tooltip-qty-limit hidden">
				<p>
					Limit to
					&nbsp;
					999
					&nbsp;each&nbsp;
					per customer.</p>
			</div>
			<div class="tooltip-qty-error tooltip-round-error hidden">
				<p>
					We do not have this in the weight you wanted. We've rounded your order to the nearest weight increment we stock.</p>
			</div>
		</div>
	</form>

<!-- End Template: AddToCartSmall -->

</div>
</div>
<div class="item">
		









































	
	
		
		
		
		
			
		
	





























<div class="module-grocery-product quickview-simple  clicked" data-quickview-ajax-url="/p/21050575_EA/quickViewProduct" data-product-id="21050575_EA"  data-product-price="$2.97">
    
	
	
		<span class="subtitle"></span>
	

	<div class="product-page-hotspot">
	    <div class="product-cell quickview-button">
	  	    <div class="product-image ">
                
	  		    <img src="https://assets.shop.loblaws.ca/products/21050575/b1/en/front/21050575_front_a01.png" onerror="this.src='https://assets.shop.loblaws.ca/products/NoImage/b1/en/front/NoImage_front_a01_@2.png';" alt="Tortilla Chips, Restaurant style" />
                
	  			    
	  			        <span class="sticker deal">
	  				        <span class="deal-badge">
	  				            
	  			                
	  				            

	  				            <span class="module-deal-badge module-deal-badge-grid simple-save-unit "
	  						        data-deal-type="2 FOR $5.00"
	  						        data-ajax-promo-url="/simpleDeal/deals/product-tile?productCode=21050575_EA"
	  						        data-deal-id="21050575_EA">
	  						        <span class="deal-type">2 FOR $5.00</span>
	  						            








	<span class="deal-expiry">
		Exp. 12/19
	</span>

	  					                
	  				            </span>
	  			            </span>
	  		            </span>
	  			        
	  	            
	  	        
                
                    
                

	  		    

	  		    

	  		    

	  		    <div class="hover-text-container">
	  			    <button href="#" tabindex="0" class="hover-text " aria-label="Quick View for Tortilla Chips, Restaurant style.">Quick View</button>
	  		    </div>
	  	    </div>
	    </div>

	    <div class="product-in-cart">
	  	    <div class="wrapper-product-in-cart">
	  		    <span>
	  			    In Cart
	  		    </span>
	  	    </div>
	    </div>

	    <div class="product-info">
	  	    <div class="product-name-wrapper">
	  		    <a href="/Food/Pantry/Chips-%26-Salty-Snacks/Tortilla-Chips/Tostitos-Tortilla-Chips%2C-Restaurant-style/p/21050575_EA" class="product-name" aria-label="Product page for Tortilla Chips, Restaurant style" >
	  			    <span class="js-product-entry-brand">Tostitos&nbsp;</span>

	  			    

	  			    <span class="js-product-entry-name">Tortilla Chips, Restaurant style</span>

	  			    <span class="js-product-entry-size-detail">(275 g)</span>

	  		    </a>
	  	    </div>
	  	    
	  	    
	  		    
	  		    
	  			    



	
	
		
		<span class="ad-match-badge  hidden">Ad Match</span>
	

	  				
	  			        
	  					
	  				        
	  					
	  				
	  		    
	  	    

	  	    <div class="price">
			    <div class="price-wrapper no-discount  ">
				    <span class="reg-price  " aria-label="Regular Price: $2.97">
					    <span class="reg-price-text">$2.97</span>
					    
					    <sup class="reg-price-unit">ea</sup>
				    </span>
				    <span class="sale-price hidden" aria-label="Sale Price:">
					    <span class="sale-price-text"></span>
					    <sup class="sale-price-unit">ea</sup>
				    </span>
				    
				    <span class="secondary-price hidden">
					    
					    <span class="secondary-price-text" aria-label="Secondary Price:"></span>
				    </span>
			    </div>
	  	    </div>

	  	    <div class="qty">
	  		    <span class="reg-qty  ">
		
			
		  	
		  		<span class="sr-only">Sale Price Per Unit:</span>
        $1.08
        /
        100
        g
		  	
	  	
	</span>

	<span class="sale-qty hidden">
		
			
		  	
		  		<span class="sr-only">Sale Price Per Unit:</span>
        $1.08
        /
        100
        g
		  	
	  	
	</span>

	<span class="secondary-qty hidden">
		
	  	<span class="secondary-qty-text"></span>
	</span>
	  	    </div>
	    </div>


	    

	    
	</div>
	<form class="form-product  quickview-btn-simple"
	  data-product-id="21050575_EA"
	  data-min-qty="1.0"
	  data-max-qty="999.0"
	  data-unit-type="ea"
	  data-cart-qty="1"
	  data-default-qty="1"
	  novalidate="novalidate"
	  promoCode=""
	  promoNumber=""
	  data-is-customized="false"
	  data-cart-url="/cart/product/21050575_EA"
	  data-csrf-token="5582ec01-90c0-448b-b4f7-e2cf68d9f8a0"
	  data-is-weighted-product="false">

	<div class="module-add-to-cart " data-change-type="plus" data-auto-edit="true" data-auto-add="true"
		 data-cart-ajax-url="/cart/updateCart">
		<div class="wrapper-add-to-cart-btn">
					<div class="module-add-to-cart-button-small">
							<button type="button" class="btn btn-secondary btn-add-to-cart " data-auid="add-to-cart-button" data-has-pts-badge="false" aria-label="Add Tortilla Chips, Restaurant style to cart">
										<span class="icon-cart"></span>
										<span class="add-to-cart-text">
											Add</span>
									</button>
									<button type="button" class="btn btn-secondary btn-edit-cart hidden " aria-label="Edit Cart">
										<span class="qty-in-cart"></span>
										<span class="edit-cart-text">
											<spring code="product.edit.text" />"
										</span>
									</button>
								<div class="add-list-parent add-list-module  bottom-add-list-module ">
	<button class="btn btn-inline-link btn-save-to-list  dark is-btn-animated" 
	  data-login-url="/account/login?productCode=21050575_EA" 
	  data-ajax-url="/restful/lists/all?productCode=21050575_EA" 
	  data-user-guest="Y" 
	  data-user-guest="Y" data-product-code="21050575_EA" 
	  data-delete-item="false"
	  aria-label="Add Tortilla Chips, Restaurant style to a List">
	  <span class="glyphicon glyphicon-th-list"></span>
	  <div class="list-cta-text  is-btn-animated">Add to List</div>
	</button>
	 
	<!-- this is the list HTML   -->
	<div class="save-to-list-popup  is-btn-animated animation-up dark" 
	  data-save-to-list-error="Can not get lists at this time. Please try again later."
	  data-product-name="Tortilla Chips, Restaurant style">
	  <div class="inner-container">
	  </div>
	  
	</div>
</div>

</div>
				</div>
			</div>


	<div class="module-plus-minus-buttons small hidden ">
			<button type="button" class="btn cart-change-qty" data-change-type="minus" data-auid="decrease-product-quantity" alt="Minus" aria-label="Minus">
				<span class="icon-minimize"></span>
			</button>
			<div class="plus-minus-input-wrapper">
				<input class="input-qty cart-change-qty" aria-label="Enter manual quantity" type="text" name="qty" title="Change quantity in cart"
							data-unit-type="ea"
							value="1ea" data-change-type="equals"
							maxlength="7">

						<span class="input-qty-pretty">
							<span class="input-qty-pretty-value">1</span>
							<span class="input-qty-pretty-unit"></span>
						</span>
					</div>

			<button type="button" class="btn cart-change-qty" data-change-type="plus" data-auid="increase-product-quantity" alt="Plus" aria-label="Plus">
				<span class="icon-plus-sign"></span>
			</button>

			<p class="deal-limit-reached hidden">Deal Limit Reached</p>

			<div class="tooltip-qty-error tooltip-qty-limit hidden">
				<p>
					Limit to
					&nbsp;
					999
					&nbsp;each&nbsp;
					per customer.</p>
			</div>
			<div class="tooltip-qty-error tooltip-round-error hidden">
				<p>
					We do not have this in the weight you wanted. We've rounded your order to the nearest weight increment we stock.</p>
			</div>
		</div>
	</form>

<!-- End Template: AddToCartSmall -->

</div>
</div>
<div class="item">
		









































	
	
		
		
		
		
			
		
	





























<div class="module-grocery-product quickview-simple  clicked" data-quickview-ajax-url="/p/20763199_EA/quickViewProduct" data-product-id="20763199_EA"  data-product-price="$4.98">
    
	
	
		<span class="subtitle"></span>
	

	<div class="product-page-hotspot">
	    <div class="product-cell quickview-button">
	  	    <div class="product-image ">
                
	  		    <img src="https://assets.shop.loblaws.ca/products/20763199/b1/en/front/20763199_front_a01.png" onerror="this.src='https://assets.shop.loblaws.ca/products/NoImage/b1/en/front/NoImage_front_a01_@2.png';" alt="Tortilla Chips, Restaurant style" />
                
	  			    
	  			        <span class="sticker deal">
	  				        <span class="deal-badge">
	  				            
	  			                
	  				            

	  				            <span class="module-deal-badge module-deal-badge-grid simple-save-unit "
	  						        data-deal-type="2 FOR $8.76"
	  						        data-ajax-promo-url="/simpleDeal/deals/product-tile?productCode=20763199_EA"
	  						        data-deal-id="20763199_EA">
	  						        <span class="deal-type">2 FOR $8.76</span>
	  						            








	<span class="deal-expiry">
		Exp. 12/31
	</span>

	  					                
	  				            </span>
	  			            </span>
	  		            </span>
	  			        
	  	            
	  	        
                
                    
                

	  		    

	  		    

	  		    

	  		    <div class="hover-text-container">
	  			    <button href="#" tabindex="0" class="hover-text " aria-label="Quick View for Tortilla Chips, Restaurant style.">Quick View</button>
	  		    </div>
	  	    </div>
	    </div>

	    <div class="product-in-cart">
	  	    <div class="wrapper-product-in-cart">
	  		    <span>
	  			    In Cart
	  		    </span>
	  	    </div>
	    </div>

	    <div class="product-info">
	  	    <div class="product-name-wrapper">
	  		    <a href="/Food/Pantry/Chips-%26-Salty-Snacks/Potato-Chips/Tostitos-RESTAURANT-Tortilla-Chips%2C-Restaurant-style/p/20763199_EA" class="product-name" aria-label="Product page for Tortilla Chips, Restaurant style" >
	  			    <span class="js-product-entry-brand">Tostitos&nbsp;</span>

	  			    

	  			    <span class="js-product-entry-name">Tortilla Chips, Restaurant style</span>

	  			    <span class="js-product-entry-size-detail">(530 g)</span>

	  		    </a>
	  	    </div>
	  	    
	  	    
	  		    
	  		    
	  			    



	
	
		
		<span class="ad-match-badge  hidden">Ad Match</span>
	

	  				
	  			        
	  					
	  				        
	  					
	  				
	  		    
	  	    

	  	    <div class="price">
			    <div class="price-wrapper no-discount  ">
				    <span class="reg-price  " aria-label="Regular Price: $4.98">
					    <span class="reg-price-text">$4.98</span>
					    
					    <sup class="reg-price-unit">ea</sup>
				    </span>
				    <span class="sale-price hidden" aria-label="Sale Price:">
					    <span class="sale-price-text"></span>
					    <sup class="sale-price-unit">ea</sup>
				    </span>
				    
				    <span class="secondary-price hidden">
					    
					    <span class="secondary-price-text" aria-label="Secondary Price:"></span>
				    </span>
			    </div>
	  	    </div>

	  	    <div class="qty">
	  		    <span class="reg-qty  ">
		
			
		  	
		  		<span class="sr-only">Sale Price Per Unit:</span>
        $0.94
        /
        100
        g
		  	
	  	
	</span>

	<span class="sale-qty hidden">
		
			
		  	
		  		<span class="sr-only">Sale Price Per Unit:</span>
        $0.94
        /
        100
        g
		  	
	  	
	</span>

	<span class="secondary-qty hidden">
		
	  	<span class="secondary-qty-text"></span>
	</span>
	  	    </div>
	    </div>


	    

	    
	</div>
	<form class="form-product  quickview-btn-simple"
	  data-product-id="20763199_EA"
	  data-min-qty="1.0"
	  data-max-qty="999.0"
	  data-unit-type="ea"
	  data-cart-qty="1"
	  data-default-qty="1"
	  novalidate="novalidate"
	  promoCode=""
	  promoNumber=""
	  data-is-customized="false"
	  data-cart-url="/cart/product/20763199_EA"
	  data-csrf-token="5582ec01-90c0-448b-b4f7-e2cf68d9f8a0"
	  data-is-weighted-product="false">

	<div class="module-add-to-cart " data-change-type="plus" data-auto-edit="true" data-auto-add="true"
		 data-cart-ajax-url="/cart/updateCart">
		<div class="wrapper-add-to-cart-btn">
					<div class="module-add-to-cart-button-small">
							<button type="button" class="btn btn-secondary btn-add-to-cart " data-auid="add-to-cart-button" data-has-pts-badge="false" aria-label="Add Tortilla Chips, Restaurant style to cart">
										<span class="icon-cart"></span>
										<span class="add-to-cart-text">
											Add</span>
									</button>
									<button type="button" class="btn btn-secondary btn-edit-cart hidden " aria-label="Edit Cart">
										<span class="qty-in-cart"></span>
										<span class="edit-cart-text">
											<spring code="product.edit.text" />"
										</span>
									</button>
								<div class="add-list-parent add-list-module  bottom-add-list-module ">
	<button class="btn btn-inline-link btn-save-to-list  dark is-btn-animated" 
	  data-login-url="/account/login?productCode=20763199_EA" 
	  data-ajax-url="/restful/lists/all?productCode=20763199_EA" 
	  data-user-guest="Y" 
	  data-user-guest="Y" data-product-code="20763199_EA" 
	  data-delete-item="false"
	  aria-label="Add Tortilla Chips, Restaurant style to a List">
	  <span class="glyphicon glyphicon-th-list"></span>
	  <div class="list-cta-text  is-btn-animated">Add to List</div>
	</button>
	 
	<!-- this is the list HTML   -->
	<div class="save-to-list-popup  is-btn-animated animation-up dark" 
	  data-save-to-list-error="Can not get lists at this time. Please try again later."
	  data-product-name="Tortilla Chips, Restaurant style">
	  <div class="inner-container">
	  </div>
	  
	</div>
</div>

</div>
				</div>
			</div>


	<div class="module-plus-minus-buttons small hidden ">
			<button type="button" class="btn cart-change-qty" data-change-type="minus" data-auid="decrease-product-quantity" alt="Minus" aria-label="Minus">
				<span class="icon-minimize"></span>
			</button>
			<div class="plus-minus-input-wrapper">
				<input class="input-qty cart-change-qty" aria-label="Enter manual quantity" type="text" name="qty" title="Change quantity in cart"
							data-unit-type="ea"
							value="1ea" data-change-type="equals"
							maxlength="7">

						<span class="input-qty-pretty">
							<span class="input-qty-pretty-value">1</span>
							<span class="input-qty-pretty-unit"></span>
						</span>
					</div>

			<button type="button" class="btn cart-change-qty" data-change-type="plus" data-auid="increase-product-quantity" alt="Plus" aria-label="Plus">
				<span class="icon-plus-sign"></span>
			</button>

			<p class="deal-limit-reached hidden">Deal Limit Reached</p>

			<div class="tooltip-qty-error tooltip-qty-limit hidden">
				<p>
					Limit to
					&nbsp;
					999
					&nbsp;each&nbsp;
					per customer.</p>
			</div>
			<div class="tooltip-qty-error tooltip-round-error hidden">
				<p>
					We do not have this in the weight you wanted. We've rounded your order to the nearest weight increment we stock.</p>
			</div>
		</div>
	</form>

<!-- End Template: AddToCartSmall -->

</div>
</div>
<div class="item">
		






































	




	
	
		
		
		
		
			
		
	





























<div class="module-grocery-product quickview-simple  clicked" data-quickview-ajax-url="/p/20140411004_EA/quickViewProduct" data-product-id="20140411004_EA"  data-product-price="$3.98">
    
	
	
		<span class="subtitle"></span>
	

	<div class="product-page-hotspot">
	    <div class="product-cell quickview-button">
	  	    <div class="product-image ">
                
	  		    <img src="https://assets.shop.loblaws.ca/products/20140411004/b1/en/front/20140411004_front_a01.png" onerror="this.src='https://assets.shop.loblaws.ca/products/NoImage/b1/en/front/NoImage_front_a01_@2.png';" alt="Sweets & Beet" />
                
	  			    
	  			        <span class="sticker deal">
	  				        <span class="deal-badge">
	  				            
	  			                
	  				            

	  				            <span class="module-deal-badge module-deal-badge-grid simple-save-unit "
	  						        data-deal-type="$3.98 LIMIT 4"
	  						        data-ajax-promo-url="/simpleDeal/deals/product-tile?productCode=20140411004_EA"
	  						        data-deal-id="20140411004_EA">
	  						        <span class="deal-type">$3.98 LIMIT 4</span>
	  						            








	<span class="deal-expiry">
		Exp. 12/27
	</span>

	  					                
	  				            </span>
	  			            </span>
	  		            </span>
	  			        
	  	            
	  	        
                
                    
                

	  		    

	  		    

	  		    

	  		    <div class="hover-text-container">
	  			    <button href="#" tabindex="0" class="hover-text " aria-label="Quick View for Sweets & Beet.">Quick View</button>
	  		    </div>
	  	    </div>
	    </div>

	    <div class="product-in-cart">
	  	    <div class="wrapper-product-in-cart">
	  		    <span>
	  			    In Cart
	  		    </span>
	  	    </div>
	    </div>

	    <div class="product-info">
	  	    <div class="product-name-wrapper">
	  		    <a href="/Food/Pantry/Chips-%26-Salty-Snacks/Potato-Chips/Sweets-%26-Beet/p/20140411004_EA" class="product-name" aria-label="Product page for Sweets & Beet" >
	  			    <span class="js-product-entry-brand">Terra&nbsp;</span>

	  			    

	  			    <span class="js-product-entry-name">Sweets & Beet</span>

	  			    <span class="js-product-entry-size-detail">(170 g)</span>

	  		    </a>
	  	    </div>
	  	    
	  	    
	  		    
	  		    
	  			    



	
	
		
		<span class="ad-match-badge  hidden">Ad Match</span>
	

	  				
	  			        
	  					
	  				        
	  					
	  				
	  		    
	  	    

	  	    <div class="price">
			    <div class="price-wrapper no-discount promo-alert ">
				    <span class="reg-price  price-alert" aria-label="Regular Price: $3.98">
					    <span class="reg-price-text">$3.98</span>
					    
					    <sup class="reg-price-unit">ea</sup>
				    </span>
				    <span class="sale-price hidden" aria-label="Sale Price:">
					    <span class="sale-price-text"></span>
					    <sup class="sale-price-unit">ea</sup>
				    </span>
				    
				    <span class="secondary-price hidden">
					    
					    <span class="secondary-price-text" aria-label="Secondary Price:"></span>
				    </span>
			    </div>
	  	    </div>

	  	    <div class="qty">
	  		    <span class="reg-qty  price-alert">
		
			
		  	
		  		<span class="sr-only">Sale Price Per Unit:</span>
        $2.34
        /
        100
        g
		  	
	  	
	</span>

	<span class="sale-qty hidden">
		
			
		  	
		  		<span class="sr-only">Sale Price Per Unit:</span>
        $2.34
        /
        100
        g
		  	
	  	
	</span>

	<span class="secondary-qty hidden">
		
	  	<span class="secondary-qty-text"></span>
	</span>
	  	    </div>
	    </div>


	    

	    
	</div>
	<form class="form-product  quickview-btn-simple"
	  data-product-id="20140411004_EA"
	  data-min-qty="1.0"
	  data-max-qty="999.0"
	  data-unit-type="ea"
	  data-cart-qty="1"
	  data-default-qty="1"
	  novalidate="novalidate"
	  promoCode=""
	  promoNumber=""
	  data-is-customized="false"
	  data-cart-url="/cart/product/20140411004_EA"
	  data-csrf-token="5582ec01-90c0-448b-b4f7-e2cf68d9f8a0"
	  data-is-weighted-product="false">

	<div class="module-add-to-cart " data-change-type="plus" data-auto-edit="true" data-auto-add="true"
		 data-cart-ajax-url="/cart/updateCart">
		<div class="wrapper-add-to-cart-btn">
					<div class="module-add-to-cart-button-small">
							<button type="button" class="btn btn-secondary btn-add-to-cart " data-auid="add-to-cart-button" data-has-pts-badge="false" aria-label="Add Sweets & Beet to cart">
										<span class="icon-cart"></span>
										<span class="add-to-cart-text">
											Add</span>
									</button>
									<button type="button" class="btn btn-secondary btn-edit-cart hidden " aria-label="Edit Cart">
										<span class="qty-in-cart"></span>
										<span class="edit-cart-text">
											<spring code="product.edit.text" />"
										</span>
									</button>
								<div class="add-list-parent add-list-module  bottom-add-list-module ">
	<button class="btn btn-inline-link btn-save-to-list  dark is-btn-animated" 
	  data-login-url="/account/login?productCode=20140411004_EA" 
	  data-ajax-url="/restful/lists/all?productCode=20140411004_EA" 
	  data-user-guest="Y" 
	  data-user-guest="Y" data-product-code="20140411004_EA" 
	  data-delete-item="false"
	  aria-label="Add Sweets & Beet to a List">
	  <span class="glyphicon glyphicon-th-list"></span>
	  <div class="list-cta-text  is-btn-animated">Add to List</div>
	</button>
	 
	<!-- this is the list HTML   -->
	<div class="save-to-list-popup  is-btn-animated animation-up dark" 
	  data-save-to-list-error="Can not get lists at this time. Please try again later."
	  data-product-name="Sweets & Beet">
	  <div class="inner-container">
	  </div>
	  
	</div>
</div>

</div>
				</div>
			</div>


	<div class="module-plus-minus-buttons small hidden ">
			<button type="button" class="btn cart-change-qty" data-change-type="minus" data-auid="decrease-product-quantity" alt="Minus" aria-label="Minus">
				<span class="icon-minimize"></span>
			</button>
			<div class="plus-minus-input-wrapper">
				<input class="input-qty cart-change-qty" aria-label="Enter manual quantity" type="text" name="qty" title="Change quantity in cart"
							data-unit-type="ea"
							value="1ea" data-change-type="equals"
							maxlength="7">

						<span class="input-qty-pretty">
							<span class="input-qty-pretty-value">1</span>
							<span class="input-qty-pretty-unit"></span>
						</span>
					</div>

			<button type="button" class="btn cart-change-qty" data-change-type="plus" data-auid="increase-product-quantity" alt="Plus" aria-label="Plus">
				<span class="icon-plus-sign"></span>
			</button>

			<p class="deal-limit-reached hidden">Deal Limit Reached</p>

			<div class="tooltip-qty-error tooltip-qty-limit hidden">
				<p>
					Limit to
					&nbsp;
					999
					&nbsp;each&nbsp;
					per customer.</p>
			</div>
			<div class="tooltip-qty-error tooltip-round-error hidden">
				<p>
					We do not have this in the weight you wanted. We've rounded your order to the nearest weight increment we stock.</p>
			</div>
		</div>
	</form>

<!-- End Template: AddToCartSmall -->

</div>
</div>
